symbol,side,size,price,timestamp
ETH,SELL,0.0196,505657.000,2024-07-14 21:02:41.321
ETH,BUY,0.0060,506300.000,2024-07-14 21:08:01.126
ETH,BUY,0.3940,506346.000,2024-07-14 21:08:01.126
ETH,BUY,0.0100,506500.000,2024-07-14 21:09:12.042
ETH,BUY,0.1900,506500.000,2024-07-14 21:09:12.042
ETH,BUY,0.6500,506500.000,2024-07-14 21:09:16.518
ETH,BUY,0.2000,506500.000,2024-07-14 21:09:34.509
ETH,BUY,0.2000,506500.000,2024-07-14 21:09:34.510
ETH,BUY,0.2000,506500.000,2024-07-14 21:09:36.481
ETH,BUY,0.0600,506500.000,2024-07-14 21:09:36.520
ETH,BUY,0.0100,506600.000,2024-07-14 21:09:36.520
ETH,BUY,0.1300,506886.000,2024-07-14 21:09:36.520
ETH,BUY,0.3140,507055.000,2024-07-14 21:09:51.488
ETH,BUY,1.0000,507002.000,2024-07-14 21:10:41.452
ETH,BUY,1.0000,507324.000,2024-07-14 21:11:34.946
ETH,BUY,0.0400,507500.000,2024-07-14 21:20:34.367
ETH,BUY,0.1600,507670.000,2024-07-14 21:20:34.367
ETH,BUY,0.0400,507670.000,2024-07-14 21:20:34.680
ETH,BUY,0.1600,507700.000,2024-07-14 21:20:34.680
ETH,BUY,0.2000,507700.000,2024-07-14 21:20:36.674
ETH,BUY,0.2000,507700.000,2024-07-14 21:20:37.096
ETH,BUY,0.2000,507700.000,2024-07-14 21:20:39.082
ETH,BUY,0.2000,507700.000,2024-07-14 21:20:39.277
ETH,BUY,0.0400,507700.000,2024-07-14 21:21:07.725
ETH,BUY,0.0600,507719.000,2024-07-14 21:21:07.725
ETH,BUY,0.4000,507719.000,2024-07-14 21:21:08.420
ETH,BUY,0.2000,508061.000,2024-07-14 21:21:09.824
ETH,BUY,0.2000,508102.000,2024-07-14 21:21:16.062
ETH,BUY,0.2000,508126.000,2024-07-14 21:21:17.545
ETH,BUY,0.6236,508126.000,2024-07-14 21:21:17.800
ETH,BUY,0.2000,508356.000,2024-07-14 21:21:19.651
ETH,BUY,0.2900,508949.000,2024-07-14 21:22:06.457
ETH,BUY,0.7100,508973.000,2024-07-14 21:22:06.457
ETH,SELL,1.3200,508718.000,2024-07-14 21:22:44.458
ETH,BUY,0.3112,508845.000,2024-07-14 21:22:48.182
ETH,SELL,1.0000,509064.000,2024-07-14 21:23:02.017
ETH,BUY,0.0344,509200.000,2024-07-14 21:23:07.768
ETH,BUY,0.0400,509200.000,2024-07-14 21:23:07.768
ETH,BUY,0.1256,509201.000,2024-07-14 21:23:07.768
ETH,BUY,0.0100,509242.000,2024-07-14 21:23:44.172
ETH,BUY,0.1900,509242.000,2024-07-14 21:23:44.172
ETH,BUY,0.0300,509500.000,2024-07-14 21:23:49.792
ETH,BUY,0.0600,509501.000,2024-07-14 21:23:49.792
ETH,BUY,0.3120,509500.000,2024-07-14 21:23:50.107
ETH,BUY,0.2000,509500.000,2024-07-14 21:23:50.242
ETH,BUY,0.0431,509494.000,2024-07-14 21:23:52.662
ETH,BUY,0.0100,510000.000,2024-07-14 21:23:56.073
ETH,BUY,0.0382,510000.000,2024-07-14 21:23:56.073
ETH,BUY,0.0596,510000.000,2024-07-14 21:23:56.486
ETH,BUY,0.1022,510000.000,2024-07-14 21:23:57.823
ETH,BUY,0.0300,510000.000,2024-07-14 21:23:57.823
ETH,BUY,0.1675,510000.000,2024-07-14 21:23:57.823
ETH,BUY,0.2325,510000.000,2024-07-14 21:23:58.226
ETH,BUY,0.0100,510000.000,2024-07-14 21:23:58.226
ETH,BUY,0.0100,510000.000,2024-07-14 21:23:58.226
ETH,BUY,0.0100,510000.000,2024-07-14 21:23:58.226
ETH,BUY,0.0200,510000.000,2024-07-14 21:23:58.226
ETH,BUY,0.1000,510000.000,2024-07-14 21:23:58.226
ETH,BUY,0.1450,510000.000,2024-07-14 21:23:58.226
ETH,BUY,1.2300,510000.000,2024-07-14 21:23:58.226
ETH,BUY,0.2425,510064.000,2024-07-14 21:23:58.226
ETH,BUY,0.0431,510296.000,2024-07-14 21:24:09.547
ETH,BUY,0.8900,510296.000,2024-07-14 21:24:22.474
ETH,SELL,0.2000,510295.000,2024-07-14 21:24:23.801
ETH,BUY,0.0669,510296.000,2024-07-14 21:24:52.200
ETH,BUY,0.0100,510417.000,2024-07-14 21:24:52.200
ETH,BUY,0.2335,510568.000,2024-07-14 21:24:52.200
ETH,BUY,0.3120,510568.000,2024-07-14 21:24:52.386
ETH,BUY,0.0400,510900.000,2024-07-14 21:25:35.310
ETH,BUY,0.0400,511500.000,2024-07-14 21:25:35.310
ETH,BUY,0.0132,511500.000,2024-07-14 21:25:35.310
ETH,BUY,0.0068,511519.000,2024-07-14 21:25:35.310
ETH,BUY,1.0000,511537.000,2024-07-14 21:25:45.421
ETH,SELL,1.0000,511671.000,2024-07-14 21:27:46.188
ETH,SELL,0.1000,511147.000,2024-07-14 21:29:40.375
ETH,SELL,0.0992,511002.000,2024-07-14 21:29:56.551
ETH,SELL,0.3000,511002.000,2024-07-14 21:29:57.095
ETH,SELL,0.0663,511002.000,2024-07-14 21:29:57.550
ETH,SELL,0.0100,511000.000,2024-07-14 21:29:57.923
ETH,SELL,0.1900,510301.000,2024-07-14 21:29:57.923
ETH,SELL,0.3310,510301.000,2024-07-14 21:29:57.973
ETH,SELL,0.0100,510301.000,2024-07-14 21:29:58.034
ETH,SELL,0.0100,510301.000,2024-07-14 21:29:58.246
ETH,SELL,0.2000,510301.000,2024-07-14 21:29:58.306
ETH,BUY,0.2000,510805.000,2024-07-14 21:31:40.031
ETH,SELL,0.0198,510551.000,2024-07-14 21:32:21.948
ETH,SELL,0.2000,510305.000,2024-07-14 21:36:37.632
ETH,SELL,0.5000,510301.000,2024-07-14 21:36:38.497
ETH,BUY,1.0000,511000.000,2024-07-14 21:37:51.939
ETH,BUY,0.4900,511036.000,2024-07-14 21:37:51.939
ETH,BUY,0.2550,511036.000,2024-07-14 21:37:58.833
ETH,BUY,0.2000,511036.000,2024-07-14 21:37:59.478
ETH,BUY,0.0550,511036.000,2024-07-14 21:38:00.079
ETH,BUY,0.2000,511150.000,2024-07-14 21:38:01.599
ETH,BUY,0.1000,511166.000,2024-07-14 21:38:02.825
ETH,BUY,0.0400,511344.000,2024-07-14 21:38:13.258
ETH,BUY,0.0100,511358.000,2024-07-14 21:38:18.900
ETH,SELL,0.2000,511205.000,2024-07-14 21:39:12.052
ETH,SELL,1.0000,511201.000,2024-07-14 21:39:12.052
ETH,SELL,0.7728,511002.000,2024-07-14 21:39:12.052
ETH,BUY,0.2100,510899.000,2024-07-14 21:39:13.320
ETH,BUY,0.3951,510899.000,2024-07-14 21:39:14.261
ETH,BUY,0.0140,511000.000,2024-07-14 21:39:50.885
ETH,BUY,0.0132,511000.000,2024-07-14 21:40:29.363
ETH,BUY,0.0500,511728.000,2024-07-14 21:46:29.066
ETH,BUY,0.0499,511798.000,2024-07-14 21:46:29.688
ETH,SELL,0.0200,511874.000,2024-07-14 21:48:07.482
ETH,BUY,0.0100,512000.000,2024-07-14 21:48:33.455
ETH,BUY,0.1000,512000.000,2024-07-14 21:48:33.455
ETH,BUY,0.1000,512000.000,2024-07-14 21:48:33.455
ETH,BUY,1.0000,512149.000,2024-07-14 21:48:33.455
ETH,BUY,0.7900,512421.000,2024-07-14 21:48:33.455
ETH,SELL,0.0100,512430.000,2024-07-14 21:49:36.901
ETH,BUY,0.0400,512600.000,2024-07-14 21:50:15.372
ETH,BUY,1.0000,512900.000,2024-07-14 21:50:15.372
ETH,BUY,0.9600,513016.000,2024-07-14 21:50:15.372
ETH,BUY,1.0000,512997.000,2024-07-14 21:50:21.296
ETH,BUY,0.0100,513061.000,2024-07-14 21:50:21.296
ETH,BUY,0.3636,513126.000,2024-07-14 21:50:21.296
ETH,BUY,0.6264,513126.000,2024-07-14 21:50:21.296
ETH,SELL,0.0100,513008.000,2024-07-14 21:50:27.153
ETH,BUY,1.0000,513224.000,2024-07-14 21:50:29.960
ETH,BUY,0.5911,513473.000,2024-07-14 21:50:29.960
ETH,BUY,0.4089,513474.000,2024-07-14 21:50:29.960
ETH,BUY,0.7728,513370.000,2024-07-14 21:50:38.335
ETH,BUY,0.6900,513445.000,2024-07-14 21:51:10.163
ETH,BUY,0.0486,513343.000,2024-07-14 21:52:17.105
ETH,BUY,0.0514,513474.000,2024-07-14 21:52:17.105
ETH,SELL,0.0716,513196.000,2024-07-14 21:53:02.797
ETH,SELL,0.0200,513181.000,2024-07-14 21:53:07.017
ETH,SELL,0.2000,513270.000,2024-07-14 21:55:08.039
ETH,BUY,4.0000,513358.000,2024-07-14 21:55:26.498
ETH,BUY,1.8300,513416.000,2024-07-14 21:55:26.498
ETH,BUY,6.7600,513445.000,2024-07-14 21:55:26.498
ETH,SELL,0.0197,513478.000,2024-07-14 21:55:34.215
ETH,SELL,1.0000,513491.000,2024-07-14 21:55:53.019
ETH,BUY,0.0491,513500.000,2024-07-14 21:56:14.648
ETH,BUY,0.0500,513500.000,2024-07-14 21:56:14.829
ETH,BUY,0.0207,513500.000,2024-07-14 21:57:55.261
ETH,BUY,0.1302,513500.000,2024-07-14 21:58:13.874
ETH,BUY,0.0100,513695.000,2024-07-14 21:59:09.914
ETH,BUY,1.9900,513701.000,2024-07-14 21:59:09.914
ETH,BUY,0.0100,513701.000,2024-07-14 21:59:12.421
ETH,BUY,0.2000,513701.000,2024-07-14 21:59:34.116
ETH,SELL,0.0624,513700.000,2024-07-14 21:59:35.761
ETH,BUY,0.2000,513701.000,2024-07-14 21:59:35.763
ETH,BUY,0.0381,513701.000,2024-07-14 21:59:35.875
ETH,BUY,0.1119,513701.000,2024-07-14 21:59:35.876
ETH,BUY,0.2506,513783.000,2024-07-14 21:59:35.876
ETH,BUY,0.2000,513783.000,2024-07-14 21:59:36.224
ETH,BUY,0.5494,513783.000,2024-07-14 21:59:36.686
ETH,BUY,0.0400,514000.000,2024-07-14 21:59:37.854
ETH,BUY,0.0900,514000.000,2024-07-14 21:59:37.854
ETH,BUY,0.0700,514000.000,2024-07-14 21:59:37.854
ETH,BUY,0.6100,514000.000,2024-07-14 21:59:37.897
ETH,SELL,0.0751,514355.000,2024-07-14 21:59:40.926
ETH,SELL,0.0100,514355.000,2024-07-14 21:59:43.557
ETH,BUY,0.6100,514716.000,2024-07-14 22:00:01.883
ETH,BUY,0.2400,514721.000,2024-07-14 22:00:01.883
ETH,BUY,0.0700,514700.000,2024-07-14 22:00:04.801
ETH,BUY,0.2564,514725.000,2024-07-14 22:00:09.853
ETH,SELL,0.0242,514949.000,2024-07-14 22:00:20.628
ETH,SELL,1.0000,514895.000,2024-07-14 22:00:32.573
ETH,SELL,0.2000,514926.000,2024-07-14 22:00:54.756
ETH,SELL,0.2000,514981.000,2024-07-14 22:01:02.746
ETH,SELL,0.2000,514981.000,2024-07-14 22:01:03.207
ETH,SELL,0.0999,514981.000,2024-07-14 22:01:04.283
ETH,SELL,0.1000,514930.000,2024-07-14 22:01:23.223
ETH,SELL,0.0878,514956.000,2024-07-14 22:01:32.086
ETH,BUY,0.0100,514994.000,2024-07-14 22:01:33.461
ETH,BUY,0.0100,515000.000,2024-07-14 22:01:33.461
ETH,BUY,0.0800,515000.000,2024-07-14 22:01:33.461
ETH,SELL,0.1000,514960.000,2024-07-14 22:01:33.885
ETH,SELL,0.0505,514958.000,2024-07-14 22:01:33.885
ETH,SELL,0.0495,514957.000,2024-07-14 22:01:33.885
ETH,BUY,0.0100,514994.000,2024-07-14 22:01:35.947
ETH,SELL,0.2000,514825.000,2024-07-14 22:01:39.257
ETH,BUY,0.1000,514826.000,2024-07-14 22:01:39.689
ETH,SELL,0.2000,514825.000,2024-07-14 22:01:41.478
ETH,SELL,0.2000,514730.000,2024-07-14 22:01:43.592
ETH,SELL,0.1000,514724.000,2024-07-14 22:01:49.109
ETH,SELL,0.1394,514724.000,2024-07-14 22:01:49.850
ETH,SELL,0.0155,514724.000,2024-07-14 22:01:49.850
ETH,SELL,0.0451,514375.000,2024-07-14 22:01:49.850
ETH,BUY,0.1100,515000.000,2024-07-14 22:03:10.287
ETH,BUY,0.4400,515000.000,2024-07-14 22:03:13.355
ETH,BUY,0.0300,515000.000,2024-07-14 22:03:13.355
ETH,BUY,1.0000,515353.000,2024-07-14 22:03:22.349
ETH,SELL,0.2000,515619.000,2024-07-14 22:03:52.875
ETH,SELL,0.2000,515619.000,2024-07-14 22:03:52.964
ETH,BUY,0.1000,515630.000,2024-07-14 22:03:56.074
ETH,SELL,0.6000,515627.000,2024-07-14 22:04:05.881
ETH,SELL,0.4000,515520.000,2024-07-14 22:04:05.881
ETH,SELL,0.6500,515656.000,2024-07-14 22:05:09.781
ETH,SELL,0.6390,515571.000,2024-07-14 22:06:10.724
ETH,SELL,0.3610,515570.000,2024-07-14 22:06:10.724
ETH,SELL,1.0000,515318.000,2024-07-14 22:06:34.033
ETH,SELL,0.1010,515318.000,2024-07-14 22:06:34.126
ETH,BUY,0.0106,515657.000,2024-07-14 22:07:36.720
ETH,BUY,0.8394,515980.000,2024-07-14 22:07:36.720
ETH,SELL,0.2000,515945.000,2024-07-14 22:08:05.148
ETH,SELL,0.8394,515941.000,2024-07-14 22:08:05.148
ETH,SELL,0.2000,515598.000,2024-07-14 22:08:05.618
ETH,SELL,0.2000,515598.000,2024-07-14 22:08:05.650
ETH,BUY,0.0136,515771.000,2024-07-14 22:08:12.519
ETH,SELL,0.1000,515555.000,2024-07-14 22:08:23.104
ETH,SELL,0.1000,515315.000,2024-07-14 22:08:44.226
ETH,SELL,0.2000,515616.000,2024-07-14 22:12:30.140
ETH,SELL,0.0095,515616.000,2024-07-14 22:12:30.268
ETH,SELL,0.1905,515524.000,2024-07-14 22:12:30.268
ETH,BUY,0.7900,515356.000,2024-07-14 22:12:55.056
ETH,BUY,0.2100,515356.000,2024-07-14 22:12:55.185
ETH,BUY,0.1864,515359.000,2024-07-14 22:12:55.185
ETH,SELL,0.1000,515305.000,2024-07-14 22:13:29.699
ETH,SELL,0.0300,515305.000,2024-07-14 22:13:29.699
ETH,SELL,0.0999,515305.000,2024-07-14 22:13:30.135
ETH,SELL,0.9000,515305.000,2024-07-14 22:13:30.286
ETH,SELL,0.1000,515305.000,2024-07-14 22:13:30.482
ETH,SELL,0.2000,515305.000,2024-07-14 22:13:30.843
ETH,SELL,0.1000,515305.000,2024-07-14 22:13:30.952
ETH,SELL,0.0100,515000.000,2024-07-14 22:13:31.297
ETH,SELL,0.0900,514987.000,2024-07-14 22:13:31.297
ETH,SELL,0.2000,514987.000,2024-07-14 22:13:31.512
ETH,BUY,1.0000,515010.000,2024-07-14 22:13:33.112
ETH,BUY,0.2000,515035.000,2024-07-14 22:13:33.112
ETH,BUY,0.1200,515088.000,2024-07-14 22:13:33.112
ETH,BUY,0.3000,515090.000,2024-07-14 22:13:33.112
ETH,BUY,2.3800,515127.000,2024-07-14 22:13:33.112
ETH,SELL,0.3489,514987.000,2024-07-14 22:13:33.257
ETH,SELL,0.5829,514869.000,2024-07-14 22:13:33.954
ETH,SELL,0.2000,514869.000,2024-07-14 22:13:34.023
ETH,SELL,0.2171,514869.000,2024-07-14 22:13:34.193
ETH,SELL,0.0829,514565.000,2024-07-14 22:13:34.193
ETH,SELL,0.0100,514565.000,2024-07-14 22:13:34.338
ETH,SELL,0.1000,514565.000,2024-07-14 22:13:34.442
ETH,SELL,0.0100,514565.000,2024-07-14 22:13:34.576
ETH,SELL,0.0200,514566.000,2024-07-14 22:13:37.154
ETH,SELL,0.1000,514538.000,2024-07-14 22:13:38.326
ETH,SELL,0.4381,514468.000,2024-07-14 22:13:41.647
ETH,SELL,0.0100,514468.000,2024-07-14 22:13:41.757
ETH,SELL,0.2000,514468.000,2024-07-14 22:13:42.258
ETH,SELL,0.4000,514074.000,2024-07-14 22:13:44.730
ETH,SELL,0.0100,514074.000,2024-07-14 22:13:44.925
ETH,SELL,1.0000,514169.000,2024-07-14 22:13:50.471
ETH,SELL,0.2200,513862.000,2024-07-14 22:13:50.978
ETH,BUY,0.0193,514000.000,2024-07-14 22:14:00.938
ETH,SELL,0.1000,513879.000,2024-07-14 22:15:37.950
ETH,BUY,0.0100,513514.000,2024-07-14 22:16:08.322
ETH,SELL,1.0000,513581.000,2024-07-14 22:16:23.288
ETH,SELL,0.6400,513449.000,2024-07-14 22:16:23.288
ETH,BUY,0.0100,513580.000,2024-07-14 22:16:25.578
ETH,SELL,0.1000,513153.000,2024-07-14 22:17:24.666
ETH,BUY,0.1000,513370.000,2024-07-14 22:18:31.091
ETH,BUY,0.2000,513646.000,2024-07-14 22:18:41.459
ETH,BUY,0.0100,513500.000,2024-07-14 22:18:54.798
ETH,BUY,0.0100,513655.000,2024-07-14 22:19:05.992
ETH,SELL,0.0100,513565.000,2024-07-14 22:19:18.362
ETH,BUY,0.1000,513509.000,2024-07-14 22:20:24.581
ETH,BUY,0.0500,513265.000,2024-07-14 22:21:00.529
ETH,BUY,0.0200,513270.000,2024-07-14 22:21:20.866
ETH,BUY,0.0200,513148.000,2024-07-14 22:21:36.871
ETH,SELL,0.0100,513165.000,2024-07-14 22:22:49.133
ETH,BUY,0.2103,513470.000,2024-07-14 22:25:36.280
ETH,BUY,0.1300,514323.000,2024-07-14 22:26:56.280
ETH,BUY,0.0100,514769.000,2024-07-14 22:27:09.745
ETH,BUY,0.1000,514905.000,2024-07-14 22:27:10.177
ETH,BUY,0.1000,514687.000,2024-07-14 22:30:45.787
ETH,BUY,1.0000,514833.000,2024-07-14 22:31:08.547
ETH,BUY,0.2200,514838.000,2024-07-14 22:31:08.547
ETH,BUY,0.2600,514869.000,2024-07-14 22:31:08.547
ETH,BUY,0.1400,514804.000,2024-07-14 22:31:21.100
ETH,BUY,0.0100,514692.000,2024-07-14 22:31:25.937
ETH,SELL,0.2000,514261.000,2024-07-14 22:34:13.090
ETH,SELL,0.2695,513991.000,2024-07-14 22:34:45.557
ETH,BUY,0.0416,513973.000,2024-07-14 22:36:32.613
ETH,BUY,0.0300,513991.000,2024-07-14 22:36:32.613
ETH,BUY,0.0007,514150.000,2024-07-14 22:36:35.436
ETH,BUY,0.0409,514158.000,2024-07-14 22:36:35.436
ETH,SELL,0.1000,514022.000,2024-07-14 22:37:19.258
ETH,SELL,0.1000,513991.000,2024-07-14 22:37:31.523
ETH,BUY,0.0200,514000.000,2024-07-14 22:37:35.189
ETH,SELL,0.2000,513991.000,2024-07-14 22:37:55.808
ETH,SELL,0.2000,513991.000,2024-07-14 22:37:57.937
ETH,SELL,0.2000,513991.000,2024-07-14 22:38:00.079
ETH,SELL,0.2000,513991.000,2024-07-14 22:38:02.245
ETH,SELL,0.1000,513991.000,2024-07-14 22:38:06.382
ETH,SELL,0.2268,513991.000,2024-07-14 22:38:07.401
ETH,SELL,0.0180,513991.000,2024-07-14 22:38:37.613
ETH,SELL,0.7681,513991.000,2024-07-14 22:38:49.396
ETH,SELL,1.5921,513991.000,2024-07-14 22:38:49.659
ETH,SELL,0.0355,513991.000,2024-07-14 22:38:49.753
ETH,SELL,0.0173,513991.000,2024-07-14 22:38:58.221
ETH,SELL,0.0455,513991.000,2024-07-14 22:39:06.238
ETH,SELL,0.0290,513991.000,2024-07-14 22:39:21.135
ETH,SELL,0.1322,513991.000,2024-07-14 22:39:27.712
ETH,BUY,0.0390,513992.000,2024-07-14 22:39:28.167
ETH,SELL,0.5000,513991.000,2024-07-14 22:39:31.670
ETH,SELL,0.5000,513991.000,2024-07-14 22:39:31.945
ETH,SELL,0.0458,513991.000,2024-07-14 22:39:32.353
ETH,SELL,0.0181,513991.000,2024-07-14 22:39:32.832
ETH,SELL,0.2000,513801.000,2024-07-14 22:39:43.856
ETH,SELL,0.1000,513801.000,2024-07-14 22:39:46.379
ETH,SELL,0.0100,513801.000,2024-07-14 22:39:55.190
ETH,SELL,0.2000,513801.000,2024-07-14 22:39:57.665
ETH,SELL,0.1000,513801.000,2024-07-14 22:39:58.325
ETH,SELL,0.2000,513801.000,2024-07-14 22:40:07.730
ETH,BUY,0.6278,513802.000,2024-07-14 22:41:03.824
ETH,BUY,0.3722,513802.000,2024-07-14 22:41:03.824
ETH,SELL,0.1900,513801.000,2024-07-14 22:41:11.112
ETH,SELL,0.0100,513801.000,2024-07-14 22:41:11.112
ETH,BUY,0.5000,513802.000,2024-07-14 22:43:08.825
ETH,BUY,0.1800,513802.000,2024-07-14 22:44:19.615
ETH,BUY,0.0100,513802.000,2024-07-14 22:44:41.340
ETH,BUY,0.0100,513802.000,2024-07-14 22:44:54.597
ETH,BUY,0.1000,513802.000,2024-07-14 22:45:55.418
ETH,BUY,0.3280,513802.000,2024-07-14 22:47:45.278
ETH,BUY,0.2000,513805.000,2024-07-14 22:47:45.278
ETH,BUY,0.0720,513908.000,2024-07-14 22:47:45.278
ETH,BUY,1.0000,513875.000,2024-07-14 22:47:50.752
ETH,BUY,0.0180,513967.000,2024-07-14 22:49:43.028
ETH,BUY,0.0100,513951.000,2024-07-14 22:50:29.687
ETH,BUY,0.1400,513962.000,2024-07-14 22:50:29.687
ETH,BUY,0.0100,513958.000,2024-07-14 22:50:31.953
ETH,BUY,0.0100,514604.000,2024-07-14 22:52:08.972
ETH,BUY,0.5000,514605.000,2024-07-14 22:53:23.955
ETH,BUY,0.5000,514605.000,2024-07-14 22:53:31.535
ETH,BUY,0.0110,514633.000,2024-07-14 22:55:02.029
ETH,BUY,0.0130,514663.000,2024-07-14 22:57:30.161
ETH,BUY,0.3900,514634.000,2024-07-14 22:58:56.190
ETH,SELL,1.0000,514755.000,2024-07-14 23:01:46.842
ETH,BUY,0.2913,514605.000,2024-07-14 23:02:39.832
ETH,BUY,0.5000,514605.000,2024-07-14 23:04:44.928
ETH,BUY,0.1267,514651.000,2024-07-14 23:06:41.033
ETH,BUY,0.1360,515072.000,2024-07-14 23:10:17.564
ETH,BUY,0.0100,515150.000,2024-07-14 23:10:41.957
ETH,BUY,0.0440,515178.000,2024-07-14 23:10:41.957
ETH,BUY,0.0100,515221.000,2024-07-14 23:10:45.011
ETH,SELL,0.2097,515073.000,2024-07-14 23:11:15.185
ETH,SELL,0.8254,515043.000,2024-07-14 23:11:15.185
ETH,SELL,0.2249,514919.000,2024-07-14 23:11:15.185
ETH,BUY,0.0500,515523.000,2024-07-14 23:14:58.319
ETH,SELL,0.0200,516184.000,2024-07-14 23:16:48.877
ETH,SELL,0.1000,516011.000,2024-07-14 23:17:46.757
ETH,BUY,0.3500,516725.000,2024-07-14 23:21:04.173
ETH,SELL,0.1000,516908.000,2024-07-14 23:21:53.396
ETH,BUY,0.0100,516909.000,2024-07-14 23:23:21.376
ETH,BUY,0.0500,517000.000,2024-07-14 23:23:21.376
ETH,BUY,0.0100,517000.000,2024-07-14 23:23:21.376
ETH,BUY,0.1000,517000.000,2024-07-14 23:23:21.376
ETH,BUY,0.0300,517000.000,2024-07-14 23:23:21.376
ETH,BUY,0.0700,517000.000,2024-07-14 23:23:59.244
ETH,BUY,0.0122,517315.000,2024-07-14 23:24:41.810
ETH,BUY,0.3200,517622.000,2024-07-14 23:25:00.219
ETH,BUY,0.0100,517640.000,2024-07-14 23:25:00.219
ETH,BUY,0.0100,517668.000,2024-07-14 23:25:03.949
ETH,BUY,0.0100,517653.000,2024-07-14 23:25:26.679
ETH,BUY,0.0100,517755.000,2024-07-14 23:25:28.960
ETH,BUY,0.0156,517662.000,2024-07-14 23:25:55.830
ETH,BUY,1.2729,517667.000,2024-07-14 23:25:55.830
ETH,BUY,0.8254,517675.000,2024-07-14 23:25:55.830
ETH,BUY,0.0156,517676.000,2024-07-14 23:25:59.946
ETH,SELL,0.1133,517675.000,2024-07-14 23:26:01.755
ETH,SELL,0.9900,517675.000,2024-07-14 23:26:01.820
ETH,BUY,0.0100,517676.000,2024-07-14 23:26:43.027
ETH,SELL,0.0227,517675.000,2024-07-14 23:27:14.690
ETH,SELL,0.1773,517675.000,2024-07-14 23:27:16.627
ETH,BUY,0.9900,517676.000,2024-07-14 23:27:21.052
ETH,SELL,0.0470,517676.000,2024-07-14 23:27:23.448
ETH,SELL,0.0058,517676.000,2024-07-14 23:27:24.353
ETH,SELL,0.1850,517659.000,2024-07-14 23:27:24.353
ETH,SELL,0.0151,517659.000,2024-07-14 23:27:27.739
ETH,SELL,0.0085,517659.000,2024-07-14 23:27:27.874
ETH,SELL,0.0100,517659.000,2024-07-14 23:27:27.874
ETH,BUY,0.0190,517634.000,2024-07-14 23:27:44.750
ETH,BUY,0.0190,516838.000,2024-07-14 23:27:53.943
ETH,BUY,1.0000,516769.000,2024-07-14 23:30:08.903
ETH,BUY,0.8600,516749.000,2024-07-14 23:33:33.013
ETH,BUY,0.8100,516817.000,2024-07-14 23:33:51.976
ETH,BUY,0.0100,517284.000,2024-07-14 23:34:22.031
ETH,BUY,0.0100,517334.000,2024-07-14 23:34:25.040
ETH,SELL,0.0400,517296.000,2024-07-14 23:34:25.166
ETH,SELL,0.9600,517034.000,2024-07-14 23:34:25.166
ETH,BUY,0.0100,517312.000,2024-07-14 23:35:00.279
ETH,BUY,0.9900,517386.000,2024-07-14 23:35:00.279
ETH,BUY,1.0000,517531.000,2024-07-14 23:35:00.279
ETH,BUY,0.0100,517563.000,2024-07-14 23:35:03.936
ETH,BUY,0.0500,517563.000,2024-07-14 23:35:04.166
ETH,BUY,0.0500,517095.000,2024-07-14 23:36:11.632
ETH,BUY,0.0230,517340.000,2024-07-14 23:37:19.780
ETH,BUY,0.0100,517289.000,2024-07-14 23:38:16.381
ETH,BUY,0.9900,517343.000,2024-07-14 23:38:16.381
ETH,BUY,0.0100,517385.000,2024-07-14 23:38:18.930
ETH,BUY,0.0303,517255.000,2024-07-14 23:41:23.223
ETH,BUY,0.1697,517285.000,2024-07-14 23:41:23.223
ETH,BUY,0.0303,517290.000,2024-07-14 23:41:25.998
ETH,BUY,0.0100,517248.000,2024-07-14 23:42:07.524
ETH,BUY,0.0100,517273.000,2024-07-14 23:42:10.421
ETH,BUY,0.0100,517137.000,2024-07-14 23:45:00.327
ETH,BUY,0.0400,517143.000,2024-07-14 23:45:00.327
ETH,BUY,0.0100,517122.000,2024-07-14 23:45:07.929
ETH,BUY,0.0900,517119.000,2024-07-14 23:45:11.256
ETH,BUY,0.0400,516769.000,2024-07-14 23:46:30.112
ETH,SELL,0.1500,516323.000,2024-07-14 23:46:30.163
ETH,SELL,0.0100,516323.000,2024-07-14 23:46:30.216
ETH,SELL,0.0100,516355.000,2024-07-14 23:46:30.325
ETH,BUY,0.0400,516489.000,2024-07-14 23:46:32.938
ETH,SELL,0.0100,516200.000,2024-07-14 23:51:43.889
ETH,SELL,0.0060,516022.000,2024-07-14 23:51:43.889
ETH,BUY,0.0100,516023.000,2024-07-14 23:53:36.265
ETH,SELL,0.0360,516022.000,2024-07-14 23:54:19.987
ETH,SELL,0.1600,516022.000,2024-07-14 23:56:21.418
ETH,SELL,0.0073,516022.000,2024-07-14 23:56:21.679
ETH,SELL,0.0100,516000.000,2024-07-14 23:56:21.679
ETH,SELL,0.0827,515805.000,2024-07-14 23:56:21.679
ETH,SELL,0.9173,515805.000,2024-07-14 23:56:21.955
ETH,SELL,0.3148,515685.000,2024-07-14 23:56:22.423
ETH,SELL,0.3140,515686.000,2024-07-14 23:56:22.905
ETH,SELL,1.1100,515793.000,2024-07-14 23:56:23.954
ETH,SELL,0.0100,515793.000,2024-07-14 23:56:24.098
ETH,SELL,0.3140,515793.000,2024-07-14 23:56:24.288
ETH,SELL,0.1000,515500.000,2024-07-14 23:56:25.170
ETH,SELL,0.3000,515500.000,2024-07-14 23:56:25.494
ETH,SELL,0.6341,515057.000,2024-07-14 23:56:28.617
ETH,SELL,0.0003,515057.000,2024-07-14 23:56:28.760
ETH,SELL,0.0400,515000.000,2024-07-14 23:56:28.988
ETH,SELL,0.0295,515000.000,2024-07-14 23:56:28.988
ETH,SELL,0.2000,515000.000,2024-07-14 23:56:29.070
ETH,SELL,1.2937,515000.000,2024-07-14 23:56:29.570
ETH,SELL,0.7697,515000.000,2024-07-14 23:56:29.572
ETH,SELL,1.9998,515000.000,2024-07-14 23:56:31.822
ETH,SELL,0.0200,515000.000,2024-07-14 23:56:32.710
ETH,SELL,0.6873,515000.000,2024-07-14 23:56:36.696
ETH,SELL,0.0826,515000.000,2024-07-14 23:56:36.696
ETH,SELL,0.1174,515000.000,2024-07-14 23:56:37.186
ETH,SELL,0.4970,514866.000,2024-07-14 23:56:37.352
ETH,SELL,0.0100,514604.000,2024-07-14 23:56:54.014
ETH,SELL,0.3016,514500.000,2024-07-14 23:56:54.014
ETH,SELL,0.2000,514500.000,2024-07-14 23:56:54.091
ETH,SELL,0.0100,514500.000,2024-07-14 23:56:54.971
ETH,SELL,0.3112,514500.000,2024-07-14 23:56:56.644
ETH,SELL,0.6072,514500.000,2024-07-14 23:56:56.971
ETH,SELL,0.0400,514500.000,2024-07-14 23:56:56.971
ETH,SELL,0.0200,514100.000,2024-07-14 23:56:56.971
ETH,SELL,0.1034,514001.000,2024-07-14 23:56:56.971
ETH,SELL,0.8500,514001.000,2024-07-14 23:56:57.071
ETH,BUY,0.6344,514023.000,2024-07-14 23:57:19.768
ETH,BUY,0.4122,514025.000,2024-07-14 23:57:19.768
ETH,BUY,0.8000,514054.000,2024-07-14 23:57:49.526
ETH,SELL,0.0151,514104.000,2024-07-14 23:58:09.453
ETH,BUY,0.8980,514112.000,2024-07-14 23:58:12.919
ETH,BUY,1.0000,514139.000,2024-07-14 23:58:14.502
ETH,BUY,1.0000,514141.000,2024-07-14 23:58:14.502
ETH,SELL,0.0181,514120.000,2024-07-14 23:59:08.935
ETH,BUY,0.0300,514257.000,2024-07-14 23:59:30.123
ETH,BUY,0.1000,514373.000,2024-07-14 23:59:41.656
ETH,SELL,0.0159,514257.000,2024-07-14 23:59:56.425
ETH,BUY,0.1000,514488.000,2024-07-15 00:00:14.088
ETH,SELL,0.8600,514487.000,2024-07-15 00:00:20.375
ETH,SELL,1.6300,514509.000,2024-07-15 00:00:38.468
ETH,SELL,0.0370,514437.000,2024-07-15 00:00:55.945
ETH,BUY,0.0233,514605.000,2024-07-15 00:02:21.857
ETH,BUY,0.0203,514805.000,2024-07-15 00:03:05.675
ETH,BUY,0.0757,514808.000,2024-07-15 00:03:05.675
ETH,SELL,0.0100,514592.000,2024-07-15 00:03:55.889
ETH,BUY,0.2000,514605.000,2024-07-15 00:05:10.293
ETH,SELL,0.0100,514600.000,2024-07-15 00:05:34.475
ETH,SELL,0.0194,514388.000,2024-07-15 00:05:41.952
ETH,SELL,0.0107,514000.000,2024-07-15 00:06:56.476
ETH,BUY,0.2000,514020.000,2024-07-15 00:07:05.062
ETH,BUY,0.3148,514041.000,2024-07-15 00:07:05.062
ETH,BUY,0.4852,514054.000,2024-07-15 00:07:05.062
ETH,SELL,0.1813,514000.000,2024-07-15 00:07:40.564
ETH,SELL,0.0200,514000.000,2024-07-15 00:07:40.564
ETH,SELL,1.3287,514000.000,2024-07-15 00:07:40.564
ETH,SELL,0.7708,514000.000,2024-07-15 00:07:48.216
ETH,SELL,0.7005,514000.000,2024-07-15 00:07:48.545
ETH,SELL,0.0100,513800.000,2024-07-15 00:07:51.448
ETH,SELL,0.0200,513169.000,2024-07-15 00:07:56.940
ETH,SELL,0.5600,513169.000,2024-07-15 00:07:57.024
ETH,BUY,0.2000,513180.000,2024-07-15 00:08:10.956
ETH,BUY,0.4000,513180.000,2024-07-15 00:08:10.956
ETH,BUY,0.0381,513180.000,2024-07-15 00:08:16.899
ETH,SELL,0.0313,513165.000,2024-07-15 00:08:18.780
ETH,SELL,0.1687,513165.000,2024-07-15 00:08:22.060
ETH,BUY,0.0502,513160.000,2024-07-15 00:08:29.775
ETH,SELL,0.0116,513266.000,2024-07-15 00:08:56.435
ETH,BUY,0.5000,513329.000,2024-07-15 00:09:08.484
ETH,BUY,0.5500,513387.000,2024-07-15 00:09:15.703
ETH,BUY,0.0100,513382.000,2024-07-15 00:09:38.136
ETH,SELL,0.0172,513160.000,2024-07-15 00:09:55.929
ETH,BUY,0.2000,513166.000,2024-07-15 00:10:14.388
ETH,BUY,2.0000,513184.000,2024-07-15 00:10:28.208
ETH,SELL,0.0566,513165.000,2024-07-15 00:10:55.426
ETH,BUY,0.9100,513184.000,2024-07-15 00:11:25.631
ETH,BUY,2.0000,513184.000,2024-07-15 00:11:34.619
ETH,SELL,0.0158,513299.000,2024-07-15 00:11:57.937
ETH,BUY,0.2000,513385.000,2024-07-15 00:12:20.754
ETH,BUY,1.7500,513532.000,2024-07-15 00:12:48.825
ETH,BUY,0.9700,513532.000,2024-07-15 00:12:48.940
ETH,SELL,0.0364,513165.000,2024-07-15 00:13:55.928
ETH,BUY,0.0115,513183.000,2024-07-15 00:15:11.155
ETH,BUY,0.0885,513184.000,2024-07-15 00:15:11.155
ETH,BUY,0.0200,513213.000,2024-07-15 00:15:42.464
ETH,BUY,0.4400,513242.000,2024-07-15 00:15:42.464
ETH,BUY,0.0400,513271.000,2024-07-15 00:15:42.464
ETH,SELL,0.0205,513175.000,2024-07-15 00:15:55.440
ETH,BUY,0.5000,513184.000,2024-07-15 00:16:06.091
ETH,BUY,0.0390,513648.000,2024-07-15 00:18:25.232
ETH,SELL,0.0450,513366.000,2024-07-15 00:18:29.198
ETH,SELL,0.1795,513480.000,2024-07-15 00:19:57.717
ETH,SELL,0.3205,513390.000,2024-07-15 00:19:57.717
ETH,BUY,0.0100,513532.000,2024-07-15 00:21:00.614
ETH,BUY,0.1715,513648.000,2024-07-15 00:21:23.180
ETH,BUY,0.0960,513970.000,2024-07-15 00:23:35.065
ETH,BUY,0.3206,514082.000,2024-07-15 00:23:48.700
ETH,BUY,0.1794,514083.000,2024-07-15 00:23:48.700
ETH,BUY,0.2000,514112.000,2024-07-15 00:23:55.070
ETH,BUY,0.1500,513976.000,2024-07-15 00:24:48.959
ETH,BUY,0.0300,513996.000,2024-07-15 00:25:00.621
ETH,SELL,0.7000,514121.000,2024-07-15 00:26:11.921
ETH,BUY,0.0700,514344.000,2024-07-15 00:27:15.120
ETH,BUY,0.0912,514344.000,2024-07-15 00:27:15.170
ETH,BUY,2.9100,514344.000,2024-07-15 00:27:15.535
ETH,BUY,0.5000,514344.000,2024-07-15 00:27:15.758
ETH,BUY,0.1000,514344.000,2024-07-15 00:27:16.103
ETH,BUY,0.1000,514630.000,2024-07-15 00:27:16.290
ETH,BUY,0.0700,514630.000,2024-07-15 00:27:16.319
ETH,BUY,0.0300,514630.000,2024-07-15 00:27:17.177
ETH,BUY,0.1700,514692.000,2024-07-15 00:27:17.177
ETH,BUY,0.3088,514886.000,2024-07-15 00:27:18.828
ETH,BUY,0.0700,514886.000,2024-07-15 00:27:19.028
ETH,BUY,0.5000,514886.000,2024-07-15 00:27:19.512
ETH,BUY,0.1212,514886.000,2024-07-15 00:27:20.315
ETH,BUY,0.0788,515000.000,2024-07-15 00:27:20.315
ETH,BUY,0.2000,515000.000,2024-07-15 00:27:22.470
ETH,BUY,0.2000,515000.000,2024-07-15 00:27:24.421
ETH,BUY,0.0212,515000.000,2024-07-15 00:27:24.460
ETH,BUY,0.1788,515662.000,2024-07-15 00:27:24.460
ETH,BUY,0.2000,516196.000,2024-07-15 00:27:31.109
ETH,SELL,0.0400,515850.000,2024-07-15 00:27:47.297
ETH,SELL,0.1600,515860.000,2024-07-15 00:27:53.233
ETH,SELL,0.3399,515857.000,2024-07-15 00:27:53.233
ETH,SELL,0.2000,515875.000,2024-07-15 00:28:04.846
ETH,SELL,0.2000,515876.000,2024-07-15 00:28:05.051
ETH,SELL,0.2000,516300.000,2024-07-15 00:30:13.777
ETH,SELL,0.4000,516296.000,2024-07-15 00:30:13.777
ETH,BUY,1.4800,516661.000,2024-07-15 00:30:19.046
ETH,SELL,0.1000,516405.000,2024-07-15 00:30:22.196
ETH,BUY,0.2500,516661.000,2024-07-15 00:30:26.836
ETH,BUY,0.0211,516663.000,2024-07-15 00:30:31.815
ETH,BUY,0.1089,516666.000,2024-07-15 00:30:31.815
ETH,BUY,0.0100,516539.000,2024-07-15 00:30:39.727
ETH,SELL,0.2000,516206.000,2024-07-15 00:30:40.417
ETH,SELL,0.0700,516217.000,2024-07-15 00:30:49.192
ETH,BUY,0.5000,516326.000,2024-07-15 00:32:17.405
ETH,BUY,0.1708,516544.000,2024-07-15 00:32:18.827
ETH,BUY,0.0400,517000.000,2024-07-15 00:32:34.122
ETH,BUY,0.1600,517000.000,2024-07-15 00:32:34.122
ETH,BUY,0.5400,517000.000,2024-07-15 00:32:34.753
ETH,BUY,0.1000,517273.000,2024-07-15 00:32:37.397
ETH,BUY,1.2000,517290.000,2024-07-15 00:32:39.730
ETH,BUY,0.0184,517290.000,2024-07-15 00:32:39.962
ETH,BUY,0.2400,517290.000,2024-07-15 00:32:40.036
ETH,BUY,0.0416,517290.000,2024-07-15 00:32:43.648
ETH,BUY,0.1584,517445.000,2024-07-15 00:32:43.648
ETH,BUY,0.0416,517445.000,2024-07-15 00:32:45.474
ETH,BUY,0.0600,517700.000,2024-07-15 00:32:45.474
ETH,BUY,0.0100,517804.000,2024-07-15 00:32:45.474
ETH,BUY,0.0884,517841.000,2024-07-15 00:32:45.474
ETH,BUY,0.0100,517841.000,2024-07-15 00:32:46.760
ETH,SELL,0.3559,517825.000,2024-07-15 00:32:48.474
ETH,SELL,0.2000,517874.000,2024-07-15 00:33:33.592
ETH,BUY,0.0100,517875.000,2024-07-15 00:33:45.631
ETH,BUY,0.0200,517935.000,2024-07-15 00:34:19.036
ETH,BUY,0.1350,517942.000,2024-07-15 00:34:39.281
ETH,SELL,0.0766,517835.000,2024-07-15 00:35:10.073
ETH,SELL,0.1234,517835.000,2024-07-15 00:35:13.819
ETH,SELL,1.0000,517825.000,2024-07-15 00:35:15.987
ETH,SELL,0.2000,517270.000,2024-07-15 00:35:20.601
ETH,SELL,0.3000,517266.000,2024-07-15 00:35:20.601
ETH,BUY,0.0600,517400.000,2024-07-15 00:35:32.092
ETH,SELL,1.0000,517333.000,2024-07-15 00:35:47.526
ETH,SELL,0.2000,517095.000,2024-07-15 00:35:47.526
ETH,SELL,0.2450,517094.000,2024-07-15 00:35:47.526
ETH,SELL,1.0000,517052.000,2024-07-15 00:35:47.526
ETH,SELL,1.8000,516723.000,2024-07-15 00:35:47.526
ETH,SELL,4.0000,516722.000,2024-07-15 00:35:47.526
ETH,SELL,0.6300,516666.000,2024-07-15 00:35:47.526
ETH,SELL,0.1000,516607.000,2024-07-15 00:35:47.526
ETH,SELL,1.7250,516606.000,2024-07-15 00:35:47.526
ETH,SELL,0.0100,516606.000,2024-07-15 00:35:47.588
ETH,SELL,0.1500,516606.000,2024-07-15 00:35:47.619
ETH,BUY,0.2000,517196.000,2024-07-15 00:36:07.518
ETH,BUY,0.1500,517427.000,2024-07-15 00:36:17.651
ETH,SELL,0.5000,517426.000,2024-07-15 00:36:19.303
ETH,BUY,0.2000,517566.000,2024-07-15 00:36:39.573
ETH,SELL,0.1500,517495.000,2024-07-15 00:37:45.347
ETH,BUY,0.1500,517427.000,2024-07-15 00:38:37.551
ETH,SELL,0.0400,517426.000,2024-07-15 00:38:49.467
ETH,SELL,0.0700,517426.000,2024-07-15 00:39:34.752
ETH,SELL,0.0634,517426.000,2024-07-15 00:39:40.384
ETH,SELL,0.0100,517426.000,2024-07-15 00:39:43.555
ETH,SELL,0.0356,517426.000,2024-07-15 00:39:46.634
ETH,SELL,0.0310,517426.000,2024-07-15 00:39:54.308
ETH,BUY,0.0100,517034.000,2024-07-15 00:40:02.739
ETH,BUY,0.0100,517082.000,2024-07-15 00:40:26.632
ETH,BUY,0.0100,517110.000,2024-07-15 00:40:46.696
ETH,BUY,0.2956,517123.000,2024-07-15 00:40:53.016
ETH,BUY,0.1044,517128.000,2024-07-15 00:40:53.016
ETH,SELL,0.0383,517000.000,2024-07-15 00:42:00.922
ETH,SELL,0.0617,517000.000,2024-07-15 00:42:00.987
ETH,SELL,0.0883,516496.000,2024-07-15 00:42:00.987
ETH,BUY,0.8500,516663.000,2024-07-15 00:42:07.496
ETH,BUY,0.0193,517015.000,2024-07-15 00:42:39.555
ETH,SELL,0.0100,516927.000,2024-07-15 00:43:15.875
ETH,BUY,0.1000,517109.000,2024-07-15 00:43:38.403
ETH,BUY,0.0100,517111.000,2024-07-15 00:44:43.052
ETH,BUY,1.0000,516994.000,2024-07-15 00:45:16.356
ETH,BUY,0.2000,516995.000,2024-07-15 00:45:16.356
ETH,BUY,0.8000,517270.000,2024-07-15 00:45:16.356
ETH,BUY,0.0192,517054.000,2024-07-15 00:45:20.206
ETH,BUY,0.2000,517416.000,2024-07-15 00:45:39.375
ETH,BUY,0.0100,518000.000,2024-07-15 00:46:12.659
ETH,BUY,0.0300,518000.000,2024-07-15 00:46:12.659
ETH,BUY,0.0100,518000.000,2024-07-15 00:46:12.659
ETH,BUY,0.0300,518000.000,2024-07-15 00:46:12.659
ETH,BUY,0.0100,518000.000,2024-07-15 00:46:12.659
ETH,BUY,0.0100,518000.000,2024-07-15 00:46:12.659
ETH,BUY,1.7300,518000.000,2024-07-15 00:46:12.788
ETH,BUY,0.9100,518000.000,2024-07-15 00:46:13.227
ETH,BUY,0.0100,518000.000,2024-07-15 00:46:18.775
ETH,BUY,0.2000,518000.000,2024-07-15 00:46:36.752
ETH,BUY,0.1000,518000.000,2024-07-15 00:46:37.112
ETH,BUY,0.2000,518000.000,2024-07-15 00:46:54.978
ETH,BUY,0.0100,518000.000,2024-07-15 00:46:55.112
ETH,BUY,0.1006,518000.000,2024-07-15 00:46:55.518
ETH,BUY,0.0300,518000.000,2024-07-15 00:46:55.764
ETH,BUY,0.4000,518000.000,2024-07-15 00:46:55.765
ETH,BUY,0.2000,518000.000,2024-07-15 00:46:56.001
ETH,BUY,0.1000,518000.000,2024-07-15 00:46:57.644
ETH,BUY,0.5788,518000.000,2024-07-15 00:47:01.378
ETH,BUY,0.2000,518000.000,2024-07-15 00:47:01.380
ETH,BUY,0.0356,518000.000,2024-07-15 00:47:02.965
ETH,BUY,0.1000,518000.000,2024-07-15 00:47:03.432
ETH,BUY,0.3000,518000.000,2024-07-15 00:47:03.698
ETH,BUY,0.2000,518000.000,2024-07-15 00:47:04.099
ETH,BUY,0.2000,518000.000,2024-07-15 00:47:04.430
ETH,BUY,0.5000,518000.000,2024-07-15 00:47:04.559
ETH,BUY,0.1000,518000.000,2024-07-15 00:47:05.494
ETH,BUY,0.1000,518000.000,2024-07-15 00:47:05.878
ETH,BUY,0.2000,518000.000,2024-07-15 00:47:07.200
ETH,BUY,0.0591,518000.000,2024-07-15 00:47:07.365
ETH,BUY,0.2000,518000.000,2024-07-15 00:47:08.643
ETH,BUY,0.4000,518000.000,2024-07-15 00:47:08.775
ETH,BUY,0.0239,518000.000,2024-07-15 00:47:08.894
ETH,BUY,0.0300,518000.000,2024-07-15 00:47:09.153
ETH,BUY,0.0100,518000.000,2024-07-15 00:47:09.384
ETH,BUY,1.0000,518000.000,2024-07-15 00:47:09.738
ETH,BUY,0.1000,518000.000,2024-07-15 00:47:10.396
ETH,BUY,0.5000,518000.000,2024-07-15 00:47:10.633
ETH,BUY,0.2000,518000.000,2024-07-15 00:47:10.730
ETH,BUY,0.0851,518000.000,2024-07-15 00:47:12.020
ETH,BUY,0.2000,518000.000,2024-07-15 00:47:12.503
ETH,BUY,0.3769,518000.000,2024-07-15 00:47:16.870
ETH,BUY,0.0500,518000.000,2024-07-15 00:47:16.870
ETH,BUY,0.0100,518059.000,2024-07-15 00:47:17.182
ETH,BUY,0.0100,518255.000,2024-07-15 00:47:17.182
ETH,BUY,0.1800,518794.000,2024-07-15 00:47:17.182
ETH,SELL,0.2000,518735.000,2024-07-15 00:47:20.974
ETH,SELL,0.2000,518455.000,2024-07-15 00:47:25.113
ETH,SELL,0.0615,518681.000,2024-07-15 00:47:45.429
ETH,BUY,0.0100,519000.000,2024-07-15 00:48:24.558
ETH,BUY,0.1900,519000.000,2024-07-15 00:48:24.558
ETH,BUY,0.0100,519000.000,2024-07-15 00:48:31.852
ETH,BUY,0.1900,519234.000,2024-07-15 00:48:31.852
ETH,BUY,0.0100,519217.000,2024-07-15 00:48:50.948
ETH,SELL,0.4000,519345.000,2024-07-15 00:49:11.821
ETH,BUY,0.0500,519690.000,2024-07-15 00:49:35.229
ETH,BUY,0.0500,519989.000,2024-07-15 00:49:35.229
ETH,BUY,0.0500,520000.000,2024-07-15 00:49:35.229
ETH,BUY,0.0500,520000.000,2024-07-15 00:50:03.807
ETH,BUY,0.0220,520000.000,2024-07-15 00:50:03.807
ETH,BUY,0.0200,520000.000,2024-07-15 00:50:03.807
ETH,BUY,0.4000,520000.000,2024-07-15 00:50:03.807
ETH,BUY,0.0100,520000.000,2024-07-15 00:50:03.807
ETH,BUY,0.0200,520000.000,2024-07-15 00:50:03.807
ETH,BUY,0.0100,520000.000,2024-07-15 00:50:03.807
ETH,BUY,0.0300,520000.000,2024-07-15 00:50:03.807
ETH,BUY,0.0100,520000.000,2024-07-15 00:50:03.807
ETH,BUY,0.0100,520000.000,2024-07-15 00:50:03.807
ETH,BUY,0.0300,520000.000,2024-07-15 00:50:03.807
ETH,BUY,0.0100,520000.000,2024-07-15 00:50:03.807
ETH,BUY,1.0000,520000.000,2024-07-15 00:50:03.807
ETH,BUY,0.0200,520000.000,2024-07-15 00:50:03.807
ETH,BUY,1.0000,520046.000,2024-07-15 00:50:03.807
ETH,BUY,1.7300,520131.000,2024-07-15 00:50:03.807
ETH,BUY,1.7307,520138.000,2024-07-15 00:50:03.807
ETH,BUY,0.2000,520395.000,2024-07-15 00:50:03.807
ETH,BUY,0.5764,520399.000,2024-07-15 00:50:03.807
ETH,BUY,0.2407,520454.000,2024-07-15 00:50:03.807
ETH,SELL,0.0200,520103.000,2024-07-15 00:50:13.871
ETH,SELL,0.0100,520000.000,2024-07-15 00:50:22.492
ETH,SELL,0.1899,519959.000,2024-07-15 00:50:22.492
ETH,SELL,0.0700,519706.000,2024-07-15 00:50:23.591
ETH,SELL,0.2600,519511.000,2024-07-15 00:50:51.318
ETH,BUY,0.1200,519872.000,2024-07-15 00:51:50.434
ETH,BUY,0.3200,519640.000,2024-07-15 00:52:34.399
ETH,BUY,0.5193,519652.000,2024-07-15 00:52:34.399
ETH,BUY,0.0127,519687.000,2024-07-15 00:52:34.399
ETH,BUY,0.0480,519832.000,2024-07-15 00:52:34.399
ETH,SELL,0.0673,519105.000,2024-07-15 00:53:46.758
ETH,SELL,0.3327,519104.000,2024-07-15 00:53:46.758
ETH,BUY,1.0000,519566.000,2024-07-15 00:54:34.464
ETH,SELL,0.0100,519719.000,2024-07-15 00:54:45.100
ETH,SELL,0.0100,519500.000,2024-07-15 00:55:31.894
ETH,BUY,0.0200,519076.000,2024-07-15 00:56:04.656
ETH,BUY,0.0100,519035.000,2024-07-15 00:56:47.446
ETH,SELL,0.0100,519000.000,2024-07-15 00:56:51.844
ETH,SELL,0.0100,518640.000,2024-07-15 00:56:51.955
ETH,SELL,0.0100,518640.000,2024-07-15 00:56:52.016
ETH,BUY,0.7750,518356.000,2024-07-15 00:58:32.750
ETH,BUY,0.0100,519498.000,2024-07-15 01:02:03.152
ETH,BUY,0.0900,519702.000,2024-07-15 01:02:03.152
ETH,SELL,0.1000,519173.000,2024-07-15 01:02:52.768
ETH,BUY,0.0380,518942.000,2024-07-15 01:04:25.228
ETH,SELL,0.1000,518743.000,2024-07-15 01:04:32.133
ETH,SELL,0.5000,519523.000,2024-07-15 01:06:34.356
ETH,BUY,0.2000,519590.000,2024-07-15 01:06:38.969
ETH,SELL,0.1800,519485.000,2024-07-15 01:06:47.359
ETH,SELL,0.3200,519482.000,2024-07-15 01:06:47.359
ETH,SELL,0.5000,519424.000,2024-07-15 01:06:58.640
ETH,BUY,0.0620,519612.000,2024-07-15 01:07:08.487
ETH,BUY,0.1880,519612.000,2024-07-15 01:07:08.487
ETH,SELL,0.0176,519024.000,2024-07-15 01:07:26.937
ETH,BUY,0.1500,519338.000,2024-07-15 01:07:30.882
ETH,BUY,0.0200,519327.000,2024-07-15 01:07:59.958
ETH,SELL,1.0000,518929.000,2024-07-15 01:08:33.933
ETH,BUY,0.1000,519252.000,2024-07-15 01:08:37.004
ETH,SELL,0.0300,518889.000,2024-07-15 01:08:41.672
ETH,BUY,0.1000,519001.000,2024-07-15 01:09:12.351
ETH,SELL,0.2000,519223.000,2024-07-15 01:10:18.907
ETH,SELL,0.5000,519347.000,2024-07-15 01:10:25.084
ETH,SELL,0.5000,519352.000,2024-07-15 01:10:32.189
ETH,BUY,1.0000,520292.000,2024-07-15 01:11:42.948
ETH,BUY,0.0500,520448.000,2024-07-15 01:11:55.460
ETH,BUY,0.0150,519950.000,2024-07-15 01:12:34.458
ETH,BUY,0.0100,519991.000,2024-07-15 01:14:03.111
ETH,SELL,0.0150,519500.000,2024-07-15 01:15:28.665
ETH,BUY,0.0100,519554.000,2024-07-15 01:15:29.657
ETH,BUY,0.0100,519360.000,2024-07-15 01:15:43.667
ETH,BUY,0.0823,519974.000,2024-07-15 01:16:22.923
ETH,BUY,0.0044,519991.000,2024-07-15 01:16:28.981
ETH,BUY,0.2000,520577.000,2024-07-15 01:16:45.838
ETH,BUY,0.0160,520425.000,2024-07-15 01:16:53.961
ETH,BUY,0.4193,520150.000,2024-07-15 01:17:22.864
ETH,BUY,0.2800,520152.000,2024-07-15 01:17:22.864
ETH,BUY,0.8300,520176.000,2024-07-15 01:17:22.864
ETH,BUY,0.1000,520283.000,2024-07-15 01:17:22.864
ETH,BUY,0.0176,520284.000,2024-07-15 01:17:22.864
ETH,BUY,0.3531,520459.000,2024-07-15 01:17:22.864
ETH,BUY,0.0100,520443.000,2024-07-15 01:17:36.752
ETH,BUY,0.1000,520600.000,2024-07-15 01:17:40.052
ETH,BUY,0.0100,520786.000,2024-07-15 01:17:40.147
ETH,BUY,0.1984,520948.000,2024-07-15 01:19:08.556
ETH,BUY,0.8016,520948.000,2024-07-15 01:19:08.744
ETH,BUY,1.0000,521000.000,2024-07-15 01:19:09.940
ETH,BUY,0.7200,521000.000,2024-07-15 01:19:09.940
ETH,BUY,0.2800,521000.000,2024-07-15 01:19:10.631
ETH,SELL,0.0280,521240.000,2024-07-15 01:20:29.484
ETH,BUY,0.0180,521391.000,2024-07-15 01:20:51.328
ETH,SELL,0.0100,521000.000,2024-07-15 01:20:51.485
ETH,SELL,0.2829,520909.000,2024-07-15 01:20:51.485
ETH,SELL,0.2071,520908.000,2024-07-15 01:20:51.485
ETH,BUY,0.0200,521105.000,2024-07-15 01:21:37.425
ETH,BUY,0.9800,521232.000,2024-07-15 01:21:37.425
ETH,SELL,0.5000,521179.000,2024-07-15 01:21:40.071
ETH,SELL,0.1500,521120.000,2024-07-15 01:21:44.783
ETH,SELL,0.5000,521070.000,2024-07-15 01:21:48.256
ETH,BUY,0.0200,520903.000,2024-07-15 01:24:45.475
ETH,BUY,0.0193,520900.000,2024-07-15 01:25:17.715
ETH,BUY,0.5000,521028.000,2024-07-15 01:25:33.773
ETH,SELL,0.0113,521005.000,2024-07-15 01:27:32.420
ETH,SELL,0.1887,521005.000,2024-07-15 01:27:34.911
ETH,SELL,1.0000,521000.000,2024-07-15 01:27:35.667
ETH,BUY,1.1096,520371.000,2024-07-15 01:29:08.828
ETH,BUY,0.5356,520382.000,2024-07-15 01:29:08.828
ETH,BUY,0.2071,520398.000,2024-07-15 01:29:08.828
ETH,BUY,0.8277,520858.000,2024-07-15 01:29:08.828
ETH,SELL,0.0459,520220.000,2024-07-15 01:29:26.692
ETH,SELL,0.1000,519830.000,2024-07-15 01:29:27.637
ETH,SELL,0.0541,519830.000,2024-07-15 01:29:27.729
ETH,SELL,0.1959,519827.000,2024-07-15 01:29:27.729
ETH,SELL,0.0100,519827.000,2024-07-15 01:29:27.739
ETH,BUY,0.5000,519897.000,2024-07-15 01:29:50.556
ETH,SELL,0.7600,519355.000,2024-07-15 01:30:15.549
ETH,SELL,0.2000,519325.000,2024-07-15 01:30:15.549
ETH,SELL,1.0000,519323.000,2024-07-15 01:30:15.549
ETH,SELL,0.0400,519323.000,2024-07-15 01:30:15.549
ETH,SELL,0.8500,519520.000,2024-07-15 01:30:26.002
ETH,BUY,0.1093,519766.000,2024-07-15 01:30:37.655
ETH,BUY,0.3907,519767.000,2024-07-15 01:30:37.655
ETH,SELL,0.0384,519486.000,2024-07-15 01:31:06.140
ETH,SELL,0.0100,519026.000,2024-07-15 01:31:45.186
ETH,BUY,0.5000,518901.000,2024-07-15 01:32:39.773
ETH,SELL,0.0390,518900.000,2024-07-15 01:32:39.913
ETH,SELL,0.9610,518900.000,2024-07-15 01:32:39.913
ETH,SELL,0.0117,518900.000,2024-07-15 01:32:41.038
ETH,SELL,0.0273,518900.000,2024-07-15 01:32:45.369
ETH,SELL,0.0186,518207.000,2024-07-15 01:32:45.454
ETH,BUY,0.1000,518660.000,2024-07-15 01:33:47.243
ETH,BUY,0.0750,518620.000,2024-07-15 01:34:10.213
ETH,BUY,0.9250,518621.000,2024-07-15 01:34:10.213
ETH,BUY,0.2000,518565.000,2024-07-15 01:37:37.185
ETH,BUY,0.0186,518566.000,2024-07-15 01:37:37.185
ETH,BUY,0.2814,518567.000,2024-07-15 01:37:37.185
ETH,SELL,0.0100,518500.000,2024-07-15 01:38:41.771
ETH,SELL,0.0400,518112.000,2024-07-15 01:38:41.771
ETH,SELL,0.1000,518296.000,2024-07-15 01:39:14.360
ETH,SELL,0.0300,518443.000,2024-07-15 01:39:56.748
ETH,BUY,0.1500,518575.000,2024-07-15 01:40:29.909
ETH,BUY,0.0500,518605.000,2024-07-15 01:41:41.485
ETH,BUY,0.0500,518606.000,2024-07-15 01:41:41.485
ETH,BUY,0.1000,518482.000,2024-07-15 01:41:57.696
ETH,BUY,0.0100,518621.000,2024-07-15 01:41:59.750
ETH,BUY,0.0100,518704.000,2024-07-15 01:45:40.920
ETH,SELL,0.0100,518703.000,2024-07-15 01:45:52.707
ETH,SELL,0.0195,518621.000,2024-07-15 01:45:57.532
ETH,BUY,0.2000,518622.000,2024-07-15 01:47:43.820
ETH,SELL,0.0001,518621.000,2024-07-15 01:47:58.659
ETH,BUY,0.0100,518585.000,2024-07-15 01:49:01.991
ETH,BUY,0.0542,518722.000,2024-07-15 01:50:37.199
ETH,BUY,0.4458,518723.000,2024-07-15 01:50:37.199
ETH,BUY,0.0400,518546.000,2024-07-15 01:52:32.839
ETH,BUY,0.1101,518547.000,2024-07-15 01:52:32.839
ETH,BUY,0.1900,518750.000,2024-07-15 01:52:32.839
ETH,BUY,2.6599,518752.000,2024-07-15 01:52:32.839
ETH,BUY,0.0500,518810.000,2024-07-15 01:53:35.860
ETH,BUY,0.0100,518839.000,2024-07-15 01:55:09.853
ETH,SELL,0.0788,518330.000,2024-07-15 01:56:45.632
ETH,SELL,0.0834,518241.000,2024-07-15 01:57:42.045
ETH,SELL,1.7300,518234.000,2024-07-15 01:57:42.045
ETH,SELL,0.1866,518220.000,2024-07-15 01:57:42.045
ETH,SELL,0.0991,518056.000,2024-07-15 02:00:53.001
ETH,SELL,0.0626,518056.000,2024-07-15 02:00:57.829
ETH,SELL,0.0878,518056.000,2024-07-15 02:01:40.501
ETH,BUY,0.1000,518085.000,2024-07-15 02:01:48.490
ETH,BUY,0.2653,518060.000,2024-07-15 02:02:05.148
ETH,BUY,1.7300,518062.000,2024-07-15 02:02:05.148
ETH,SELL,0.0213,518100.000,2024-07-15 02:02:23.470
ETH,SELL,0.4000,518100.000,2024-07-15 02:02:23.711
ETH,SELL,0.0565,518100.000,2024-07-15 02:02:23.953
ETH,BUY,0.0390,518114.000,2024-07-15 02:02:24.823
ETH,SELL,0.0151,518100.000,2024-07-15 02:02:28.553
ETH,SELL,0.2000,518100.000,2024-07-15 02:03:35.153
ETH,SELL,0.0442,518100.000,2024-07-15 02:03:36.284
ETH,SELL,0.4000,518100.000,2024-07-15 02:03:38.098
ETH,BUY,0.0999,518172.000,2024-07-15 02:05:30.743
ETH,BUY,0.0601,518172.000,2024-07-15 02:05:30.985
ETH,BUY,0.1399,518201.000,2024-07-15 02:05:30.985
ETH,SELL,0.0800,518302.000,2024-07-15 02:05:49.597
ETH,SELL,0.0799,518302.000,2024-07-15 02:05:50.091
ETH,SELL,0.1000,518566.000,2024-07-15 02:06:30.590
ETH,BUY,0.3800,519470.000,2024-07-15 02:08:44.137
ETH,SELL,0.0178,519244.000,2024-07-15 02:09:29.937
ETH,BUY,0.0100,519245.000,2024-07-15 02:10:02.898
ETH,BUY,0.0100,519330.000,2024-07-15 02:14:03.444
ETH,BUY,0.1753,519346.000,2024-07-15 02:16:33.632
ETH,SELL,0.2000,519315.000,2024-07-15 02:19:00.362
ETH,SELL,0.0500,519311.000,2024-07-15 02:19:00.362
ETH,SELL,0.0100,519244.000,2024-07-15 02:21:25.229
ETH,SELL,0.1900,519029.000,2024-07-15 02:21:26.125
ETH,BUY,0.1100,519030.000,2024-07-15 02:21:40.739
ETH,BUY,0.0100,519035.000,2024-07-15 02:24:10.011
ETH,BUY,0.1800,519035.000,2024-07-15 02:24:33.845
ETH,BUY,0.1039,519035.000,2024-07-15 02:24:33.845
ETH,BUY,0.1500,519035.000,2024-07-15 02:25:41.120
ETH,BUY,1.0000,519446.000,2024-07-15 02:27:08.901
ETH,BUY,1.0000,519457.000,2024-07-15 02:27:09.551
ETH,BUY,0.7300,519706.000,2024-07-15 02:27:17.057
ETH,BUY,0.2700,519706.000,2024-07-15 02:27:17.552
ETH,BUY,0.4600,519973.000,2024-07-15 02:28:17.201
ETH,BUY,1.0000,520261.000,2024-07-15 02:28:20.110
ETH,BUY,0.0300,520620.000,2024-07-15 02:28:20.538
ETH,BUY,0.0100,520620.000,2024-07-15 02:28:20.540
ETH,BUY,0.0100,520620.000,2024-07-15 02:28:21.114
ETH,BUY,0.6000,520620.000,2024-07-15 02:28:21.535
ETH,BUY,0.1000,520461.000,2024-07-15 02:28:23.047
ETH,BUY,0.1000,521071.000,2024-07-15 02:28:44.759
ETH,BUY,0.0390,521071.000,2024-07-15 02:28:54.806
ETH,BUY,0.0588,520949.000,2024-07-15 02:28:58.883
ETH,BUY,0.2000,521071.000,2024-07-15 02:29:02.188
ETH,BUY,0.0110,521071.000,2024-07-15 02:29:03.147
ETH,BUY,0.0890,521087.000,2024-07-15 02:29:03.147
ETH,BUY,0.2100,521168.000,2024-07-15 02:29:03.359
ETH,BUY,0.1000,521168.000,2024-07-15 02:29:03.616
ETH,BUY,0.0100,521168.000,2024-07-15 02:29:03.871
ETH,BUY,0.0100,521168.000,2024-07-15 02:29:03.966
ETH,BUY,0.0390,521400.000,2024-07-15 02:29:04.497
ETH,BUY,0.3610,521509.000,2024-07-15 02:29:04.497
ETH,BUY,0.5000,521509.000,2024-07-15 02:29:04.954
ETH,BUY,0.1100,521509.000,2024-07-15 02:29:05.142
ETH,BUY,1.5900,521294.000,2024-07-15 02:29:11.758
ETH,BUY,0.0300,521459.000,2024-07-15 02:29:19.467
ETH,BUY,0.4000,521459.000,2024-07-15 02:29:19.470
ETH,BUY,0.0700,521459.000,2024-07-15 02:29:19.473
ETH,BUY,0.5000,521459.000,2024-07-15 02:29:19.655
ETH,BUY,0.1000,521710.000,2024-07-15 02:29:19.655
ETH,BUY,0.3200,521710.000,2024-07-15 02:29:20.140
ETH,BUY,0.1832,521710.000,2024-07-15 02:29:20.218
ETH,BUY,0.0100,521847.000,2024-07-15 02:29:20.538
ETH,BUY,0.0100,521807.000,2024-07-15 02:29:20.540
ETH,BUY,0.1000,521807.000,2024-07-15 02:29:21.603
ETH,BUY,0.1500,521573.000,2024-07-15 02:29:33.766
ETH,BUY,0.0700,522000.000,2024-07-15 02:29:48.059
ETH,BUY,0.0300,522000.000,2024-07-15 02:29:48.640
ETH,BUY,0.0100,522000.000,2024-07-15 02:29:48.640
ETH,BUY,0.2000,522000.000,2024-07-15 02:29:48.640
ETH,BUY,0.1000,522341.000,2024-07-15 02:29:50.041
ETH,BUY,0.3344,522341.000,2024-07-15 02:29:50.187
ETH,BUY,0.2000,522341.000,2024-07-15 02:29:50.545
ETH,BUY,0.2000,522341.000,2024-07-15 02:29:50.625
ETH,BUY,0.0700,522341.000,2024-07-15 02:29:51.613
ETH,BUY,0.0956,522341.000,2024-07-15 02:29:52.044
ETH,BUY,0.1000,522855.000,2024-07-15 02:29:52.476
ETH,BUY,0.0100,522855.000,2024-07-15 02:29:52.925
ETH,SELL,0.1040,522854.000,2024-07-15 02:29:54.679
ETH,SELL,1.0000,522699.000,2024-07-15 02:29:58.983
ETH,SELL,0.2000,522615.000,2024-07-15 02:29:58.983
ETH,BUY,0.1046,522499.000,2024-07-15 02:30:03.886
ETH,BUY,0.1000,522680.000,2024-07-15 02:30:07.705
ETH,BUY,0.2000,522675.000,2024-07-15 02:30:10.896
ETH,BUY,0.0001,522677.000,2024-07-15 02:30:10.896
ETH,BUY,0.0200,522434.000,2024-07-15 02:30:29.528
ETH,SELL,0.2000,522085.000,2024-07-15 02:31:16.329
ETH,SELL,0.3000,522082.000,2024-07-15 02:31:16.329
ETH,SELL,1.0000,522108.000,2024-07-15 02:31:18.254
ETH,SELL,0.5000,522327.000,2024-07-15 02:31:28.830
ETH,SELL,1.0000,522329.000,2024-07-15 02:31:33.625
ETH,SELL,0.1324,522274.000,2024-07-15 02:31:33.625
ETH,BUY,0.3200,522490.000,2024-07-15 02:31:46.726
ETH,BUY,0.0300,522490.000,2024-07-15 02:31:46.986
ETH,BUY,0.0700,522490.000,2024-07-15 02:31:47.140
ETH,BUY,0.1000,522490.000,2024-07-15 02:31:48.845
ETH,BUY,0.0700,522692.000,2024-07-15 02:31:50.736
ETH,BUY,0.3200,522692.000,2024-07-15 02:31:52.262
ETH,BUY,0.0300,522929.000,2024-07-15 02:31:52.614
ETH,BUY,0.1126,522929.000,2024-07-15 02:31:52.973
ETH,BUY,0.0150,522929.000,2024-07-15 02:31:53.250
ETH,BUY,0.0100,522929.000,2024-07-15 02:31:53.357
ETH,BUY,0.0100,522929.000,2024-07-15 02:31:53.628
ETH,BUY,0.6000,522929.000,2024-07-15 02:31:53.631
ETH,BUY,0.3000,523000.000,2024-07-15 02:31:57.374
ETH,BUY,0.2000,523000.000,2024-07-15 02:32:00.657
ETH,BUY,0.0700,523000.000,2024-07-15 02:32:01.009
ETH,BUY,0.2000,523000.000,2024-07-15 02:32:01.658
ETH,BUY,0.2000,523000.000,2024-07-15 02:32:03.608
ETH,BUY,0.0300,523000.000,2024-07-15 02:32:04.369
ETH,BUY,0.0220,523304.000,2024-07-15 02:32:04.369
ETH,BUY,0.2000,523427.000,2024-07-15 02:32:15.781
ETH,BUY,0.0700,523427.000,2024-07-15 02:32:16.349
ETH,BUY,0.0914,523817.000,2024-07-15 02:32:17.707
ETH,BUY,0.1000,523817.000,2024-07-15 02:32:18.098
ETH,BUY,0.2000,523817.000,2024-07-15 02:32:18.890
ETH,BUY,0.0390,524000.000,2024-07-15 02:32:20.029
ETH,BUY,0.0400,524000.000,2024-07-15 02:32:20.029
ETH,BUY,0.1210,524283.000,2024-07-15 02:32:20.029
ETH,BUY,0.0855,524283.000,2024-07-15 02:32:20.211
ETH,BUY,0.1000,524283.000,2024-07-15 02:32:21.120
ETH,BUY,0.0500,524372.000,2024-07-15 02:32:35.353
ETH,BUY,0.0500,524373.000,2024-07-15 02:32:35.353
ETH,SELL,0.5000,524373.000,2024-07-15 02:32:40.185
ETH,BUY,0.0718,524661.000,2024-07-15 02:32:45.743
ETH,SELL,0.3653,524376.000,2024-07-15 02:32:45.790
ETH,SELL,0.1347,524252.000,2024-07-15 02:32:45.790
ETH,BUY,0.0214,524262.000,2024-07-15 02:32:49.820
ETH,BUY,0.1800,524310.000,2024-07-15 02:33:00.126
ETH,BUY,0.3100,524310.000,2024-07-15 02:33:00.560
ETH,BUY,0.0119,524310.000,2024-07-15 02:33:00.623
ETH,BUY,0.0100,524692.000,2024-07-15 02:33:01.738
ETH,BUY,0.3200,524874.000,2024-07-15 02:33:02.121
ETH,BUY,0.0100,524874.000,2024-07-15 02:33:02.122
ETH,BUY,0.2000,524874.000,2024-07-15 02:33:02.301
ETH,BUY,0.4000,524874.000,2024-07-15 02:33:02.547
ETH,BUY,0.0700,524874.000,2024-07-15 02:33:02.652
ETH,BUY,0.3500,524999.000,2024-07-15 02:33:02.652
ETH,BUY,0.1000,524999.000,2024-07-15 02:33:02.855
ETH,BUY,0.0100,525000.000,2024-07-15 02:33:05.399
ETH,BUY,0.0817,525000.000,2024-07-15 02:33:05.399
ETH,BUY,0.0362,525000.000,2024-07-15 02:33:05.867
ETH,BUY,1.0000,525000.000,2024-07-15 02:33:06.016
ETH,BUY,0.2000,525000.000,2024-07-15 02:33:06.566
ETH,SELL,0.0200,524999.000,2024-07-15 02:33:11.064
ETH,BUY,2.0000,525000.000,2024-07-15 02:33:12.519
ETH,SELL,0.4500,524999.000,2024-07-15 02:33:13.171
ETH,SELL,0.6082,524901.000,2024-07-15 02:33:13.171
ETH,SELL,0.7500,524900.000,2024-07-15 02:33:13.171
ETH,BUY,0.0100,524874.000,2024-07-15 02:33:15.358
ETH,BUY,0.0100,524874.000,2024-07-15 02:33:15.464
ETH,SELL,0.0200,524873.000,2024-07-15 02:33:20.664
ETH,BUY,0.0100,524874.000,2024-07-15 02:33:22.618
ETH,BUY,0.0100,524874.000,2024-07-15 02:33:23.367
ETH,BUY,0.1518,524874.000,2024-07-15 02:33:23.802
ETH,BUY,0.6000,525000.000,2024-07-15 02:33:24.101
ETH,BUY,0.0100,525000.000,2024-07-15 02:33:24.103
ETH,BUY,0.3200,525000.000,2024-07-15 02:33:24.135
ETH,SELL,0.0100,524960.000,2024-07-15 02:33:27.895
ETH,BUY,0.0100,525000.000,2024-07-15 02:33:31.131
ETH,BUY,0.0200,525000.000,2024-07-15 02:33:37.314
ETH,BUY,0.3200,525000.000,2024-07-15 02:33:37.418
ETH,BUY,0.4000,525000.000,2024-07-15 02:33:37.665
ETH,BUY,0.0100,525000.000,2024-07-15 02:33:38.100
ETH,BUY,0.0100,525000.000,2024-07-15 02:33:38.325
ETH,BUY,0.9821,525000.000,2024-07-15 02:33:38.327
ETH,BUY,0.0100,525000.000,2024-07-15 02:33:38.327
ETH,BUY,0.0079,525000.000,2024-07-15 02:33:38.327
ETH,BUY,0.0121,525000.000,2024-07-15 02:33:38.524
ETH,BUY,0.0052,525000.000,2024-07-15 02:33:38.524
ETH,BUY,0.0148,525000.000,2024-07-15 02:33:38.721
ETH,BUY,0.0950,525200.000,2024-07-15 02:33:38.780
ETH,BUY,0.0050,525466.000,2024-07-15 02:33:38.780
ETH,BUY,0.2000,525466.000,2024-07-15 02:33:38.782
ETH,SELL,0.0200,525451.000,2024-07-15 02:33:39.466
ETH,SELL,0.0200,525457.000,2024-07-15 02:33:45.842
ETH,SELL,0.0100,525575.000,2024-07-15 02:33:51.954
ETH,BUY,0.0200,525671.000,2024-07-15 02:33:52.585
ETH,SELL,0.5000,525599.000,2024-07-15 02:33:52.777
ETH,BUY,0.0100,525671.000,2024-07-15 02:33:54.165
ETH,BUY,0.0100,526000.000,2024-07-15 02:33:55.141
ETH,SELL,0.0100,526420.000,2024-07-15 02:34:02.014
ETH,SELL,0.1900,526240.000,2024-07-15 02:34:03.619
ETH,SELL,0.3100,526235.000,2024-07-15 02:34:03.619
ETH,SELL,0.0100,526693.000,2024-07-15 02:34:04.682
ETH,SELL,0.1000,526634.000,2024-07-15 02:34:11.336
ETH,SELL,0.1000,526565.000,2024-07-15 02:34:13.625
ETH,SELL,0.5000,526828.000,2024-07-15 02:34:27.226
ETH,BUY,0.0760,527000.000,2024-07-15 02:34:32.636
ETH,SELL,0.2000,526535.000,2024-07-15 02:35:22.746
ETH,BUY,0.0100,526500.000,2024-07-15 02:35:23.450
ETH,SELL,1.0000,526158.000,2024-07-15 02:35:42.750
ETH,SELL,0.2000,526155.000,2024-07-15 02:35:42.750
ETH,SELL,0.0100,526000.000,2024-07-15 02:35:42.750
ETH,SELL,0.3000,525802.000,2024-07-15 02:35:42.832
ETH,SELL,0.0100,525802.000,2024-07-15 02:35:42.834
ETH,BUY,0.2000,526000.000,2024-07-15 02:35:59.971
ETH,BUY,0.2000,526000.000,2024-07-15 02:36:02.148
ETH,SELL,0.0700,525780.000,2024-07-15 02:36:24.804
ETH,SELL,0.1000,525780.000,2024-07-15 02:36:27.072
ETH,SELL,0.0999,526199.000,2024-07-15 02:36:39.059
ETH,SELL,0.2000,526199.000,2024-07-15 02:36:39.147
ETH,SELL,0.7001,526199.000,2024-07-15 02:36:39.525
ETH,SELL,0.1800,525820.000,2024-07-15 02:36:48.814
ETH,BUY,0.0700,526030.000,2024-07-15 02:37:06.603
ETH,BUY,0.0921,526030.000,2024-07-15 02:37:07.046
ETH,BUY,0.1000,526031.000,2024-07-15 02:37:08.097
ETH,BUY,0.2000,526000.000,2024-07-15 02:37:49.299
ETH,BUY,0.2000,526000.000,2024-07-15 02:37:51.452
ETH,BUY,0.2000,526000.000,2024-07-15 02:37:53.323
ETH,BUY,0.2400,526000.000,2024-07-15 02:37:54.043
ETH,BUY,0.1346,526728.000,2024-07-15 02:37:57.494
ETH,BUY,0.0154,526784.000,2024-07-15 02:37:57.494
ETH,BUY,0.5000,526087.000,2024-07-15 02:38:28.254
ETH,SELL,1.0000,525830.000,2024-07-15 02:38:42.131
ETH,SELL,0.0500,525676.000,2024-07-15 02:38:42.131
ETH,SELL,0.2074,525582.000,2024-07-15 02:38:42.131
ETH,SELL,0.6199,525397.000,2024-07-15 02:38:42.131
ETH,SELL,0.1227,525396.000,2024-07-15 02:38:42.131
ETH,SELL,0.0100,525396.000,2024-07-15 02:38:42.190
ETH,SELL,0.0100,525396.000,2024-07-15 02:38:42.249
ETH,SELL,0.0100,525396.000,2024-07-15 02:38:42.311
ETH,SELL,0.0100,525399.000,2024-07-15 02:38:42.389
ETH,SELL,0.0100,525399.000,2024-07-15 02:38:42.491
ETH,BUY,0.2054,525517.000,2024-07-15 02:38:55.297
ETH,SELL,0.0100,525337.000,2024-07-15 02:38:56.048
ETH,BUY,0.5000,525451.000,2024-07-15 02:39:00.600
ETH,BUY,0.1000,525610.000,2024-07-15 02:39:48.596
ETH,BUY,0.5000,525468.000,2024-07-15 02:40:10.279
ETH,SELL,0.0400,525457.000,2024-07-15 02:41:27.637
ETH,BUY,0.1000,525555.000,2024-07-15 02:41:46.218
ETH,BUY,0.4000,525560.000,2024-07-15 02:41:46.218
ETH,SELL,0.0250,525456.000,2024-07-15 02:41:47.973
ETH,SELL,0.7200,525463.000,2024-07-15 02:42:28.211
ETH,SELL,0.0360,525463.000,2024-07-15 02:42:28.211
ETH,BUY,0.0500,525361.000,2024-07-15 02:42:55.577
ETH,BUY,0.0200,525146.000,2024-07-15 02:44:08.203
ETH,SELL,0.0100,525649.000,2024-07-15 02:46:20.163
ETH,SELL,0.0153,525649.000,2024-07-15 02:46:21.451
ETH,BUY,0.0800,525444.000,2024-07-15 02:47:11.257
ETH,BUY,0.0500,526261.000,2024-07-15 02:48:07.554
ETH,BUY,0.2000,526539.000,2024-07-15 02:48:23.903
ETH,BUY,0.0240,527000.000,2024-07-15 02:48:55.720
ETH,BUY,0.9760,527284.000,2024-07-15 02:48:55.720
ETH,SELL,0.2000,526997.000,2024-07-15 02:49:17.047
ETH,SELL,0.2000,526997.000,2024-07-15 02:49:17.245
ETH,SELL,0.5000,526998.000,2024-07-15 02:49:18.347
ETH,SELL,0.3260,526998.000,2024-07-15 02:49:18.676
ETH,SELL,0.0300,526758.000,2024-07-15 02:49:58.206
ETH,BUY,0.0201,526364.000,2024-07-15 02:51:51.743
ETH,BUY,0.0539,526365.000,2024-07-15 02:51:51.743
ETH,SELL,0.2500,526065.000,2024-07-15 02:51:51.789
ETH,BUY,0.1200,526780.000,2024-07-15 02:52:52.136
ETH,BUY,0.0500,526514.000,2024-07-15 02:53:45.409
ETH,BUY,1.0000,526515.000,2024-07-15 02:53:45.409
ETH,BUY,0.0261,526515.000,2024-07-15 02:53:45.409
ETH,BUY,1.7081,526578.000,2024-07-15 02:53:45.409
ETH,BUY,1.6158,526582.000,2024-07-15 02:53:45.409
ETH,BUY,0.0190,526724.000,2024-07-15 02:54:24.619
ETH,BUY,0.0741,526724.000,2024-07-15 02:55:16.898
ETH,BUY,0.0259,526785.000,2024-07-15 02:55:16.898
ETH,BUY,0.0100,526785.000,2024-07-15 02:55:17.470
ETH,BUY,0.2000,526780.000,2024-07-15 02:55:18.206
ETH,BUY,0.7261,526785.000,2024-07-15 02:55:18.206
ETH,BUY,0.9556,527069.000,2024-07-15 02:55:52.448
ETH,BUY,0.2000,527070.000,2024-07-15 02:55:52.448
ETH,BUY,0.8444,527075.000,2024-07-15 02:55:52.448
ETH,BUY,0.0600,527075.000,2024-07-15 02:56:27.828
ETH,BUY,0.6128,527248.000,2024-07-15 02:56:27.828
ETH,BUY,4.0000,527249.000,2024-07-15 02:56:27.828
ETH,SELL,0.2000,527250.000,2024-07-15 02:56:29.032
ETH,SELL,0.2000,527249.000,2024-07-15 02:56:29.397
ETH,SELL,0.2000,527249.000,2024-07-15 02:56:31.142
ETH,SELL,0.2000,527249.000,2024-07-15 02:56:31.594
ETH,SELL,0.2000,527249.000,2024-07-15 02:56:35.368
ETH,SELL,0.1000,527249.000,2024-07-15 02:56:35.758
ETH,SELL,0.2000,527249.000,2024-07-15 02:56:43.567
ETH,SELL,0.2000,527249.000,2024-07-15 02:56:44.065
ETH,SELL,0.4000,527249.000,2024-07-15 02:57:22.421
ETH,SELL,0.5693,527249.000,2024-07-15 02:57:22.616
ETH,SELL,0.0396,527249.000,2024-07-15 02:58:13.732
ETH,SELL,0.4000,527249.000,2024-07-15 02:58:19.680
ETH,SELL,0.5692,527249.000,2024-07-15 02:58:20.503
ETH,SELL,0.0687,527531.000,2024-07-15 02:58:52.563
ETH,BUY,0.0999,527547.000,2024-07-15 02:58:57.747
ETH,BUY,0.2000,527547.000,2024-07-15 02:58:58.111
ETH,BUY,0.2000,527547.000,2024-07-15 02:58:58.764
ETH,BUY,0.4414,527547.000,2024-07-15 02:59:08.246
ETH,BUY,0.0065,527547.000,2024-07-15 02:59:09.339
ETH,BUY,0.0244,527859.000,2024-07-15 02:59:09.339
ETH,BUY,0.0031,527945.000,2024-07-15 02:59:09.339
ETH,BUY,0.2254,527973.000,2024-07-15 02:59:18.202
ETH,BUY,0.7746,527974.000,2024-07-15 02:59:18.202
ETH,BUY,0.1500,527999.000,2024-07-15 02:59:29.795
ETH,BUY,0.7000,527996.000,2024-07-15 02:59:33.853
ETH,BUY,0.0189,527987.000,2024-07-15 03:00:07.691
ETH,SELL,0.5692,527268.000,2024-07-15 03:00:33.174
ETH,SELL,0.0997,527268.000,2024-07-15 03:00:33.458
ETH,SELL,0.3003,527249.000,2024-07-15 03:00:33.458
ETH,SELL,0.0115,527249.000,2024-07-15 03:00:37.167
ETH,SELL,0.0180,527249.000,2024-07-15 03:00:41.632
ETH,SELL,0.0700,527249.000,2024-07-15 03:00:43.461
ETH,SELL,0.4000,527249.000,2024-07-15 03:00:43.691
ETH,SELL,0.2686,527249.000,2024-07-15 03:00:44.101
ETH,SELL,0.1000,527249.000,2024-07-15 03:00:46.065
ETH,SELL,0.0435,527249.000,2024-07-15 03:00:46.068
ETH,SELL,0.2000,527249.000,2024-07-15 03:00:46.369
ETH,SELL,0.2000,527249.000,2024-07-15 03:00:48.415
ETH,SELL,0.0432,527249.000,2024-07-15 03:00:57.904
ETH,SELL,0.1000,527249.000,2024-07-15 03:01:08.771
ETH,BUY,0.1000,527260.000,2024-07-15 03:01:12.608
ETH,SELL,0.1740,527249.000,2024-07-15 03:01:13.046
ETH,SELL,0.0276,527249.000,2024-07-15 03:01:15.079
ETH,SELL,0.0924,527249.000,2024-07-15 03:01:20.806
ETH,SELL,0.0076,526829.000,2024-07-15 03:01:20.806
ETH,SELL,0.0100,526829.000,2024-07-15 03:01:20.915
ETH,SELL,0.8830,526830.000,2024-07-15 03:01:46.480
ETH,SELL,0.1874,526829.000,2024-07-15 03:01:46.480
ETH,SELL,0.5000,526801.000,2024-07-15 03:01:46.480
ETH,SELL,1.4296,526800.000,2024-07-15 03:01:46.480
ETH,SELL,0.4053,526800.000,2024-07-15 03:02:02.292
ETH,SELL,0.2400,526800.000,2024-07-15 03:02:08.667
ETH,SELL,0.0210,526800.000,2024-07-15 03:02:11.943
ETH,SELL,0.0834,526800.000,2024-07-15 03:02:19.551
ETH,SELL,0.2601,526800.000,2024-07-15 03:02:19.943
ETH,SELL,0.0722,526800.000,2024-07-15 03:02:19.979
ETH,SELL,0.5623,526800.000,2024-07-15 03:02:20.798
ETH,SELL,0.3322,525938.000,2024-07-15 03:02:20.798
ETH,SELL,0.2000,525938.000,2024-07-15 03:02:21.466
ETH,SELL,0.0532,525939.000,2024-07-15 03:02:21.953
ETH,BUY,1.0000,526152.000,2024-07-15 03:02:54.298
ETH,BUY,1.0000,526299.000,2024-07-15 03:02:55.266
ETH,BUY,0.1110,526785.000,2024-07-15 03:02:57.275
ETH,SELL,0.0100,526351.000,2024-07-15 03:04:28.931
ETH,BUY,0.0700,526228.000,2024-07-15 03:04:39.129
ETH,BUY,0.0699,526217.000,2024-07-15 03:05:16.221
ETH,BUY,0.2000,526676.000,2024-07-15 03:05:53.611
ETH,BUY,0.5000,527133.000,2024-07-15 03:06:27.791
ETH,BUY,0.0688,527457.000,2024-07-15 03:06:55.939
ETH,BUY,0.1000,527457.000,2024-07-15 03:06:56.581
ETH,SELL,0.2000,527675.000,2024-07-15 03:07:09.867
ETH,BUY,0.5000,527411.000,2024-07-15 03:07:17.722
ETH,SELL,0.2000,527443.000,2024-07-15 03:07:26.213
ETH,SELL,0.1001,527163.000,2024-07-15 03:07:28.169
ETH,SELL,0.1000,527163.000,2024-07-15 03:07:28.293
ETH,SELL,0.5687,527163.000,2024-07-15 03:07:29.092
ETH,BUY,0.8830,526499.000,2024-07-15 03:07:44.885
ETH,BUY,0.1170,526500.000,2024-07-15 03:07:44.885
ETH,BUY,1.0000,525857.000,2024-07-15 03:07:58.593
ETH,BUY,1.0000,525805.000,2024-07-15 03:08:39.288
ETH,BUY,0.0200,525630.000,2024-07-15 03:08:49.492
ETH,BUY,1.0000,525676.000,2024-07-15 03:10:18.010
ETH,SELL,0.0100,525867.000,2024-07-15 03:11:47.388
ETH,BUY,0.6199,525868.000,2024-07-15 03:12:09.348
ETH,BUY,0.1000,525870.000,2024-07-15 03:12:09.348
ETH,SELL,0.2801,525900.000,2024-07-15 03:12:29.860
ETH,SELL,0.0680,525867.000,2024-07-15 03:12:39.840
ETH,SELL,0.1000,525867.000,2024-07-15 03:12:59.838
ETH,SELL,0.0119,525867.000,2024-07-15 03:13:01.965
ETH,BUY,1.0000,525868.000,2024-07-15 03:13:04.017
ETH,SELL,0.0155,525867.000,2024-07-15 03:13:05.357
ETH,SELL,0.1845,525612.000,2024-07-15 03:13:05.357
ETH,SELL,0.0233,525612.000,2024-07-15 03:13:52.438
ETH,SELL,0.0700,525612.000,2024-07-15 03:14:19.595
ETH,SELL,0.3222,525612.000,2024-07-15 03:14:32.507
ETH,SELL,1.0000,525249.000,2024-07-15 03:14:32.507
ETH,SELL,0.6778,525227.000,2024-07-15 03:14:32.507
ETH,BUY,0.0190,525507.000,2024-07-15 03:14:41.455
ETH,BUY,1.0000,525549.000,2024-07-15 03:14:45.305
ETH,SELL,0.2000,525178.000,2024-07-15 03:14:59.527
ETH,SELL,0.1000,525111.000,2024-07-15 03:15:44.420
ETH,SELL,0.0335,525111.000,2024-07-15 03:15:49.937
ETH,SELL,0.8665,525111.000,2024-07-15 03:15:59.469
ETH,SELL,0.0600,525000.000,2024-07-15 03:15:59.469
ETH,SELL,0.0735,524788.000,2024-07-15 03:15:59.469
ETH,SELL,0.3200,524788.000,2024-07-15 03:15:59.569
ETH,BUY,0.5000,524767.000,2024-07-15 03:17:19.464
ETH,SELL,0.0100,524935.000,2024-07-15 03:19:17.947
ETH,SELL,0.0136,524910.000,2024-07-15 03:20:25.488
ETH,BUY,0.0100,525000.000,2024-07-15 03:21:02.410
ETH,BUY,1.1300,525000.000,2024-07-15 03:21:02.929
ETH,BUY,0.0515,525000.000,2024-07-15 03:21:06.935
ETH,BUY,0.3012,525000.000,2024-07-15 03:21:08.219
ETH,BUY,0.0473,525000.000,2024-07-15 03:21:08.248
ETH,BUY,0.2000,525105.000,2024-07-15 03:21:08.509
ETH,BUY,0.1000,525750.000,2024-07-15 03:21:08.681
ETH,BUY,0.0100,525828.000,2024-07-15 03:21:27.924
ETH,BUY,0.0800,525795.000,2024-07-15 03:21:38.703
ETH,BUY,0.5000,525790.000,2024-07-15 03:21:58.227
ETH,BUY,0.3728,525786.000,2024-07-15 03:22:04.557
ETH,BUY,0.1500,525843.000,2024-07-15 03:22:15.468
ETH,BUY,0.0100,525900.000,2024-07-15 03:22:33.378
ETH,SELL,0.0100,525899.000,2024-07-15 03:22:50.346
ETH,SELL,0.0516,525876.000,2024-07-15 03:24:25.149
ETH,SELL,0.0100,525800.000,2024-07-15 03:26:35.473
ETH,SELL,0.0020,525747.000,2024-07-15 03:26:35.473
ETH,SELL,1.0000,525626.000,2024-07-15 03:27:25.479
ETH,SELL,0.7898,525578.000,2024-07-15 03:27:25.479
ETH,SELL,0.0102,525575.000,2024-07-15 03:27:25.479
ETH,BUY,0.0143,525654.000,2024-07-15 03:27:41.055
ETH,SELL,1.0000,525346.000,2024-07-15 03:28:40.151
ETH,SELL,0.0184,525345.000,2024-07-15 03:28:40.151
ETH,BUY,1.7130,525195.000,2024-07-15 03:30:26.291
ETH,BUY,1.7100,525199.000,2024-07-15 03:30:26.291
ETH,BUY,1.0000,525313.000,2024-07-15 03:30:42.564
ETH,BUY,1.0000,525338.000,2024-07-15 03:30:42.564
ETH,BUY,0.0570,525438.000,2024-07-15 03:30:54.162
ETH,BUY,0.0500,525610.000,2024-07-15 03:31:06.762
ETH,BUY,0.3000,525480.000,2024-07-15 03:32:04.364
ETH,BUY,0.1500,525667.000,2024-07-15 03:32:41.136
ETH,BUY,0.0400,525685.000,2024-07-15 03:32:51.807
ETH,BUY,0.0100,525746.000,2024-07-15 03:33:06.115
ETH,BUY,0.0190,525454.000,2024-07-15 03:34:52.740
ETH,SELL,0.0300,525565.000,2024-07-15 03:36:00.470
ETH,BUY,0.5400,525671.000,2024-07-15 03:36:16.583
ETH,SELL,0.1000,525530.000,2024-07-15 03:37:30.327
ETH,SELL,1.0000,525166.000,2024-07-15 03:38:16.966
ETH,SELL,0.5000,525000.000,2024-07-15 03:38:16.966
ETH,SELL,1.0000,524946.000,2024-07-15 03:38:16.966
ETH,SELL,0.6082,524757.000,2024-07-15 03:38:16.966
ETH,SELL,0.1943,524738.000,2024-07-15 03:38:16.966
ETH,SELL,0.1000,524677.000,2024-07-15 03:38:16.966
ETH,SELL,0.4975,524677.000,2024-07-15 03:38:16.966
ETH,BUY,0.0152,524945.000,2024-07-15 03:39:35.195
ETH,SELL,0.5400,524988.000,2024-07-15 03:40:25.880
ETH,BUY,0.0800,525086.000,2024-07-15 03:40:48.548
ETH,BUY,0.0200,525167.000,2024-07-15 03:42:03.792
ETH,BUY,0.1000,525166.000,2024-07-15 03:43:06.291
ETH,SELL,1.0000,525128.000,2024-07-15 03:43:42.322
ETH,SELL,1.2493,524958.000,2024-07-15 03:43:42.322
ETH,SELL,0.0200,524900.000,2024-07-15 03:43:42.322
ETH,SELL,0.5400,524872.000,2024-07-15 03:43:42.322
ETH,SELL,4.0000,524784.000,2024-07-15 03:43:42.322
ETH,SELL,0.3346,524731.000,2024-07-15 03:43:42.322
ETH,BUY,0.0100,525006.000,2024-07-15 03:45:11.702
ETH,BUY,0.2000,525167.000,2024-07-15 03:45:35.010
ETH,BUY,0.2000,525167.000,2024-07-15 03:45:37.131
ETH,BUY,0.1400,525167.000,2024-07-15 03:45:39.278
ETH,BUY,0.1000,525408.000,2024-07-15 03:45:39.368
ETH,BUY,0.0100,525800.000,2024-07-15 03:47:12.680
ETH,BUY,0.5635,525836.000,2024-07-15 03:47:35.343
ETH,BUY,0.0400,525836.000,2024-07-15 03:47:35.343
ETH,BUY,0.2365,525837.000,2024-07-15 03:47:35.343
ETH,BUY,0.0099,525900.000,2024-07-15 03:48:19.497
ETH,BUY,0.0091,526234.000,2024-07-15 03:48:19.497
ETH,SELL,1.5000,526077.000,2024-07-15 03:48:32.760
ETH,BUY,0.2000,526234.000,2024-07-15 03:48:42.785
ETH,BUY,0.2000,526234.000,2024-07-15 03:48:42.969
ETH,BUY,0.0909,526234.000,2024-07-15 03:48:45.048
ETH,BUY,0.0091,526678.000,2024-07-15 03:48:45.048
ETH,BUY,0.1000,526678.000,2024-07-15 03:48:45.068
ETH,BUY,0.0720,526741.000,2024-07-15 03:48:48.263
ETH,SELL,0.2967,526643.000,2024-07-15 03:49:38.750
ETH,SELL,0.0165,526156.000,2024-07-15 03:50:02.083
ETH,SELL,0.0478,526350.000,2024-07-15 03:51:12.482
ETH,SELL,0.6249,526349.000,2024-07-15 03:51:12.482
ETH,SELL,0.3273,526348.000,2024-07-15 03:51:12.482
ETH,SELL,0.0100,526445.000,2024-07-15 03:51:47.152
ETH,BUY,0.0500,526397.000,2024-07-15 03:53:32.269
ETH,BUY,0.5000,526502.000,2024-07-15 03:53:40.905
ETH,BUY,0.0360,526468.000,2024-07-15 03:57:51.571
ETH,SELL,0.1015,526230.000,2024-07-15 03:58:24.359
ETH,BUY,1.0000,526353.000,2024-07-15 03:58:27.631
ETH,BUY,0.0100,526397.000,2024-07-15 04:00:07.380
ETH,BUY,0.1000,526631.000,2024-07-15 04:01:38.017
ETH,BUY,1.0000,526600.000,2024-07-15 04:03:47.990
ETH,BUY,1.0000,526616.000,2024-07-15 04:03:47.990
ETH,SELL,0.1000,526675.000,2024-07-15 04:03:52.549
ETH,SELL,0.2000,526675.000,2024-07-15 04:03:58.854
ETH,SELL,0.2000,526675.000,2024-07-15 04:04:00.731
ETH,BUY,1.0000,526676.000,2024-07-15 04:04:00.948
ETH,BUY,0.2773,526676.000,2024-07-15 04:04:00.948
ETH,BUY,0.1400,526682.000,2024-07-15 04:04:00.948
ETH,BUY,0.0677,526684.000,2024-07-15 04:04:00.948
ETH,SELL,0.2000,526443.000,2024-07-15 04:04:01.075
ETH,BUY,0.1500,526489.000,2024-07-15 04:05:02.382
ETH,SELL,0.0105,526457.000,2024-07-15 04:05:26.934
ETH,SELL,0.2000,526457.000,2024-07-15 04:05:27.981
ETH,SELL,0.0895,526457.000,2024-07-15 04:05:34.151
ETH,SELL,0.1105,526443.000,2024-07-15 04:05:34.151
ETH,SELL,0.2000,526443.000,2024-07-15 04:05:36.323
ETH,BUY,0.0325,526456.000,2024-07-15 04:05:42.201
ETH,SELL,0.2000,526443.000,2024-07-15 04:05:47.262
ETH,SELL,0.2000,526443.000,2024-07-15 04:05:47.717
ETH,BUY,0.0200,526444.000,2024-07-15 04:05:59.527
ETH,SELL,0.0200,526443.000,2024-07-15 04:06:02.723
ETH,SELL,0.1000,526443.000,2024-07-15 04:06:05.722
ETH,SELL,0.0700,526443.000,2024-07-15 04:06:05.772
ETH,SELL,0.0300,526443.000,2024-07-15 04:06:06.137
ETH,SELL,0.0100,526443.000,2024-07-15 04:06:06.306
ETH,SELL,0.0595,526443.000,2024-07-15 04:06:06.387
ETH,SELL,0.0100,526006.000,2024-07-15 04:06:06.443
ETH,SELL,0.1000,526000.000,2024-07-15 04:06:08.038
ETH,SELL,0.0700,526000.000,2024-07-15 04:06:13.718
ETH,SELL,0.1943,526000.000,2024-07-15 04:06:13.942
ETH,SELL,0.1357,526000.000,2024-07-15 04:06:14.583
ETH,SELL,0.0643,525886.000,2024-07-15 04:06:14.583
ETH,SELL,0.1000,525886.000,2024-07-15 04:06:14.638
ETH,SELL,0.0149,525881.000,2024-07-15 04:08:26.482
ETH,SELL,0.4851,525881.000,2024-07-15 04:08:30.934
ETH,SELL,0.0700,525439.000,2024-07-15 04:09:07.640
ETH,SELL,0.1500,525439.000,2024-07-15 04:09:07.717
ETH,BUY,1.0000,525720.000,2024-07-15 04:09:30.129
ETH,SELL,0.0210,525552.000,2024-07-15 04:10:12.142
ETH,BUY,0.1050,525552.000,2024-07-15 04:11:10.374
ETH,SELL,0.3950,525477.000,2024-07-15 04:11:52.636
ETH,BUY,0.0188,525426.000,2024-07-15 04:15:11.007
ETH,BUY,0.0184,525500.000,2024-07-15 04:15:14.987
ETH,SELL,0.0133,525410.000,2024-07-15 04:15:23.071
ETH,BUY,1.7100,525500.000,2024-07-15 04:18:04.026
ETH,BUY,1.1600,525500.000,2024-07-15 04:18:29.212
ETH,BUY,0.2000,525500.000,2024-07-15 04:18:33.395
ETH,BUY,0.2000,525500.000,2024-07-15 04:18:35.547
ETH,BUY,0.4000,525500.000,2024-07-15 04:18:59.984
ETH,BUY,0.2000,525500.000,2024-07-15 04:19:01.837
ETH,BUY,0.0277,525500.000,2024-07-15 04:19:02.037
ETH,BUY,0.2000,525500.000,2024-07-15 04:19:02.788
ETH,BUY,0.0839,525500.000,2024-07-15 04:19:04.177
ETH,BUY,0.0161,526087.000,2024-07-15 04:19:04.177
ETH,BUY,0.0337,526350.000,2024-07-15 04:19:14.823
ETH,SELL,0.3800,526349.000,2024-07-15 04:19:53.644
ETH,BUY,0.1000,526350.000,2024-07-15 04:20:02.778
ETH,BUY,0.2000,526350.000,2024-07-15 04:20:10.981
ETH,BUY,0.0100,526350.000,2024-07-15 04:20:32.042
ETH,BUY,0.0300,526350.000,2024-07-15 04:20:32.115
ETH,BUY,0.0100,526350.000,2024-07-15 04:20:32.664
ETH,BUY,0.0163,526350.000,2024-07-15 04:20:32.794
ETH,BUY,0.0293,526869.000,2024-07-15 04:20:32.933
ETH,BUY,0.0950,526851.000,2024-07-15 04:26:43.352
ETH,BUY,0.0800,527017.000,2024-07-15 04:29:52.332
ETH,BUY,0.0200,527017.000,2024-07-15 04:30:19.519
ETH,SELL,0.0100,527330.000,2024-07-15 04:35:21.981
ETH,SELL,0.0066,527122.000,2024-07-15 04:35:21.981
ETH,BUY,0.0163,527147.000,2024-07-15 04:35:25.989
ETH,SELL,0.1000,527114.000,2024-07-15 04:38:34.470
ETH,SELL,0.2000,526909.000,2024-07-15 04:38:35.829
ETH,SELL,0.2000,526909.000,2024-07-15 04:38:36.584
ETH,SELL,0.0100,526740.000,2024-07-15 04:42:56.262
ETH,BUY,0.0800,526974.000,2024-07-15 04:43:23.764
ETH,SELL,0.0100,526941.000,2024-07-15 04:44:45.611
ETH,SELL,0.0800,526938.000,2024-07-15 04:44:45.611
ETH,SELL,0.0158,527033.000,2024-07-15 04:46:21.975
ETH,BUY,0.0100,526555.000,2024-07-15 04:48:56.564
ETH,BUY,0.0100,526810.000,2024-07-15 04:49:58.789
ETH,SELL,0.0100,526755.000,2024-07-15 04:53:28.932
ETH,SELL,0.0012,526403.000,2024-07-15 04:53:28.932
ETH,BUY,0.0500,527041.000,2024-07-15 04:56:23.887
ETH,BUY,0.0110,527402.000,2024-07-15 04:56:23.887
ETH,BUY,0.5000,527420.000,2024-07-15 04:56:23.887
ETH,BUY,1.0000,527464.000,2024-07-15 04:56:23.887
ETH,BUY,0.0800,527510.000,2024-07-15 04:56:23.887
ETH,BUY,0.3590,527588.000,2024-07-15 04:56:23.887
ETH,BUY,0.0500,527522.000,2024-07-15 04:59:41.861
ETH,BUY,0.0300,527522.000,2024-07-15 04:59:42.668
ETH,SELL,0.8819,527528.000,2024-07-15 05:02:04.232
ETH,SELL,0.1181,527527.000,2024-07-15 05:02:04.232
ETH,SELL,0.2000,527527.000,2024-07-15 05:02:36.420
ETH,SELL,0.2000,527527.000,2024-07-15 05:02:38.573
ETH,SELL,0.2000,527527.000,2024-07-15 05:02:40.759
ETH,SELL,0.0361,527527.000,2024-07-15 05:02:47.145
ETH,SELL,0.0228,527527.000,2024-07-15 05:02:58.057
ETH,SELL,0.0121,527527.000,2024-07-15 05:03:09.008
ETH,SELL,0.0374,527527.000,2024-07-15 05:03:09.317
ETH,SELL,0.1735,527527.000,2024-07-15 05:03:09.444
ETH,SELL,0.3609,527481.000,2024-07-15 05:05:48.398
ETH,BUY,0.1700,527588.000,2024-07-15 05:08:04.951
ETH,BUY,0.1000,527588.000,2024-07-15 05:08:05.328
ETH,BUY,0.0300,527588.000,2024-07-15 05:08:05.590
ETH,BUY,0.0600,527609.000,2024-07-15 05:08:05.749
ETH,BUY,0.0390,528000.000,2024-07-15 05:08:05.749
ETH,BUY,0.4685,528000.000,2024-07-15 05:08:05.749
ETH,BUY,0.2000,528000.000,2024-07-15 05:08:07.134
ETH,BUY,0.2000,528000.000,2024-07-15 05:08:07.508
ETH,BUY,0.1000,528000.000,2024-07-15 05:08:08.346
ETH,BUY,0.0100,528000.000,2024-07-15 05:08:15.118
ETH,SELL,0.1250,527448.000,2024-07-15 05:09:24.093
ETH,BUY,0.1500,527782.000,2024-07-15 05:10:28.232
ETH,BUY,0.0200,527765.000,2024-07-15 05:11:17.362
ETH,SELL,0.0400,527525.000,2024-07-15 05:12:20.710
ETH,SELL,0.1000,527448.000,2024-07-15 05:13:56.559
ETH,SELL,0.0700,527448.000,2024-07-15 05:14:02.621
ETH,SELL,0.0485,526795.000,2024-07-15 05:14:15.770
ETH,SELL,0.2515,526757.000,2024-07-15 05:14:15.770
ETH,SELL,0.0300,526873.000,2024-07-15 05:15:14.971
ETH,SELL,0.2000,527205.000,2024-07-15 05:19:14.179
ETH,SELL,0.2300,527200.000,2024-07-15 05:19:14.179
ETH,SELL,0.5700,527060.000,2024-07-15 05:19:14.179
ETH,SELL,0.0900,526800.000,2024-07-15 05:21:38.576
ETH,SELL,0.0100,526489.000,2024-07-15 05:21:38.576
ETH,SELL,0.1000,526489.000,2024-07-15 05:21:39.021
ETH,SELL,0.0100,526223.000,2024-07-15 05:23:55.693
ETH,SELL,0.1000,526205.000,2024-07-15 05:27:04.387
ETH,BUY,0.0250,526251.000,2024-07-15 05:27:47.500
ETH,BUY,0.0484,526299.000,2024-07-15 05:30:44.784
ETH,BUY,0.0100,526299.000,2024-07-15 05:30:45.095
ETH,BUY,0.0916,526299.000,2024-07-15 05:30:45.529
ETH,BUY,0.0084,526649.000,2024-07-15 05:30:45.529
ETH,BUY,0.2000,526649.000,2024-07-15 05:31:37.958
ETH,BUY,0.2000,526649.000,2024-07-15 05:31:40.166
ETH,BUY,0.1900,526649.000,2024-07-15 05:31:40.215
ETH,SELL,0.5000,526648.000,2024-07-15 05:31:51.131
ETH,BUY,0.0064,526649.000,2024-07-15 05:33:18.310
ETH,SELL,0.2000,526649.000,2024-07-15 05:36:31.546
ETH,BUY,0.0187,526635.000,2024-07-15 05:36:50.825
ETH,BUY,0.0187,526645.000,2024-07-15 05:37:00.817
ETH,SELL,0.0500,526648.000,2024-07-15 05:37:10.576
ETH,BUY,0.0187,526649.000,2024-07-15 05:37:10.777
ETH,BUY,0.2000,526649.000,2024-07-15 05:37:10.927
ETH,BUY,0.1000,526649.000,2024-07-15 05:37:13.025
ETH,BUY,0.5350,526649.000,2024-07-15 05:37:19.615
ETH,BUY,0.2000,526649.000,2024-07-15 05:37:20.772
ETH,BUY,0.0187,526649.000,2024-07-15 05:37:20.920
ETH,BUY,0.2000,526649.000,2024-07-15 05:37:21.377
ETH,BUY,0.1000,526649.000,2024-07-15 05:37:22.854
ETH,BUY,0.2000,526649.000,2024-07-15 05:37:23.494
ETH,BUY,0.2000,526649.000,2024-07-15 05:37:25.624
ETH,BUY,0.1000,526649.000,2024-07-15 05:37:29.760
ETH,BUY,0.0187,526649.000,2024-07-15 05:37:30.835
ETH,BUY,0.0187,526649.000,2024-07-15 05:37:40.822
ETH,BUY,0.1000,526649.000,2024-07-15 05:37:43.995
ETH,BUY,0.2000,526649.000,2024-07-15 05:37:48.154
ETH,BUY,0.1000,526649.000,2024-07-15 05:37:50.333
ETH,BUY,0.0187,526649.000,2024-07-15 05:37:50.865
ETH,BUY,0.0100,526649.000,2024-07-15 05:37:52.825
ETH,BUY,0.0187,526649.000,2024-07-15 05:38:00.788
ETH,BUY,0.0187,526649.000,2024-07-15 05:38:10.861
ETH,BUY,0.1000,526649.000,2024-07-15 05:38:32.883
ETH,BUY,0.2000,526649.000,2024-07-15 05:38:41.007
ETH,BUY,0.3042,526649.000,2024-07-15 05:38:42.632
ETH,BUY,0.0752,526649.000,2024-07-15 05:38:42.723
ETH,BUY,0.2000,526649.000,2024-07-15 05:38:43.162
ETH,BUY,0.2000,526649.000,2024-07-15 05:38:45.252
ETH,BUY,0.2000,526649.000,2024-07-15 05:38:47.444
ETH,BUY,0.2000,526649.000,2024-07-15 05:38:53.597
ETH,BUY,0.0710,526649.000,2024-07-15 05:38:53.948
ETH,BUY,0.2000,526649.000,2024-07-15 05:38:55.777
ETH,BUY,0.0192,526649.000,2024-07-15 05:38:58.355
ETH,BUY,0.0545,526649.000,2024-07-15 05:39:03.253
ETH,BUY,0.1000,527200.000,2024-07-15 05:42:28.212
ETH,BUY,0.0700,527200.000,2024-07-15 05:43:06.404
ETH,BUY,0.3300,527200.000,2024-07-15 05:44:42.277
ETH,BUY,0.4100,527313.000,2024-07-15 05:44:42.277
ETH,SELL,0.0200,527368.000,2024-07-15 05:45:59.157
ETH,SELL,0.2000,527358.000,2024-07-15 05:47:29.047
ETH,SELL,0.2000,527358.000,2024-07-15 05:47:29.355
ETH,BUY,0.0100,527368.000,2024-07-15 05:48:29.163
ETH,BUY,0.0400,527796.000,2024-07-15 05:48:29.163
ETH,SELL,0.5000,527792.000,2024-07-15 05:49:29.497
ETH,BUY,0.2000,527850.000,2024-07-15 05:51:08.384
ETH,BUY,0.2000,527767.000,2024-07-15 05:51:59.528
ETH,BUY,0.4519,527536.000,2024-07-15 05:53:19.323
ETH,BUY,0.5481,527537.000,2024-07-15 05:53:19.323
ETH,SELL,0.2000,527327.000,2024-07-15 05:53:33.874
ETH,SELL,0.4000,527264.000,2024-07-15 05:53:39.439
ETH,SELL,0.2000,527199.000,2024-07-15 05:53:56.492
ETH,SELL,0.0114,527199.000,2024-07-15 05:54:33.983
ETH,SELL,0.1000,527199.000,2024-07-15 05:54:46.112
ETH,SELL,0.0500,527199.000,2024-07-15 05:54:48.079
ETH,SELL,0.0700,527199.000,2024-07-15 05:54:53.074
ETH,SELL,0.0100,527199.000,2024-07-15 05:54:59.966
ETH,SELL,0.0100,527199.000,2024-07-15 05:54:59.967
ETH,SELL,0.0300,527199.000,2024-07-15 05:55:00.103
ETH,SELL,0.1131,527199.000,2024-07-15 05:55:05.017
ETH,SELL,0.0616,526922.000,2024-07-15 05:55:05.017
ETH,SELL,0.0110,526942.000,2024-07-15 05:55:15.431
ETH,SELL,0.2000,527165.000,2024-07-15 05:56:50.147
ETH,SELL,0.0300,527165.000,2024-07-15 05:56:50.148
ETH,SELL,0.2000,527113.000,2024-07-15 05:57:05.375
ETH,BUY,0.0927,527089.000,2024-07-15 05:57:07.525
ETH,SELL,0.1200,527069.000,2024-07-15 05:58:33.148
ETH,SELL,0.0800,527052.000,2024-07-15 05:58:34.432
ETH,SELL,0.0554,526910.000,2024-07-15 05:59:11.598
ETH,SELL,0.0900,527257.000,2024-07-15 06:00:56.066
ETH,SELL,1.0000,526780.000,2024-07-15 06:03:20.526
ETH,SELL,0.0133,526781.000,2024-07-15 06:03:21.010
ETH,BUY,0.0189,526809.000,2024-07-15 06:04:01.602
ETH,BUY,0.0189,526730.000,2024-07-15 06:04:31.592
ETH,SELL,0.0499,526805.000,2024-07-15 06:04:34.995
ETH,SELL,0.4000,526805.000,2024-07-15 06:04:36.038
ETH,SELL,0.0500,526806.000,2024-07-15 06:04:40.937
ETH,SELL,0.0600,526807.000,2024-07-15 06:05:31.876
ETH,BUY,0.0100,526679.000,2024-07-15 06:07:43.984
ETH,BUY,0.4430,527530.000,2024-07-15 06:10:48.829
ETH,BUY,0.1000,527850.000,2024-07-15 06:12:48.216
ETH,BUY,0.0215,528000.000,2024-07-15 06:14:21.458
ETH,BUY,0.0069,528000.000,2024-07-15 06:14:21.458
ETH,BUY,0.0031,528000.000,2024-07-15 06:14:41.928
ETH,SELL,0.5000,528199.000,2024-07-15 06:15:43.049
ETH,SELL,0.1725,528199.000,2024-07-15 06:17:56.145
ETH,SELL,0.8275,528199.000,2024-07-15 06:17:56.145
ETH,BUY,0.5000,528200.000,2024-07-15 06:17:58.373
ETH,BUY,0.1000,528438.000,2024-07-15 06:18:18.405
ETH,SELL,0.5000,528437.000,2024-07-15 06:18:33.483
ETH,SELL,0.0934,528437.000,2024-07-15 06:18:35.385
ETH,SELL,0.9066,528409.000,2024-07-15 06:18:35.385
ETH,BUY,0.0500,528438.000,2024-07-15 06:19:20.786
ETH,BUY,0.0500,528438.000,2024-07-15 06:19:28.926
ETH,BUY,0.8000,528602.000,2024-07-15 06:20:21.901
ETH,SELL,1.0000,528589.000,2024-07-15 06:20:32.855
ETH,BUY,0.0100,528627.000,2024-07-15 06:20:36.204
ETH,BUY,0.0080,528778.000,2024-07-15 06:20:36.204
ETH,BUY,0.0100,528759.000,2024-07-15 06:20:49.123
ETH,BUY,0.1626,528810.000,2024-07-15 06:20:49.123
ETH,BUY,0.8274,528819.000,2024-07-15 06:20:49.123
ETH,SELL,0.5934,528758.000,2024-07-15 06:21:44.099
ETH,SELL,0.4066,528757.000,2024-07-15 06:21:44.099
ETH,SELL,0.5931,528758.000,2024-07-15 06:21:52.227
ETH,SELL,0.4069,528728.000,2024-07-15 06:21:52.227
ETH,SELL,0.2000,528770.000,2024-07-15 06:22:32.452
ETH,SELL,0.3000,528766.000,2024-07-15 06:22:32.452
ETH,SELL,0.2000,529083.000,2024-07-15 06:23:11.115
ETH,SELL,0.2000,529083.000,2024-07-15 06:23:11.520
ETH,SELL,0.2000,529073.000,2024-07-15 06:23:13.736
ETH,SELL,0.2000,529073.000,2024-07-15 06:23:15.917
ETH,SELL,0.2000,529010.000,2024-07-15 06:23:20.088
ETH,SELL,0.2000,529010.000,2024-07-15 06:23:22.212
ETH,SELL,0.0100,529000.000,2024-07-15 06:23:33.623
ETH,SELL,0.4900,528815.000,2024-07-15 06:23:33.623
ETH,BUY,0.0569,529477.000,2024-07-15 06:26:00.283
ETH,SELL,0.5000,529477.000,2024-07-15 06:26:01.842
ETH,BUY,0.2991,529500.000,2024-07-15 06:26:02.187
ETH,BUY,0.2000,529500.000,2024-07-15 06:26:03.149
ETH,BUY,1.0000,529500.000,2024-07-15 06:26:03.433
ETH,BUY,1.0000,529500.000,2024-07-15 06:26:06.174
ETH,BUY,0.2300,529500.000,2024-07-15 06:26:15.947
ETH,BUY,1.0000,529500.000,2024-07-15 06:26:16.031
ETH,BUY,0.2991,529500.000,2024-07-15 06:26:16.206
ETH,BUY,1.4718,529500.000,2024-07-15 06:26:16.289
ETH,SELL,0.0146,529566.000,2024-07-15 06:26:26.487
ETH,BUY,0.0100,529824.000,2024-07-15 06:26:40.722
ETH,BUY,0.0800,529623.000,2024-07-15 06:26:49.962
ETH,SELL,0.1000,528701.000,2024-07-15 06:27:34.602
ETH,SELL,0.1000,528701.000,2024-07-15 06:27:34.640
ETH,BUY,0.1000,529306.000,2024-07-15 06:28:41.975
ETH,BUY,0.0850,529495.000,2024-07-15 06:29:37.963
ETH,SELL,1.0000,529427.000,2024-07-15 06:31:32.928
ETH,BUY,0.0271,529268.000,2024-07-15 06:31:35.003
ETH,BUY,0.0543,529280.000,2024-07-15 06:31:40.452
ETH,BUY,0.1000,529899.000,2024-07-15 06:36:12.244
ETH,BUY,0.0200,529899.000,2024-07-15 06:36:45.914
ETH,BUY,0.0800,529900.000,2024-07-15 06:37:07.217
ETH,BUY,0.1200,529900.000,2024-07-15 06:37:19.550
ETH,BUY,0.1000,530000.000,2024-07-15 06:37:19.550
ETH,BUY,0.0220,530000.000,2024-07-15 06:37:19.550
ETH,BUY,0.0100,530000.000,2024-07-15 06:37:19.550
ETH,BUY,1.0000,530000.000,2024-07-15 06:37:19.550
ETH,BUY,0.0680,530000.000,2024-07-15 06:37:19.550
ETH,SELL,0.0100,529917.000,2024-07-15 06:37:38.476
ETH,BUY,0.1688,530000.000,2024-07-15 06:38:29.016
ETH,BUY,0.0700,530000.000,2024-07-15 06:38:29.195
ETH,BUY,0.6932,530000.000,2024-07-15 06:38:29.196
ETH,BUY,0.1000,530000.000,2024-07-15 06:38:29.196
ETH,BUY,0.0100,530000.000,2024-07-15 06:38:29.196
ETH,BUY,0.0300,530000.000,2024-07-15 06:38:29.196
ETH,BUY,0.0100,530000.000,2024-07-15 06:38:29.196
ETH,BUY,0.3000,530000.000,2024-07-15 06:38:29.196
ETH,BUY,0.1000,530000.000,2024-07-15 06:38:29.196
ETH,BUY,0.6500,530000.000,2024-07-15 06:38:29.196
ETH,BUY,0.0300,530000.000,2024-07-15 06:38:29.196
ETH,BUY,0.0100,530000.000,2024-07-15 06:38:29.196
ETH,BUY,0.0668,530000.000,2024-07-15 06:38:29.196
ETH,BUY,0.1400,530000.000,2024-07-15 06:38:29.429
ETH,BUY,0.0932,530000.000,2024-07-15 06:38:29.627
ETH,BUY,0.1000,530000.000,2024-07-15 06:38:29.627
ETH,BUY,0.0900,530000.000,2024-07-15 06:38:29.627
ETH,BUY,0.0500,530000.000,2024-07-15 06:38:29.627
ETH,BUY,0.1668,530000.000,2024-07-15 06:38:29.627
ETH,BUY,0.2000,530000.000,2024-07-15 06:38:29.680
ETH,BUY,0.2000,530000.000,2024-07-15 06:38:29.855
ETH,BUY,0.0700,530000.000,2024-07-15 06:38:30.037
ETH,BUY,0.5000,530000.000,2024-07-15 06:38:30.319
ETH,BUY,0.0100,530000.000,2024-07-15 06:38:30.872
ETH,BUY,0.2032,530000.000,2024-07-15 06:38:31.108
ETH,BUY,0.3968,530814.000,2024-07-15 06:38:31.108
ETH,BUY,0.0700,530814.000,2024-07-15 06:38:31.109
ETH,BUY,0.0188,531000.000,2024-07-15 06:38:31.641
ETH,BUY,0.0274,531000.000,2024-07-15 06:38:32.299
ETH,BUY,0.2744,531000.000,2024-07-15 06:38:32.904
ETH,BUY,0.1000,531000.000,2024-07-15 06:38:33.039
ETH,BUY,0.0100,530460.000,2024-07-15 06:39:16.845
ETH,BUY,0.0147,530385.000,2024-07-15 06:39:19.595
ETH,SELL,0.0700,530341.000,2024-07-15 06:39:23.004
ETH,SELL,0.4271,530341.000,2024-07-15 06:39:23.221
ETH,SELL,0.1100,530341.000,2024-07-15 06:39:23.347
ETH,SELL,0.1958,530341.000,2024-07-15 06:39:23.564
ETH,SELL,0.0100,530341.000,2024-07-15 06:39:23.613
ETH,SELL,0.1000,530341.000,2024-07-15 06:39:24.017
ETH,SELL,0.0600,530272.000,2024-07-15 06:39:27.364
ETH,BUY,0.0190,530144.000,2024-07-15 06:39:32.015
ETH,SELL,0.0100,530000.000,2024-07-15 06:39:48.894
ETH,SELL,0.1900,530000.000,2024-07-15 06:39:48.894
ETH,SELL,0.0100,530000.000,2024-07-15 06:39:48.967
ETH,BUY,0.3200,529906.000,2024-07-15 06:39:53.575
ETH,BUY,1.0000,529907.000,2024-07-15 06:39:53.575
ETH,BUY,0.2100,529916.000,2024-07-15 06:39:53.575
ETH,SELL,0.0818,529899.000,2024-07-15 06:40:10.046
ETH,SELL,0.1182,529812.000,2024-07-15 06:40:10.046
ETH,SELL,0.2000,529812.000,2024-07-15 06:40:10.907
ETH,SELL,0.2000,529812.000,2024-07-15 06:40:10.984
ETH,SELL,0.0700,529812.000,2024-07-15 06:40:11.696
ETH,SELL,0.0700,529812.000,2024-07-15 06:40:12.595
ETH,SELL,0.1000,529590.000,2024-07-15 06:40:12.974
ETH,SELL,0.2000,529590.000,2024-07-15 06:40:12.980
ETH,SELL,0.0100,529590.000,2024-07-15 06:40:13.030
ETH,SELL,0.2000,529550.000,2024-07-15 06:40:40.462
ETH,BUY,0.9000,529908.000,2024-07-15 06:41:02.798
ETH,BUY,0.4000,529819.000,2024-07-15 06:41:55.363
ETH,SELL,0.2500,529601.000,2024-07-15 06:42:06.601
ETH,SELL,0.0110,529971.000,2024-07-15 06:44:10.995
ETH,SELL,0.0700,529898.000,2024-07-15 06:44:17.368
ETH,BUY,0.0369,530126.000,2024-07-15 06:45:09.949
ETH,SELL,0.1000,530021.000,2024-07-15 06:45:16.604
ETH,BUY,0.3000,529999.000,2024-07-15 06:46:18.952
ETH,SELL,0.0423,530000.000,2024-07-15 06:46:26.382
ETH,BUY,0.0100,530015.000,2024-07-15 06:46:26.798
ETH,SELL,0.2000,530000.000,2024-07-15 06:46:27.427
ETH,SELL,0.2000,530000.000,2024-07-15 06:46:29.616
ETH,SELL,0.0507,530000.000,2024-07-15 06:46:30.777
ETH,SELL,0.2000,530000.000,2024-07-15 06:46:31.758
ETH,SELL,0.5000,530000.000,2024-07-15 06:46:33.750
ETH,SELL,0.2800,530000.000,2024-07-15 06:47:16.163
ETH,SELL,0.0700,530000.000,2024-07-15 06:47:16.243
ETH,SELL,0.0250,530000.000,2024-07-15 06:47:18.602
ETH,BUY,0.0200,530001.000,2024-07-15 06:47:27.119
ETH,SELL,0.0100,530000.000,2024-07-15 06:47:29.339
ETH,SELL,0.0100,530000.000,2024-07-15 06:47:36.079
ETH,SELL,0.0100,530000.000,2024-07-15 06:47:46.839
ETH,SELL,0.2000,530000.000,2024-07-15 06:47:48.469
ETH,SELL,0.0100,530000.000,2024-07-15 06:47:54.037
ETH,SELL,0.0300,530000.000,2024-07-15 06:47:54.136
ETH,SELL,0.0100,530000.000,2024-07-15 06:47:54.370
ETH,SELL,0.0100,530000.000,2024-07-15 06:47:54.582
ETH,SELL,0.2000,530000.000,2024-07-15 06:47:54.629
ETH,SELL,0.0700,530000.000,2024-07-15 06:47:54.636
ETH,SELL,0.5000,530000.000,2024-07-15 06:47:55.293
ETH,SELL,0.1000,530000.000,2024-07-15 06:47:56.298
ETH,SELL,0.2000,530000.000,2024-07-15 06:47:56.657
ETH,SELL,0.5000,530000.000,2024-07-15 06:47:57.768
ETH,SELL,0.0507,530000.000,2024-07-15 06:47:58.090
ETH,SELL,1.3630,530000.000,2024-07-15 06:47:58.413
ETH,SELL,0.4726,530000.000,2024-07-15 06:47:58.715
ETH,SELL,0.2000,530000.000,2024-07-15 06:47:58.802
ETH,SELL,0.2000,530000.000,2024-07-15 06:48:01.003
ETH,SELL,0.0454,530000.000,2024-07-15 06:48:02.912
ETH,SELL,0.2000,530000.000,2024-07-15 06:48:03.096
ETH,SELL,0.2000,530000.000,2024-07-15 06:48:05.215
ETH,SELL,0.0377,530000.000,2024-07-15 06:48:08.910
ETH,SELL,0.1300,530000.000,2024-07-15 06:48:09.314
ETH,SELL,0.0300,530000.000,2024-07-15 06:48:09.358
ETH,SELL,0.0100,530000.000,2024-07-15 06:48:09.509
ETH,SELL,0.0300,530000.000,2024-07-15 06:48:09.692
ETH,SELL,0.3200,530000.000,2024-07-15 06:48:10.127
ETH,SELL,0.0100,530000.000,2024-07-15 06:48:10.252
ETH,SELL,0.2000,530000.000,2024-07-15 06:48:10.281
ETH,SELL,0.1020,530000.000,2024-07-15 06:48:10.362
ETH,SELL,0.1000,530000.000,2024-07-15 06:48:10.895
ETH,SELL,0.5666,530000.000,2024-07-15 06:48:10.898
ETH,SELL,0.0266,530000.000,2024-07-15 06:48:14.578
ETH,SELL,1.0000,530000.000,2024-07-15 06:48:15.478
ETH,SELL,0.0100,530000.000,2024-07-15 06:48:15.479
ETH,SELL,0.3200,530000.000,2024-07-15 06:48:15.544
ETH,SELL,0.2000,530000.000,2024-07-15 06:48:15.545
ETH,SELL,0.0300,530000.000,2024-07-15 06:48:15.725
ETH,SELL,0.4174,530000.000,2024-07-15 06:48:16.003
ETH,SELL,0.0826,529550.000,2024-07-15 06:48:16.003
ETH,SELL,0.0300,529550.000,2024-07-15 06:48:16.140
ETH,SELL,0.2800,529550.000,2024-07-15 06:48:16.355
ETH,SELL,0.0100,529550.000,2024-07-15 06:48:16.453
ETH,SELL,0.0112,529550.000,2024-07-15 06:48:28.483
ETH,SELL,0.0100,529754.000,2024-07-15 06:50:31.561
ETH,BUY,0.0100,530000.000,2024-07-15 06:52:04.140
ETH,BUY,0.2000,530216.000,2024-07-15 06:52:05.013
ETH,BUY,0.2000,530216.000,2024-07-15 06:52:07.162
ETH,BUY,0.0138,530216.000,2024-07-15 06:52:09.527
ETH,BUY,0.0139,530374.000,2024-07-15 06:52:14.665
ETH,BUY,0.2000,530699.000,2024-07-15 06:52:30.197
ETH,BUY,0.3600,530999.000,2024-07-15 06:52:35.752
ETH,BUY,0.5794,531000.000,2024-07-15 06:52:35.752
ETH,BUY,0.0800,531400.000,2024-07-15 06:52:37.606
ETH,SELL,0.1915,531233.000,2024-07-15 06:53:02.252
ETH,BUY,0.0100,531582.000,2024-07-15 06:54:09.163
ETH,SELL,0.0200,531167.000,2024-07-15 06:54:41.911
ETH,BUY,1.0000,531150.000,2024-07-15 06:54:50.600
ETH,BUY,0.0100,530902.000,2024-07-15 06:55:19.093
ETH,BUY,0.0100,530902.000,2024-07-15 06:55:19.093
ETH,SELL,0.0100,530568.000,2024-07-15 06:55:32.124
ETH,SELL,0.0100,530568.000,2024-07-15 06:55:32.161
ETH,SELL,0.0956,530250.000,2024-07-15 06:55:57.426
ETH,SELL,0.2800,530251.000,2024-07-15 06:55:57.504
ETH,SELL,0.2000,530459.000,2024-07-15 06:56:17.454
ETH,SELL,0.2000,530459.000,2024-07-15 06:56:18.540
ETH,SELL,0.2000,530281.000,2024-07-15 06:56:19.538
ETH,BUY,0.0200,530355.000,2024-07-15 06:56:55.948
ETH,SELL,0.2000,530298.000,2024-07-15 06:56:56.991
ETH,SELL,0.0234,530298.000,2024-07-15 06:57:09.497
ETH,SELL,0.7766,530298.000,2024-07-15 06:57:10.300
ETH,SELL,1.0000,530132.000,2024-07-15 06:57:10.300
ETH,SELL,0.3971,529658.000,2024-07-15 06:57:10.300
ETH,SELL,3.1863,529598.000,2024-07-15 06:57:10.300
ETH,SELL,0.0366,530103.000,2024-07-15 06:57:11.964
ETH,BUY,0.1500,530175.000,2024-07-15 06:57:23.936
ETH,SELL,0.0200,530262.000,2024-07-15 06:57:46.302
ETH,SELL,0.0100,530000.000,2024-07-15 06:59:38.584
ETH,BUY,0.0100,529895.000,2024-07-15 07:02:08.172
ETH,BUY,0.1000,529865.000,2024-07-15 07:02:18.730
ETH,SELL,0.0100,529863.000,2024-07-15 07:02:19.044
ETH,SELL,0.0300,529844.000,2024-07-15 07:02:19.670
ETH,SELL,0.3200,529844.000,2024-07-15 07:02:20.130
ETH,SELL,0.0100,529844.000,2024-07-15 07:02:20.232
ETH,SELL,0.1000,529844.000,2024-07-15 07:02:21.531
ETH,SELL,0.3200,529713.000,2024-07-15 07:02:27.116
ETH,SELL,0.0100,529713.000,2024-07-15 07:02:27.118
ETH,SELL,0.2000,529713.000,2024-07-15 07:02:27.119
ETH,SELL,0.0300,529713.000,2024-07-15 07:02:27.150
ETH,SELL,0.0100,529713.000,2024-07-15 07:02:27.270
ETH,SELL,0.0100,529768.000,2024-07-15 07:02:31.219
ETH,SELL,0.3200,529768.000,2024-07-15 07:02:31.393
ETH,SELL,0.0100,529803.000,2024-07-15 07:02:37.082
ETH,SELL,0.0900,529803.000,2024-07-15 07:02:37.311
ETH,SELL,0.0100,529803.000,2024-07-15 07:02:37.486
ETH,SELL,0.0400,529748.000,2024-07-15 07:02:40.373
ETH,SELL,0.0100,529719.000,2024-07-15 07:02:42.281
ETH,SELL,0.0100,529725.000,2024-07-15 07:02:49.436
ETH,SELL,0.0220,529550.000,2024-07-15 07:03:14.971
ETH,SELL,0.0138,529550.000,2024-07-15 07:04:57.947
ETH,SELL,0.0500,529550.000,2024-07-15 07:04:58.167
ETH,SELL,0.0100,529550.000,2024-07-15 07:04:58.443
ETH,SELL,0.0300,529550.000,2024-07-15 07:04:58.538
ETH,SELL,0.0479,529550.000,2024-07-15 07:04:59.052
ETH,SELL,1.2333,529550.000,2024-07-15 07:04:59.134
ETH,SELL,0.0359,529550.000,2024-07-15 07:05:00.961
ETH,BUY,0.1500,529551.000,2024-07-15 07:05:05.066
ETH,SELL,0.0100,529550.000,2024-07-15 07:05:08.865
ETH,SELL,0.4000,529550.000,2024-07-15 07:05:56.124
ETH,SELL,0.1000,530011.000,2024-07-15 07:09:00.101
ETH,BUY,0.0200,530285.000,2024-07-15 07:09:35.330
ETH,BUY,0.0200,530285.000,2024-07-15 07:09:35.436
ETH,BUY,1.0000,530288.000,2024-07-15 07:09:35.436
ETH,BUY,0.6064,530380.000,2024-07-15 07:09:35.436
ETH,BUY,1.0000,530381.000,2024-07-15 07:09:35.436
ETH,BUY,0.2000,530410.000,2024-07-15 07:09:35.436
ETH,SELL,0.0700,530410.000,2024-07-15 07:09:38.340
ETH,BUY,0.1800,530411.000,2024-07-15 07:09:48.873
ETH,BUY,0.6059,530411.000,2024-07-15 07:09:48.873
ETH,BUY,0.2000,530415.000,2024-07-15 07:09:48.873
ETH,BUY,0.0500,530430.000,2024-07-15 07:09:48.873
ETH,BUY,1.8000,530608.000,2024-07-15 07:09:48.873
ETH,BUY,0.2677,530609.000,2024-07-15 07:09:48.873
ETH,SELL,0.0100,530123.000,2024-07-15 07:10:09.655
ETH,BUY,0.0200,530082.000,2024-07-15 07:10:37.768
ETH,BUY,0.4830,530169.000,2024-07-15 07:11:01.923
ETH,BUY,0.4700,530156.000,2024-07-15 07:11:41.481
ETH,SELL,0.1495,530182.000,2024-07-15 07:14:12.784
ETH,BUY,0.0170,530901.000,2024-07-15 07:17:48.480
ETH,BUY,0.0200,531019.000,2024-07-15 07:17:55.524
ETH,BUY,0.1495,530815.000,2024-07-15 07:18:06.688
ETH,BUY,0.6061,530998.000,2024-07-15 07:18:06.688
ETH,SELL,0.0500,530998.000,2024-07-15 07:18:36.248
ETH,BUY,0.1444,531011.000,2024-07-15 07:18:41.017
ETH,SELL,0.0105,530900.000,2024-07-15 07:19:34.934
ETH,SELL,0.0100,530900.000,2024-07-15 07:19:43.974
ETH,SELL,0.0300,530900.000,2024-07-15 07:19:44.343
ETH,SELL,0.0300,530900.000,2024-07-15 07:19:47.127
ETH,SELL,0.0210,530900.000,2024-07-15 07:19:51.605
ETH,SELL,0.0598,530900.000,2024-07-15 07:20:53.918
ETH,SELL,0.0117,530900.000,2024-07-15 07:20:59.412
ETH,SELL,0.2000,530900.000,2024-07-15 07:20:59.694
ETH,SELL,0.1000,530900.000,2024-07-15 07:21:01.998
ETH,SELL,0.0930,530900.000,2024-07-15 07:21:02.289
ETH,SELL,0.1000,530226.000,2024-07-15 07:21:11.673
ETH,SELL,0.3000,530144.000,2024-07-15 07:21:28.579
ETH,BUY,0.6054,530450.000,2024-07-15 07:21:36.871
ETH,BUY,0.2686,530450.000,2024-07-15 07:21:36.871
ETH,SELL,0.0925,530561.000,2024-07-15 07:23:16.348
ETH,BUY,0.0170,530610.000,2024-07-15 07:23:50.105
ETH,SELL,0.0100,530025.000,2024-07-15 07:24:01.019
ETH,BUY,0.0300,530119.000,2024-07-15 07:24:52.406
ETH,SELL,0.0500,529802.000,2024-07-15 07:25:18.852
ETH,SELL,0.0209,529775.000,2024-07-15 07:25:18.852
ETH,SELL,0.2000,529666.000,2024-07-15 07:25:20.113
ETH,BUY,0.0100,529658.000,2024-07-15 07:26:28.094
ETH,SELL,0.1691,529555.000,2024-07-15 07:26:53.005
ETH,SELL,0.3252,529550.000,2024-07-15 07:26:53.005
ETH,BUY,0.0500,529770.000,2024-07-15 07:27:57.727
ETH,BUY,0.0190,529791.000,2024-07-15 07:28:05.629
ETH,SELL,0.0500,529550.000,2024-07-15 07:28:07.888
ETH,BUY,1.0000,530184.000,2024-07-15 07:30:39.824
ETH,BUY,0.3900,530185.000,2024-07-15 07:30:39.824
ETH,BUY,0.6100,530185.000,2024-07-15 07:30:40.297
ETH,BUY,1.0000,530359.000,2024-07-15 07:31:26.852
ETH,BUY,0.5800,530360.000,2024-07-15 07:31:26.852
ETH,BUY,0.0500,530259.000,2024-07-15 07:32:15.651
ETH,BUY,0.0100,530114.000,2024-07-15 07:32:32.547
ETH,BUY,0.1200,530308.000,2024-07-15 07:33:41.562
ETH,BUY,0.1000,530371.000,2024-07-15 07:33:50.807
ETH,BUY,0.0200,530365.000,2024-07-15 07:34:43.654
ETH,BUY,0.0114,530733.000,2024-07-15 07:40:33.654
ETH,BUY,0.0254,530733.000,2024-07-15 07:40:39.730
ETH,BUY,0.1300,530733.000,2024-07-15 07:40:42.547
ETH,BUY,0.0726,530733.000,2024-07-15 07:40:43.813
ETH,BUY,0.3667,530733.000,2024-07-15 07:40:44.533
ETH,BUY,0.0131,531019.000,2024-07-15 07:43:20.215
ETH,BUY,0.7669,531019.000,2024-07-15 07:43:20.843
ETH,BUY,0.5641,531076.000,2024-07-15 07:43:21.011
ETH,BUY,0.2000,531075.000,2024-07-15 07:43:21.419
ETH,BUY,0.2000,531075.000,2024-07-15 07:43:21.568
ETH,BUY,0.0359,531075.000,2024-07-15 07:43:21.727
ETH,BUY,0.0600,531077.000,2024-07-15 07:43:22.430
ETH,BUY,0.1400,531216.000,2024-07-15 07:43:22.430
ETH,BUY,0.4200,531300.000,2024-07-15 07:43:24.929
ETH,BUY,0.0681,531300.000,2024-07-15 07:43:25.398
ETH,BUY,0.1400,531300.000,2024-07-15 07:43:26.964
ETH,BUY,0.4641,531300.000,2024-07-15 07:43:32.252
ETH,BUY,0.2000,531300.000,2024-07-15 07:43:33.588
ETH,BUY,0.5000,531300.000,2024-07-15 07:43:33.889
ETH,BUY,0.2000,531300.000,2024-07-15 07:43:35.706
ETH,SELL,0.2000,531085.000,2024-07-15 07:44:32.381
ETH,SELL,0.2000,531094.000,2024-07-15 07:44:46.037
ETH,SELL,0.2000,531094.000,2024-07-15 07:44:46.594
ETH,SELL,0.2000,531019.000,2024-07-15 07:45:31.118
ETH,SELL,0.2500,531000.000,2024-07-15 07:45:39.631
ETH,BUY,0.1400,530576.000,2024-07-15 07:45:52.198
ETH,BUY,0.1010,530660.000,2024-07-15 07:45:54.362
ETH,BUY,1.0000,530784.000,2024-07-15 07:46:31.583
ETH,BUY,0.2000,530784.000,2024-07-15 07:48:32.622
ETH,BUY,0.5000,530957.000,2024-07-15 07:50:16.072
ETH,SELL,0.0787,530521.000,2024-07-15 07:53:17.941
ETH,BUY,0.0190,530439.000,2024-07-15 07:54:15.988
ETH,SELL,0.1000,530359.000,2024-07-15 07:54:23.531
ETH,BUY,1.0000,530263.000,2024-07-15 07:55:11.333
ETH,BUY,0.1000,530319.000,2024-07-15 07:55:11.333
ETH,BUY,1.6710,530345.000,2024-07-15 07:55:11.333
ETH,BUY,1.4392,530359.000,2024-07-15 07:55:11.333
ETH,BUY,1.0000,530408.000,2024-07-15 07:55:11.333
ETH,SELL,0.2000,530410.000,2024-07-15 07:55:11.614
ETH,BUY,0.3643,530489.000,2024-07-15 07:55:28.719
ETH,BUY,0.2255,530490.000,2024-07-15 07:55:28.719
ETH,BUY,0.0200,530102.000,2024-07-15 07:55:36.496
ETH,BUY,0.0200,530060.000,2024-07-15 07:55:47.625
ETH,BUY,1.0000,530192.000,2024-07-15 07:58:03.677
ETH,BUY,0.5380,530491.000,2024-07-15 07:58:03.677
ETH,BUY,0.0100,530590.000,2024-07-15 08:00:35.275
ETH,BUY,0.3990,530600.000,2024-07-15 08:00:41.933
ETH,BUY,0.1010,530892.000,2024-07-15 08:00:41.933
ETH,SELL,1.0000,530505.000,2024-07-15 08:00:59.428
ETH,SELL,1.0000,530504.000,2024-07-15 08:00:59.428
ETH,SELL,1.6900,530503.000,2024-07-15 08:00:59.428
ETH,SELL,1.6900,530500.000,2024-07-15 08:00:59.428
ETH,SELL,0.7200,530493.000,2024-07-15 08:00:59.428
ETH,SELL,0.0100,530860.000,2024-07-15 08:06:39.865
ETH,BUY,0.4300,530999.000,2024-07-15 08:07:13.352
ETH,SELL,0.1000,530750.000,2024-07-15 08:07:52.319
ETH,SELL,0.0100,531096.000,2024-07-15 08:08:40.003
ETH,BUY,0.0600,531300.000,2024-07-15 08:10:42.349
ETH,SELL,0.2000,531299.000,2024-07-15 08:12:08.844
ETH,BUY,0.0200,531012.000,2024-07-15 08:13:17.893
ETH,BUY,1.0000,530723.000,2024-07-15 08:14:22.885
ETH,BUY,0.7200,530854.000,2024-07-15 08:14:28.759
ETH,BUY,0.2800,530855.000,2024-07-15 08:14:28.759
ETH,BUY,0.0200,531021.000,2024-07-15 08:17:30.761
ETH,BUY,0.1000,531200.000,2024-07-15 08:19:13.395
ETH,BUY,0.2000,531200.000,2024-07-15 08:25:35.385
ETH,BUY,0.1000,531200.000,2024-07-15 08:25:37.469
ETH,BUY,0.2000,531200.000,2024-07-15 08:26:00.895
ETH,BUY,0.1000,531200.000,2024-07-15 08:26:12.007
ETH,BUY,0.1000,531200.000,2024-07-15 08:26:12.834
ETH,BUY,0.1000,531200.000,2024-07-15 08:26:13.960
ETH,BUY,0.0350,531200.000,2024-07-15 08:26:15.275
ETH,BUY,0.0650,531200.000,2024-07-15 08:26:15.592
ETH,BUY,0.2350,531300.000,2024-07-15 08:26:15.592
ETH,BUY,0.2000,531300.000,2024-07-15 08:26:16.125
ETH,BUY,0.2500,531300.000,2024-07-15 08:27:17.456
ETH,SELL,0.2399,531299.000,2024-07-15 08:27:23.306
ETH,SELL,0.0200,531299.000,2024-07-15 08:28:09.213
ETH,BUY,0.0100,531260.000,2024-07-15 08:29:17.052
ETH,BUY,0.0112,531270.000,2024-07-15 08:29:29.239
ETH,BUY,0.0186,531300.000,2024-07-15 08:30:11.588
ETH,BUY,0.0186,531300.000,2024-07-15 08:30:21.602
ETH,BUY,1.0000,531060.000,2024-07-15 08:35:46.111
ETH,BUY,1.6900,531066.000,2024-07-15 08:35:46.111
ETH,BUY,1.0730,531067.000,2024-07-15 08:35:46.111
ETH,BUY,0.3356,531300.000,2024-07-15 08:37:18.801
ETH,BUY,0.6058,531511.000,2024-07-15 08:37:18.801
ETH,BUY,1.0000,531629.000,2024-07-15 08:37:18.801
ETH,BUY,1.0000,531655.000,2024-07-15 08:37:18.801
ETH,BUY,0.2399,531665.000,2024-07-15 08:37:18.801
ETH,BUY,0.4348,531778.000,2024-07-15 08:37:18.801
ETH,BUY,0.1539,531976.000,2024-07-15 08:37:18.801
ETH,SELL,0.2000,531629.000,2024-07-15 08:38:08.177
ETH,SELL,0.2000,531713.000,2024-07-15 08:38:48.634
ETH,SELL,0.2000,531714.000,2024-07-15 08:38:50.838
ETH,SELL,1.0000,531723.000,2024-07-15 08:39:04.701
ETH,SELL,1.0000,531734.000,2024-07-15 08:40:22.293
ETH,BUY,0.0180,531734.000,2024-07-15 08:43:49.751
ETH,BUY,0.0120,531734.000,2024-07-15 08:44:11.462
ETH,BUY,0.0200,531824.000,2024-07-15 08:44:11.462
ETH,BUY,0.0553,531957.000,2024-07-15 08:44:11.462
ETH,BUY,0.0320,531957.000,2024-07-15 08:44:12.089
ETH,SELL,0.4000,531969.000,2024-07-15 08:44:32.306
ETH,SELL,0.1193,531969.000,2024-07-15 08:44:33.307
ETH,BUY,0.0822,531973.000,2024-07-15 08:44:41.913
ETH,BUY,0.1000,532000.000,2024-07-15 08:44:42.020
ETH,BUY,0.1000,532000.000,2024-07-15 08:44:42.020
ETH,BUY,0.1000,532000.000,2024-07-15 08:44:42.420
ETH,BUY,0.5000,532000.000,2024-07-15 08:44:42.420
ETH,BUY,0.1000,532000.000,2024-07-15 08:44:42.420
ETH,SELL,0.0121,532216.000,2024-07-15 08:44:58.651
ETH,SELL,0.0644,532216.000,2024-07-15 08:45:00.596
ETH,BUY,1.0000,532046.000,2024-07-15 08:45:20.370
ETH,BUY,0.3000,532080.000,2024-07-15 08:45:36.565
ETH,BUY,0.0100,532128.000,2024-07-15 08:45:49.297
ETH,SELL,0.1000,532153.000,2024-07-15 08:45:52.724
ETH,SELL,0.1000,532153.000,2024-07-15 08:45:54.861
ETH,SELL,0.0714,532153.000,2024-07-15 08:45:59.151
ETH,SELL,0.2000,532153.000,2024-07-15 08:45:59.525
ETH,SELL,0.0100,532000.000,2024-07-15 08:46:00.683
ETH,SELL,0.1900,531650.000,2024-07-15 08:46:00.683
ETH,SELL,0.0100,531843.000,2024-07-15 08:46:25.282
ETH,SELL,0.1719,531800.000,2024-07-15 08:47:20.509
ETH,BUY,0.0644,531475.000,2024-07-15 08:48:16.884
ETH,BUY,0.0356,531479.000,2024-07-15 08:48:16.884
ETH,BUY,0.0100,531443.000,2024-07-15 08:48:29.992
ETH,BUY,0.0587,531072.000,2024-07-15 08:49:01.096
ETH,BUY,0.0413,531137.000,2024-07-15 08:49:01.096
ETH,BUY,0.1000,531047.000,2024-07-15 08:49:16.520
ETH,SELL,0.0179,530990.000,2024-07-15 08:49:39.952
ETH,SELL,0.0001,530990.000,2024-07-15 08:49:40.032
ETH,SELL,0.0099,530888.000,2024-07-15 08:49:40.032
ETH,SELL,0.2401,530888.000,2024-07-15 08:49:40.034
ETH,SELL,0.0599,530465.000,2024-07-15 08:49:40.034
ETH,BUY,0.1000,530555.000,2024-07-15 08:50:06.878
ETH,SELL,0.0940,530368.000,2024-07-15 08:51:23.357
ETH,SELL,1.0000,530022.000,2024-07-15 08:51:23.357
ETH,SELL,0.3750,530000.000,2024-07-15 08:51:23.357
ETH,SELL,0.1510,530000.000,2024-07-15 08:51:23.357
