symbol,side,size,price,timestamp
ETH,BUY,0.0100,543006.000,2024-07-15 21:01:00.766
ETH,BUY,0.0195,543079.000,2024-07-15 21:02:18.899
ETH,BUY,0.0200,543175.000,2024-07-15 21:03:31.294
ETH,SELL,0.0100,542640.000,2024-07-15 21:05:28.538
ETH,BUY,0.0500,542712.000,2024-07-15 21:05:35.976
ETH,SELL,0.0976,542833.000,2024-07-15 21:06:45.457
ETH,SELL,0.0321,542445.000,2024-07-15 21:08:06.958
ETH,SELL,0.5500,543034.000,2024-07-15 21:12:17.274
ETH,SELL,0.6200,543031.000,2024-07-15 21:12:17.274
ETH,SELL,0.3000,542102.000,2024-07-15 21:16:18.179
ETH,SELL,0.3000,542102.000,2024-07-15 21:16:18.212
ETH,SELL,0.0329,542102.000,2024-07-15 21:16:18.416
ETH,BUY,0.0400,542001.000,2024-07-15 21:16:46.552
ETH,BUY,0.0504,542065.000,2024-07-15 21:18:19.229
ETH,SELL,0.0100,542000.000,2024-07-15 21:18:47.003
ETH,SELL,0.0100,541621.000,2024-07-15 21:18:50.343
ETH,BUY,0.2550,541621.000,2024-07-15 21:21:50.379
ETH,SELL,0.2000,541242.000,2024-07-15 21:23:15.985
ETH,SELL,0.2000,541242.000,2024-07-15 21:23:16.033
ETH,SELL,0.2000,541242.000,2024-07-15 21:23:16.762
ETH,SELL,0.0100,541000.000,2024-07-15 21:24:51.076
ETH,SELL,1.0000,540908.000,2024-07-15 21:24:51.076
ETH,SELL,1.0000,540900.000,2024-07-15 21:24:51.076
ETH,SELL,4.0000,540502.000,2024-07-15 21:24:51.076
ETH,SELL,4.0000,540357.000,2024-07-15 21:24:51.076
ETH,SELL,0.5818,540300.000,2024-07-15 21:24:51.076
ETH,SELL,1.0000,540299.000,2024-07-15 21:24:51.076
ETH,SELL,0.9300,540241.000,2024-07-15 21:24:51.076
ETH,SELL,3.8300,540212.000,2024-07-15 21:24:51.076
ETH,SELL,0.6482,540183.000,2024-07-15 21:24:51.076
ETH,SELL,0.3000,540704.000,2024-07-15 21:27:02.939
ETH,SELL,0.2000,541027.000,2024-07-15 21:30:13.868
ETH,SELL,0.1000,540568.000,2024-07-15 21:31:56.345
ETH,SELL,0.1100,540666.000,2024-07-15 21:33:01.925
ETH,SELL,0.0500,540665.000,2024-07-15 21:33:01.925
ETH,BUY,0.1000,540568.000,2024-07-15 21:36:40.431
ETH,BUY,0.0156,540568.000,2024-07-15 21:36:42.385
ETH,BUY,0.0034,540568.000,2024-07-15 21:36:51.275
ETH,BUY,0.1000,541621.000,2024-07-15 21:37:04.216
ETH,BUY,0.0203,541621.000,2024-07-15 21:37:05.116
ETH,BUY,0.1142,541621.000,2024-07-15 21:37:06.101
ETH,BUY,0.0105,541621.000,2024-07-15 21:37:07.583
ETH,BUY,0.0895,542377.000,2024-07-15 21:37:07.583
ETH,SELL,0.1000,542276.000,2024-07-15 21:37:16.943
ETH,SELL,0.1000,541779.000,2024-07-15 21:37:19.429
ETH,SELL,1.0000,542122.000,2024-07-15 21:37:21.364
ETH,SELL,0.2000,541939.000,2024-07-15 21:37:23.811
ETH,SELL,3.0000,541430.000,2024-07-15 21:39:38.228
ETH,SELL,0.0300,541453.000,2024-07-15 21:40:33.021
ETH,SELL,0.1000,541447.000,2024-07-15 21:45:49.977
ETH,BUY,0.2000,541916.000,2024-07-15 21:46:28.137
ETH,SELL,0.3300,542034.000,2024-07-15 21:51:47.748
ETH,SELL,0.1000,542050.000,2024-07-15 21:54:25.276
ETH,SELL,0.2250,542050.000,2024-07-15 21:54:37.799
ETH,SELL,0.0105,541447.000,2024-07-15 21:55:53.843
ETH,SELL,0.4710,541447.000,2024-07-15 21:55:55.158
ETH,SELL,0.2000,541343.000,2024-07-15 21:55:55.418
ETH,SELL,0.2920,540850.000,2024-07-15 21:59:47.035
ETH,SELL,0.2000,540850.000,2024-07-15 21:59:47.095
ETH,SELL,0.0100,540980.000,2024-07-15 22:04:27.637
ETH,SELL,0.0700,540996.000,2024-07-15 22:04:51.051
ETH,BUY,0.3000,541910.000,2024-07-15 22:07:04.994
ETH,BUY,0.0100,542308.000,2024-07-15 22:07:15.922
ETH,BUY,0.0074,542314.000,2024-07-15 22:07:15.922
ETH,BUY,0.0100,542314.000,2024-07-15 22:07:18.939
ETH,BUY,0.0522,542819.000,2024-07-15 22:11:40.236
ETH,BUY,0.0244,542783.000,2024-07-15 22:11:41.812
ETH,BUY,0.2000,542914.000,2024-07-15 22:11:43.023
ETH,BUY,0.0572,542914.000,2024-07-15 22:11:43.356
ETH,BUY,0.4331,542914.000,2024-07-15 22:11:43.991
ETH,BUY,0.0550,543000.000,2024-07-15 22:11:43.991
ETH,BUY,0.0066,543014.000,2024-07-15 22:11:43.991
ETH,BUY,0.2000,543200.000,2024-07-15 22:11:45.842
ETH,BUY,0.0700,543327.000,2024-07-15 22:11:46.086
ETH,BUY,0.1000,543327.000,2024-07-15 22:11:46.336
ETH,BUY,0.2000,543327.000,2024-07-15 22:11:46.378
ETH,BUY,0.2941,543327.000,2024-07-15 22:11:46.997
ETH,BUY,0.0500,543500.000,2024-07-15 22:11:47.395
ETH,BUY,0.4500,543568.000,2024-07-15 22:11:47.395
ETH,BUY,0.0100,543637.000,2024-07-15 22:11:48.096
ETH,BUY,0.1900,543997.000,2024-07-15 22:11:48.096
ETH,BUY,0.2784,543637.000,2024-07-15 22:11:48.285
ETH,BUY,0.4200,543637.000,2024-07-15 22:11:48.357
ETH,BUY,0.2000,543637.000,2024-07-15 22:11:48.665
ETH,BUY,0.2913,543637.000,2024-07-15 22:11:48.827
ETH,BUY,0.5509,543637.000,2024-07-15 22:11:49.001
ETH,BUY,0.4594,543637.000,2024-07-15 22:11:49.011
ETH,BUY,0.1000,543997.000,2024-07-15 22:11:49.156
ETH,BUY,0.2600,543997.000,2024-07-15 22:11:49.179
ETH,BUY,0.0170,544500.000,2024-07-15 22:11:49.268
ETH,BUY,0.0100,544500.000,2024-07-15 22:11:49.268
ETH,BUY,0.0200,544635.000,2024-07-15 22:11:49.268
ETH,BUY,0.2000,544880.000,2024-07-15 22:11:49.268
ETH,BUY,0.0377,544999.000,2024-07-15 22:11:49.268
ETH,SELL,0.1300,543982.000,2024-07-15 22:11:50.669
ETH,SELL,0.1000,544643.000,2024-07-15 22:11:53.975
ETH,BUY,0.0100,544963.000,2024-07-15 22:11:55.962
ETH,SELL,0.0260,544881.000,2024-07-15 22:11:57.638
ETH,SELL,0.0202,544910.000,2024-07-15 22:11:58.036
ETH,SELL,0.0290,544915.000,2024-07-15 22:12:03.705
ETH,BUY,0.1794,544992.000,2024-07-15 22:12:03.981
ETH,BUY,0.0100,545000.000,2024-07-15 22:12:10.973
ETH,BUY,0.0100,545000.000,2024-07-15 22:12:10.973
ETH,BUY,0.0800,545000.000,2024-07-15 22:12:10.973
ETH,BUY,0.0999,545000.000,2024-07-15 22:12:11.677
ETH,BUY,0.0100,545000.000,2024-07-15 22:12:28.906
ETH,BUY,0.0460,545000.000,2024-07-15 22:12:44.173
ETH,BUY,0.0142,545000.000,2024-07-15 22:13:00.795
ETH,BUY,0.1000,545000.000,2024-07-15 22:13:01.007
ETH,SELL,0.1000,544999.000,2024-07-15 22:13:10.082
ETH,BUY,0.0488,545000.000,2024-07-15 22:13:10.904
ETH,BUY,0.0278,545000.000,2024-07-15 22:13:14.218
ETH,BUY,0.9393,545000.000,2024-07-15 22:13:15.298
ETH,BUY,0.0200,545000.000,2024-07-15 22:13:17.807
ETH,BUY,0.2000,545000.000,2024-07-15 22:13:19.427
ETH,BUY,0.0198,545000.000,2024-07-15 22:13:19.766
ETH,BUY,2.0000,545000.000,2024-07-15 22:13:19.827
ETH,BUY,0.5000,545000.000,2024-07-15 22:13:21.711
ETH,BUY,0.0778,545000.000,2024-07-15 22:13:23.366
ETH,BUY,2.0000,545000.000,2024-07-15 22:13:23.568
ETH,BUY,0.2000,545000.000,2024-07-15 22:13:23.684
ETH,BUY,1.5500,545000.000,2024-07-15 22:13:24.548
ETH,BUY,1.1900,545000.000,2024-07-15 22:13:24.592
ETH,BUY,2.0000,545000.000,2024-07-15 22:13:24.919
ETH,BUY,0.0871,545000.000,2024-07-15 22:13:25.069
ETH,BUY,0.2000,545000.000,2024-07-15 22:13:25.796
ETH,BUY,2.0000,545000.000,2024-07-15 22:13:26.389
ETH,BUY,2.0000,545000.000,2024-07-15 22:13:27.425
ETH,BUY,0.1000,545000.000,2024-07-15 22:13:28.332
ETH,BUY,0.4893,545000.000,2024-07-15 22:13:28.585
ETH,BUY,0.0200,545000.000,2024-07-15 22:13:28.585
ETH,BUY,0.3000,545000.000,2024-07-15 22:13:28.585
ETH,BUY,0.0500,545000.000,2024-07-15 22:13:28.585
ETH,BUY,0.1000,545000.000,2024-07-15 22:13:28.585
ETH,BUY,0.0100,545000.000,2024-07-15 22:13:28.585
ETH,BUY,0.0100,545289.000,2024-07-15 22:13:55.575
ETH,SELL,0.2000,545145.000,2024-07-15 22:13:58.296
ETH,SELL,0.1693,545142.000,2024-07-15 22:13:58.296
ETH,SELL,0.0321,545151.000,2024-07-15 22:14:08.820
ETH,SELL,0.1679,545150.000,2024-07-15 22:14:08.820
ETH,SELL,0.0321,545158.000,2024-07-15 22:14:12.611
ETH,SELL,0.0151,545182.000,2024-07-15 22:14:14.220
ETH,SELL,1.6500,545113.000,2024-07-15 22:14:32.195
ETH,SELL,1.6494,545113.000,2024-07-15 22:14:32.438
ETH,BUY,0.3000,545499.000,2024-07-15 22:14:55.218
ETH,BUY,0.6400,545547.000,2024-07-15 22:15:23.117
ETH,SELL,0.4168,545441.000,2024-07-15 22:15:42.935
ETH,SELL,0.2000,545441.000,2024-07-15 22:15:43.060
ETH,SELL,0.2847,545441.000,2024-07-15 22:15:43.193
ETH,SELL,0.0333,545441.000,2024-07-15 22:15:43.243
ETH,SELL,0.2000,545200.000,2024-07-15 22:16:11.811
ETH,SELL,0.1136,545464.000,2024-07-15 22:16:13.066
ETH,SELL,0.0706,545464.000,2024-07-15 22:16:13.207
ETH,SELL,0.2000,545464.000,2024-07-15 22:16:13.402
ETH,SELL,0.2000,545464.000,2024-07-15 22:16:14.463
ETH,SELL,0.0957,545368.000,2024-07-15 22:16:16.307
ETH,SELL,0.2000,545368.000,2024-07-15 22:16:16.632
ETH,SELL,0.1000,545147.000,2024-07-15 22:16:18.168
ETH,SELL,0.2000,545121.000,2024-07-15 22:16:25.329
ETH,SELL,1.2200,545055.000,2024-07-15 22:16:35.945
ETH,BUY,0.5000,545331.000,2024-07-15 22:16:41.464
ETH,SELL,0.1000,545075.000,2024-07-15 22:16:45.840
ETH,SELL,0.0077,544999.000,2024-07-15 22:17:04.621
ETH,SELL,0.0515,544936.000,2024-07-15 22:17:04.621
ETH,SELL,0.1000,544962.000,2024-07-15 22:17:08.091
ETH,SELL,0.0220,545139.000,2024-07-15 22:18:18.337
ETH,BUY,0.0100,545200.000,2024-07-15 22:18:56.849
ETH,BUY,0.0900,545548.000,2024-07-15 22:18:56.849
ETH,BUY,0.1100,545548.000,2024-07-15 22:18:58.945
ETH,BUY,0.0900,545724.000,2024-07-15 22:18:58.945
ETH,BUY,0.1000,545724.000,2024-07-15 22:18:59.073
ETH,BUY,0.2000,545724.000,2024-07-15 22:19:01.124
ETH,BUY,0.0298,545724.000,2024-07-15 22:19:02.855
ETH,BUY,0.0380,546100.000,2024-07-15 22:19:05.029
ETH,BUY,0.1000,546174.000,2024-07-15 22:19:05.547
ETH,BUY,0.1000,546174.000,2024-07-15 22:19:06.003
ETH,BUY,0.0251,546550.000,2024-07-15 22:19:16.834
ETH,BUY,0.0857,546550.000,2024-07-15 22:19:18.655
ETH,BUY,0.0892,546550.000,2024-07-15 22:19:18.919
ETH,BUY,0.1000,547000.000,2024-07-15 22:19:19.358
ETH,BUY,0.1000,547017.000,2024-07-15 22:19:19.358
ETH,BUY,0.0100,547163.000,2024-07-15 22:19:27.773
ETH,SELL,0.0321,547170.000,2024-07-15 22:19:29.952
ETH,SELL,0.1679,547166.000,2024-07-15 22:19:29.952
ETH,BUY,0.0100,547420.000,2024-07-15 22:19:32.136
ETH,BUY,0.0992,547517.000,2024-07-15 22:19:32.136
ETH,BUY,0.0380,547538.000,2024-07-15 22:19:32.136
ETH,BUY,0.0547,547650.000,2024-07-15 22:19:32.136
ETH,BUY,0.0481,547661.000,2024-07-15 22:19:32.136
ETH,SELL,0.1373,547580.000,2024-07-15 22:19:34.249
ETH,BUY,0.0300,547971.000,2024-07-15 22:19:42.579
ETH,SELL,0.0100,547969.000,2024-07-15 22:19:45.175
ETH,SELL,0.0538,547942.000,2024-07-15 22:20:02.676
ETH,SELL,0.0273,547875.000,2024-07-15 22:20:16.687
ETH,SELL,0.0354,547875.000,2024-07-15 22:20:17.153
ETH,SELL,0.1646,547870.000,2024-07-15 22:20:17.153
ETH,SELL,0.0802,547755.000,2024-07-15 22:20:22.046
ETH,SELL,0.0446,547675.000,2024-07-15 22:20:23.713
ETH,BUY,0.0100,547270.000,2024-07-15 22:20:45.913
ETH,BUY,0.2990,547338.000,2024-07-15 22:20:45.913
ETH,SELL,0.0752,547075.000,2024-07-15 22:20:45.981
ETH,SELL,0.1748,547070.000,2024-07-15 22:20:45.981
ETH,SELL,0.0100,547000.000,2024-07-15 22:20:48.554
ETH,SELL,0.1900,546966.000,2024-07-15 22:20:48.554
ETH,SELL,0.0100,546966.000,2024-07-15 22:20:48.678
ETH,SELL,0.2000,546970.000,2024-07-15 22:20:51.407
ETH,BUY,0.0100,546883.000,2024-07-15 22:20:55.277
ETH,SELL,0.1000,546760.000,2024-07-15 22:21:09.503
ETH,BUY,0.0160,546643.000,2024-07-15 22:21:27.140
ETH,SELL,1.0000,546592.000,2024-07-15 22:22:12.081
ETH,BUY,0.0100,546604.000,2024-07-15 22:22:17.234
ETH,BUY,0.0100,546620.000,2024-07-15 22:22:17.234
ETH,BUY,0.0100,546620.000,2024-07-15 22:22:19.657
ETH,BUY,0.0100,546798.000,2024-07-15 22:22:36.324
ETH,BUY,0.1000,546810.000,2024-07-15 22:22:52.608
ETH,BUY,0.0500,546806.000,2024-07-15 22:22:58.734
ETH,BUY,0.2500,546887.000,2024-07-15 22:23:12.153
ETH,SELL,0.1000,546865.000,2024-07-15 22:23:31.006
ETH,SELL,0.4272,546849.000,2024-07-15 22:23:31.006
ETH,SELL,0.2000,546790.000,2024-07-15 22:23:51.982
ETH,BUY,0.0800,546790.000,2024-07-15 22:24:06.867
ETH,BUY,0.0100,546990.000,2024-07-15 22:24:40.873
ETH,BUY,0.0200,546990.000,2024-07-15 22:25:00.089
ETH,BUY,0.0100,546965.000,2024-07-15 22:25:19.564
ETH,SELL,0.0250,546680.000,2024-07-15 22:25:28.651
ETH,SELL,0.0835,546680.000,2024-07-15 22:25:28.732
ETH,SELL,0.1665,546556.000,2024-07-15 22:25:28.732
ETH,BUY,0.0100,546774.000,2024-07-15 22:25:35.492
ETH,SELL,0.2000,546697.000,2024-07-15 22:26:05.147
ETH,SELL,0.0356,546697.000,2024-07-15 22:26:05.241
ETH,SELL,0.2000,546697.000,2024-07-15 22:26:05.672
ETH,SELL,0.4800,546650.000,2024-07-15 22:26:24.069
ETH,BUY,1.0000,546647.000,2024-07-15 22:26:58.555
ETH,BUY,0.1900,546815.000,2024-07-15 22:27:40.919
ETH,BUY,0.2100,546816.000,2024-07-15 22:27:40.919
ETH,SELL,0.2000,546535.000,2024-07-15 22:28:45.205
ETH,BUY,0.5000,546741.000,2024-07-15 22:28:56.925
ETH,SELL,0.1000,546536.000,2024-07-15 22:29:08.478
ETH,SELL,0.0100,546421.000,2024-07-15 22:29:10.594
ETH,SELL,0.1900,546129.000,2024-07-15 22:29:10.594
ETH,SELL,0.2000,546497.000,2024-07-15 22:29:18.034
ETH,SELL,0.2000,546473.000,2024-07-15 22:29:24.766
ETH,SELL,0.5000,546353.000,2024-07-15 22:29:32.953
ETH,SELL,0.0100,546135.000,2024-07-15 22:29:43.758
ETH,SELL,0.0596,546015.000,2024-07-15 22:30:17.012
ETH,SELL,0.0100,546000.000,2024-07-15 22:30:17.012
ETH,SELL,0.0100,545997.000,2024-07-15 22:30:17.070
ETH,SELL,0.0100,545997.000,2024-07-15 22:30:17.167
ETH,SELL,0.1000,545872.000,2024-07-15 22:30:35.549
ETH,SELL,0.7304,545896.000,2024-07-15 22:31:01.031
ETH,BUY,0.2000,546395.000,2024-07-15 22:31:14.586
ETH,BUY,0.3000,546399.000,2024-07-15 22:31:14.586
ETH,BUY,0.2000,546405.000,2024-07-15 22:31:52.678
ETH,BUY,0.7300,546405.000,2024-07-15 22:31:52.678
ETH,BUY,0.0700,546408.000,2024-07-15 22:31:52.678
ETH,SELL,0.0100,546989.000,2024-07-15 22:36:22.275
ETH,BUY,0.1000,547000.000,2024-07-15 22:37:35.872
ETH,SELL,1.0000,547000.000,2024-07-15 22:38:16.813
ETH,BUY,0.1000,547000.000,2024-07-15 22:38:22.359
ETH,BUY,0.9000,547000.000,2024-07-15 22:38:36.877
ETH,BUY,0.2000,547720.000,2024-07-15 22:38:53.703
ETH,BUY,1.0000,547921.000,2024-07-15 22:38:53.753
ETH,BUY,0.0300,547930.000,2024-07-15 22:38:53.753
ETH,BUY,1.0000,547954.000,2024-07-15 22:38:53.753
ETH,BUY,0.1000,547955.000,2024-07-15 22:38:53.753
ETH,BUY,0.1665,548038.000,2024-07-15 22:38:53.753
ETH,BUY,0.1000,548060.000,2024-07-15 22:38:53.753
ETH,BUY,0.2589,548229.000,2024-07-15 22:38:53.753
ETH,BUY,1.0000,548373.000,2024-07-15 22:38:53.753
ETH,BUY,0.5859,548483.000,2024-07-15 22:38:53.753
ETH,BUY,0.0100,548489.000,2024-07-15 22:38:53.753
ETH,BUY,0.6400,548601.000,2024-07-15 22:38:53.753
ETH,BUY,0.1000,548679.000,2024-07-15 22:38:53.753
ETH,BUY,0.0200,548720.000,2024-07-15 22:38:53.753
ETH,BUY,0.1000,548793.000,2024-07-15 22:38:53.753
ETH,BUY,1.7923,548793.000,2024-07-15 22:38:53.753
ETH,BUY,3.0964,548796.000,2024-07-15 22:38:53.753
ETH,BUY,0.0100,548467.000,2024-07-15 22:38:58.973
ETH,BUY,0.0900,548468.000,2024-07-15 22:38:58.973
ETH,SELL,0.2000,548469.000,2024-07-15 22:39:01.939
ETH,SELL,0.2000,548469.000,2024-07-15 22:39:02.077
ETH,SELL,0.4910,548227.000,2024-07-15 22:39:07.886
ETH,BUY,1.0000,548209.000,2024-07-15 22:39:31.262
ETH,BUY,0.2000,548855.000,2024-07-15 22:40:26.873
ETH,BUY,0.2000,548860.000,2024-07-15 22:40:27.376
ETH,BUY,0.3800,548860.000,2024-07-15 22:40:28.292
ETH,BUY,0.0164,548860.000,2024-07-15 22:40:28.474
ETH,BUY,0.0100,549000.000,2024-07-15 22:40:29.066
ETH,BUY,0.1900,549173.000,2024-07-15 22:40:29.066
ETH,BUY,0.0100,549173.000,2024-07-15 22:40:29.451
ETH,BUY,0.1900,549350.000,2024-07-15 22:40:29.451
ETH,BUY,0.5000,549351.000,2024-07-15 22:40:30.055
ETH,BUY,0.2000,549660.000,2024-07-15 22:40:47.250
ETH,BUY,0.5000,549726.000,2024-07-15 22:40:47.250
ETH,BUY,0.9194,549778.000,2024-07-15 22:40:47.250
ETH,BUY,0.3806,549800.000,2024-07-15 22:40:47.250
ETH,BUY,0.2000,549795.000,2024-07-15 22:40:54.847
ETH,BUY,0.5194,549800.000,2024-07-15 22:40:54.847
ETH,BUY,0.2806,549900.000,2024-07-15 22:40:54.847
ETH,BUY,0.4000,549678.000,2024-07-15 22:41:07.159
ETH,SELL,1.0000,549799.000,2024-07-15 22:41:13.080
ETH,SELL,0.0900,549800.000,2024-07-15 22:41:24.429
ETH,SELL,0.2100,549755.000,2024-07-15 22:41:24.429
ETH,BUY,0.4000,549900.000,2024-07-15 22:41:32.620
ETH,BUY,0.2000,549900.000,2024-07-15 22:41:43.888
ETH,BUY,0.2000,549900.000,2024-07-15 22:41:44.222
ETH,BUY,0.5000,549900.000,2024-07-15 22:41:45.204
ETH,SELL,0.1000,549899.000,2024-07-15 22:41:45.473
ETH,BUY,0.4194,549900.000,2024-07-15 22:41:46.199
ETH,BUY,0.0100,549900.000,2024-07-15 22:41:46.199
ETH,BUY,0.0706,549900.000,2024-07-15 22:41:46.199
ETH,BUY,0.0294,549900.000,2024-07-15 22:41:46.498
ETH,BUY,0.1706,549980.000,2024-07-15 22:41:46.498
ETH,BUY,0.0696,549980.000,2024-07-15 22:41:48.648
ETH,BUY,0.0098,549980.000,2024-07-15 22:41:48.730
ETH,BUY,0.1902,549999.000,2024-07-15 22:41:48.730
ETH,BUY,2.0000,549999.000,2024-07-15 22:41:50.050
ETH,BUY,0.2000,549999.000,2024-07-15 22:41:50.138
ETH,BUY,0.5000,549999.000,2024-07-15 22:41:50.364
ETH,BUY,0.0600,549999.000,2024-07-15 22:41:50.770
ETH,BUY,0.5000,549999.000,2024-07-15 22:41:50.835
ETH,BUY,0.2000,549999.000,2024-07-15 22:41:50.836
ETH,BUY,0.1000,549999.000,2024-07-15 22:41:52.090
ETH,BUY,1.6300,549999.000,2024-07-15 22:41:52.091
ETH,BUY,0.5000,549999.000,2024-07-15 22:41:52.120
ETH,BUY,0.5000,549999.000,2024-07-15 22:41:52.231
ETH,BUY,0.4000,549999.000,2024-07-15 22:41:52.233
ETH,BUY,0.2000,549999.000,2024-07-15 22:41:52.295
ETH,BUY,8.0000,549999.000,2024-07-15 22:41:53.138
ETH,BUY,0.2000,549999.000,2024-07-15 22:41:53.138
ETH,BUY,1.6300,549999.000,2024-07-15 22:41:53.163
ETH,BUY,0.3301,549999.000,2024-07-15 22:41:53.470
ETH,BUY,0.3300,549999.000,2024-07-15 22:41:53.529
ETH,BUY,0.5447,549999.000,2024-07-15 22:41:54.165
ETH,BUY,0.2089,549999.000,2024-07-15 22:41:54.243
ETH,BUY,0.2000,549999.000,2024-07-15 22:41:54.534
ETH,BUY,0.4900,549999.000,2024-07-15 22:41:54.535
ETH,BUY,0.4000,549999.000,2024-07-15 22:41:54.725
ETH,BUY,0.2000,549999.000,2024-07-15 22:41:55.299
ETH,BUY,0.3100,549999.000,2024-07-15 22:41:55.564
ETH,BUY,0.6761,549999.000,2024-07-15 22:41:56.106
ETH,BUY,0.0500,549999.000,2024-07-15 22:41:56.106
ETH,BUY,0.0110,550000.000,2024-07-15 22:41:56.793
ETH,BUY,0.0100,550000.000,2024-07-15 22:41:56.793
ETH,BUY,0.0100,550000.000,2024-07-15 22:41:56.793
ETH,BUY,0.1000,550000.000,2024-07-15 22:41:56.793
ETH,BUY,0.0260,550000.000,2024-07-15 22:41:56.793
ETH,BUY,0.0150,550000.000,2024-07-15 22:41:56.793
ETH,BUY,0.0280,550000.000,2024-07-15 22:41:56.793
ETH,BUY,0.0373,550000.000,2024-07-15 22:41:57.508
ETH,BUY,0.1627,550000.000,2024-07-15 22:41:57.508
ETH,BUY,0.2000,550000.000,2024-07-15 22:41:57.518
ETH,BUY,0.6373,550000.000,2024-07-15 22:41:57.667
ETH,BUY,0.1000,550000.000,2024-07-15 22:41:57.667
ETH,BUY,0.1000,550000.000,2024-07-15 22:41:57.667
ETH,BUY,0.5000,550000.000,2024-07-15 22:41:57.667
ETH,BUY,0.0100,550000.000,2024-07-15 22:41:57.667
ETH,BUY,0.0500,550000.000,2024-07-15 22:41:57.667
ETH,BUY,0.6027,550000.000,2024-07-15 22:41:57.667
ETH,BUY,0.2000,550000.000,2024-07-15 22:41:58.954
ETH,BUY,0.2000,550000.000,2024-07-15 22:41:59.714
ETH,BUY,1.9973,550000.000,2024-07-15 22:42:00.186
ETH,BUY,0.0027,550000.000,2024-07-15 22:42:00.186
ETH,BUY,0.0073,550000.000,2024-07-15 22:42:00.601
ETH,BUY,0.0500,550000.000,2024-07-15 22:42:00.601
ETH,BUY,0.4875,550000.000,2024-07-15 22:42:00.601
ETH,BUY,0.2000,550000.000,2024-07-15 22:42:01.011
ETH,BUY,2.0000,550000.000,2024-07-15 22:42:01.740
ETH,BUY,0.2000,550000.000,2024-07-15 22:42:03.155
ETH,BUY,2.0000,550000.000,2024-07-15 22:42:03.255
ETH,BUY,0.1125,550000.000,2024-07-15 22:42:03.642
ETH,BUY,0.0500,550000.000,2024-07-15 22:42:03.642
ETH,BUY,2.0000,550000.000,2024-07-15 22:42:03.642
ETH,BUY,0.0200,550000.000,2024-07-15 22:42:03.642
ETH,BUY,0.0100,550000.000,2024-07-15 22:42:03.642
ETH,BUY,0.1900,550000.000,2024-07-15 22:42:03.642
ETH,BUY,0.6175,550000.000,2024-07-15 22:42:03.642
ETH,BUY,0.2825,550000.000,2024-07-15 22:42:03.715
ETH,BUY,0.0793,550000.000,2024-07-15 22:42:03.715
ETH,BUY,0.7168,550000.000,2024-07-15 22:42:04.434
ETH,BUY,0.2039,550000.000,2024-07-15 22:42:05.297
ETH,BUY,0.0200,550000.000,2024-07-15 22:42:05.297
ETH,BUY,0.0300,550000.000,2024-07-15 22:42:05.297
ETH,BUY,0.2000,550000.000,2024-07-15 22:42:05.297
ETH,BUY,0.0100,550000.000,2024-07-15 22:42:05.297
ETH,BUY,0.4000,550000.000,2024-07-15 22:42:05.297
ETH,BUY,1.0000,550000.000,2024-07-15 22:42:05.297
ETH,BUY,0.1361,550000.000,2024-07-15 22:42:05.297
ETH,SELL,0.0620,549999.000,2024-07-15 22:42:06.226
ETH,BUY,1.7110,550000.000,2024-07-15 22:42:08.339
ETH,BUY,0.2890,550000.000,2024-07-15 22:42:08.339
ETH,BUY,0.7110,550000.000,2024-07-15 22:42:09.878
ETH,BUY,0.4000,550000.000,2024-07-15 22:42:09.878
ETH,BUY,0.8890,550000.000,2024-07-15 22:42:09.878
ETH,BUY,0.1000,550000.000,2024-07-15 22:42:11.254
ETH,SELL,0.0493,549999.000,2024-07-15 22:42:11.651
ETH,SELL,0.0998,549999.000,2024-07-15 22:42:13.407
ETH,BUY,0.0110,550000.000,2024-07-15 22:42:18.050
ETH,BUY,0.0370,550300.000,2024-07-15 22:42:18.050
ETH,BUY,0.1520,550616.000,2024-07-15 22:42:18.050
ETH,BUY,0.0620,550615.000,2024-07-15 22:42:22.577
ETH,BUY,0.4380,550830.000,2024-07-15 22:42:22.577
ETH,BUY,0.2000,550877.000,2024-07-15 22:42:23.437
ETH,SELL,0.0100,550875.000,2024-07-15 22:42:26.598
ETH,SELL,0.0389,550865.000,2024-07-15 22:42:27.647
ETH,SELL,0.0100,550885.000,2024-07-15 22:42:28.168
ETH,SELL,0.0429,550886.000,2024-07-15 22:42:29.372
ETH,SELL,0.0100,550886.000,2024-07-15 22:42:29.774
ETH,SELL,0.0100,550907.000,2024-07-15 22:42:31.289
ETH,SELL,0.0100,550907.000,2024-07-15 22:42:32.915
ETH,SELL,0.0610,550907.000,2024-07-15 22:42:34.406
ETH,SELL,0.0100,550907.000,2024-07-15 22:42:34.506
ETH,SELL,0.0100,550907.000,2024-07-15 22:42:36.119
ETH,SELL,0.1377,550907.000,2024-07-15 22:42:36.143
ETH,BUY,0.1000,550908.000,2024-07-15 22:42:36.145
ETH,BUY,0.3000,551000.000,2024-07-15 22:42:36.145
ETH,BUY,0.1000,551022.000,2024-07-15 22:42:36.145
ETH,SELL,0.0100,551000.000,2024-07-15 22:42:37.681
ETH,SELL,0.1365,551000.000,2024-07-15 22:42:37.808
ETH,BUY,0.1000,551066.000,2024-07-15 22:42:38.716
ETH,SELL,0.0100,550943.000,2024-07-15 22:42:39.305
ETH,SELL,1.7294,550944.000,2024-07-15 22:42:40.040
ETH,SELL,1.0000,550914.000,2024-07-15 22:42:40.538
ETH,SELL,0.0100,550855.000,2024-07-15 22:42:40.864
ETH,SELL,1.0000,550920.000,2024-07-15 22:42:49.041
ETH,BUY,0.0400,550982.000,2024-07-15 22:42:55.945
ETH,SELL,0.0235,550971.000,2024-07-15 22:42:58.368
ETH,SELL,0.2600,550884.000,2024-07-15 22:43:00.711
ETH,SELL,0.0200,550884.000,2024-07-15 22:43:00.889
ETH,SELL,0.0517,550913.000,2024-07-15 22:43:00.944
ETH,SELL,3.7000,550913.000,2024-07-15 22:43:01.100
ETH,SELL,0.2200,550913.000,2024-07-15 22:43:01.519
ETH,SELL,0.0600,551021.000,2024-07-15 22:43:08.102
ETH,SELL,0.0110,551021.000,2024-07-15 22:43:09.554
ETH,SELL,0.0214,551022.000,2024-07-15 22:43:11.235
ETH,BUY,0.5000,551074.000,2024-07-15 22:43:11.479
ETH,SELL,0.1187,551022.000,2024-07-15 22:43:14.502
ETH,SELL,0.5443,551022.000,2024-07-15 22:43:14.838
ETH,SELL,0.3349,551021.000,2024-07-15 22:43:16.597
ETH,SELL,0.0289,551021.000,2024-07-15 22:43:17.438
ETH,SELL,0.0920,551021.000,2024-07-15 22:43:17.780
ETH,SELL,0.0413,551021.000,2024-07-15 22:43:25.506
ETH,SELL,0.0265,551021.000,2024-07-15 22:43:27.183
ETH,SELL,0.1000,551021.000,2024-07-15 22:43:27.937
ETH,SELL,0.0471,551021.000,2024-07-15 22:43:31.049
ETH,SELL,0.1000,551021.000,2024-07-15 22:43:33.493
ETH,SELL,0.1000,551021.000,2024-07-15 22:43:33.744
ETH,BUY,0.0141,551022.000,2024-07-15 22:43:36.016
ETH,SELL,0.0207,551021.000,2024-07-15 22:43:42.918
ETH,SELL,0.0376,551021.000,2024-07-15 22:43:43.205
ETH,SELL,0.0100,551000.000,2024-07-15 22:43:48.875
ETH,SELL,0.2000,550991.000,2024-07-15 22:43:53.226
ETH,SELL,0.0100,550884.000,2024-07-15 22:44:42.961
ETH,BUY,0.5000,550893.000,2024-07-15 22:45:07.339
ETH,BUY,0.0100,550893.000,2024-07-15 22:46:51.205
ETH,BUY,0.1900,551282.000,2024-07-15 22:46:51.205
ETH,BUY,0.2000,551290.000,2024-07-15 22:47:05.490
ETH,BUY,0.0221,551294.000,2024-07-15 22:47:07.650
ETH,BUY,0.0100,551300.000,2024-07-15 22:47:07.650
ETH,BUY,0.0679,551300.000,2024-07-15 22:47:07.650
ETH,BUY,0.1000,551330.000,2024-07-15 22:47:11.906
ETH,BUY,0.0221,551330.000,2024-07-15 22:47:11.935
ETH,BUY,0.1000,551330.000,2024-07-15 22:47:16.046
ETH,BUY,0.0100,551330.000,2024-07-15 22:47:17.961
ETH,BUY,0.3530,551330.000,2024-07-15 22:47:31.958
ETH,BUY,0.1352,551330.000,2024-07-15 22:47:31.958
ETH,BUY,0.4577,551446.000,2024-07-15 22:47:31.958
ETH,BUY,0.0541,551447.000,2024-07-15 22:47:31.958
ETH,SELL,0.1000,551348.000,2024-07-15 22:47:49.145
ETH,BUY,0.1000,551332.000,2024-07-15 22:48:06.878
ETH,BUY,0.1000,551531.000,2024-07-15 22:48:51.093
ETH,SELL,0.3000,551550.000,2024-07-15 22:49:25.138
ETH,SELL,0.0700,551550.000,2024-07-15 22:49:31.011
ETH,SELL,0.0199,551477.000,2024-07-15 22:49:32.721
ETH,SELL,0.1000,551349.000,2024-07-15 22:49:33.384
ETH,SELL,0.1000,551349.000,2024-07-15 22:49:33.486
ETH,SELL,0.8000,551349.000,2024-07-15 22:49:34.296
ETH,SELL,0.1000,551290.000,2024-07-15 22:49:35.623
ETH,SELL,0.0264,551290.000,2024-07-15 22:49:39.230
ETH,SELL,0.0736,551290.000,2024-07-15 22:49:43.523
ETH,SELL,0.4264,551141.000,2024-07-15 22:49:43.523
ETH,SELL,0.2000,551080.000,2024-07-15 22:49:48.537
ETH,SELL,0.5683,551080.000,2024-07-15 22:49:50.869
ETH,SELL,0.5000,551001.000,2024-07-15 22:50:00.374
ETH,SELL,0.0216,550913.000,2024-07-15 22:50:11.749
ETH,BUY,0.0500,550914.000,2024-07-15 22:50:29.970
ETH,SELL,0.0200,550913.000,2024-07-15 22:50:33.553
ETH,BUY,0.2500,550847.000,2024-07-15 22:50:37.273
ETH,BUY,0.0500,550847.000,2024-07-15 22:50:38.242
ETH,BUY,0.4300,550847.000,2024-07-15 22:50:38.242
ETH,SELL,0.0444,550846.000,2024-07-15 22:50:44.366
ETH,SELL,0.2000,550691.000,2024-07-15 22:50:45.164
ETH,SELL,0.0100,550691.000,2024-07-15 22:50:45.243
ETH,SELL,0.0100,550691.000,2024-07-15 22:50:45.390
ETH,SELL,0.1000,550691.000,2024-07-15 22:50:46.435
ETH,SELL,0.0898,550603.000,2024-07-15 22:50:54.575
ETH,SELL,0.4102,550312.000,2024-07-15 22:50:54.575
ETH,SELL,0.0100,550312.000,2024-07-15 22:50:54.683
ETH,SELL,0.0100,550312.000,2024-07-15 22:50:54.786
ETH,BUY,0.0364,550795.000,2024-07-15 22:50:55.966
ETH,SELL,0.5000,550312.000,2024-07-15 22:50:56.424
ETH,SELL,0.0698,550312.000,2024-07-15 22:50:56.990
ETH,SELL,0.3002,550130.000,2024-07-15 22:50:56.990
ETH,BUY,0.0100,550441.000,2024-07-15 22:51:12.234
ETH,SELL,0.1611,550250.000,2024-07-15 22:51:14.383
ETH,SELL,0.0389,550171.000,2024-07-15 22:51:14.383
ETH,BUY,0.0100,550593.000,2024-07-15 22:51:15.950
ETH,BUY,0.2000,550620.000,2024-07-15 22:51:19.713
ETH,BUY,0.2000,550128.000,2024-07-15 22:51:39.234
ETH,BUY,0.3700,550128.000,2024-07-15 22:51:41.818
ETH,BUY,0.0300,550128.000,2024-07-15 22:51:44.773
ETH,SELL,0.0173,550127.000,2024-07-15 22:51:56.065
ETH,SELL,0.0207,550127.000,2024-07-15 22:52:04.950
ETH,SELL,0.0620,550127.000,2024-07-15 22:52:06.399
ETH,BUY,0.2000,550026.000,2024-07-15 22:52:17.623
ETH,BUY,0.2000,550026.000,2024-07-15 22:52:18.569
ETH,BUY,0.0600,550075.000,2024-07-15 22:52:19.552
ETH,BUY,0.2000,550161.000,2024-07-15 22:52:22.031
ETH,BUY,0.2000,550161.000,2024-07-15 22:52:24.215
ETH,SELL,0.0165,550230.000,2024-07-15 22:52:47.318
ETH,SELL,0.0588,550230.000,2024-07-15 22:52:49.150
ETH,SELL,0.0196,550230.000,2024-07-15 22:52:52.221
ETH,SELL,0.0051,550230.000,2024-07-15 22:53:15.729
ETH,SELL,0.1000,550001.000,2024-07-15 22:53:31.618
ETH,SELL,0.0100,550000.000,2024-07-15 22:53:31.618
ETH,SELL,0.0100,550000.000,2024-07-15 22:53:31.618
ETH,SELL,0.0800,549693.000,2024-07-15 22:53:31.618
ETH,SELL,0.0294,549339.000,2024-07-15 22:54:14.106
ETH,SELL,0.0100,549341.000,2024-07-15 22:54:20.294
ETH,SELL,0.0200,549310.000,2024-07-15 22:54:45.480
ETH,SELL,0.4765,549266.000,2024-07-15 22:54:53.724
ETH,SELL,0.0235,549262.000,2024-07-15 22:54:53.724
ETH,SELL,0.0765,549262.000,2024-07-15 22:54:53.811
ETH,BUY,0.0294,549368.000,2024-07-15 22:55:38.690
ETH,BUY,0.0100,549369.000,2024-07-15 22:55:38.690
ETH,BUY,0.1606,549378.000,2024-07-15 22:55:38.690
ETH,BUY,0.0100,549504.000,2024-07-15 22:55:41.446
ETH,SELL,0.5000,549787.000,2024-07-15 22:56:25.591
ETH,SELL,0.9999,550019.000,2024-07-15 22:56:28.363
ETH,SELL,0.5000,549774.000,2024-07-15 22:56:45.080
ETH,SELL,0.5000,549500.000,2024-07-15 22:58:25.694
ETH,SELL,0.1000,549500.000,2024-07-15 22:58:51.492
ETH,SELL,0.2000,549500.000,2024-07-15 22:58:58.220
ETH,SELL,0.2000,549500.000,2024-07-15 22:59:18.765
ETH,SELL,0.2000,549435.000,2024-07-15 23:00:27.793
ETH,SELL,0.8000,549435.000,2024-07-15 23:00:27.793
ETH,SELL,0.5000,549200.000,2024-07-15 23:01:13.822
ETH,SELL,0.3900,549200.000,2024-07-15 23:01:33.377
ETH,SELL,1.6300,549002.000,2024-07-15 23:01:48.914
ETH,SELL,1.6300,549001.000,2024-07-15 23:01:48.914
ETH,SELL,0.0100,549000.000,2024-07-15 23:01:48.914
ETH,SELL,1.0000,548939.000,2024-07-15 23:01:48.914
ETH,SELL,1.0000,548881.000,2024-07-15 23:01:48.914
ETH,SELL,0.3300,548860.000,2024-07-15 23:01:48.914
ETH,SELL,0.2166,548860.000,2024-07-15 23:02:49.326
ETH,SELL,1.0000,548698.000,2024-07-15 23:02:49.326
ETH,SELL,0.2000,548686.000,2024-07-15 23:02:49.326
ETH,SELL,0.2034,548669.000,2024-07-15 23:02:49.326
ETH,BUY,0.0137,548173.000,2024-07-15 23:04:33.118
ETH,SELL,0.0100,548168.000,2024-07-15 23:05:32.357
ETH,SELL,0.0100,548165.000,2024-07-15 23:05:32.357
ETH,SELL,0.0100,548000.000,2024-07-15 23:05:32.357
ETH,SELL,0.8700,548000.000,2024-07-15 23:05:32.357
ETH,SELL,0.2100,547927.000,2024-07-15 23:05:32.357
ETH,SELL,0.8900,547926.000,2024-07-15 23:05:32.357
ETH,SELL,0.0100,548158.000,2024-07-15 23:05:49.823
ETH,BUY,0.1636,549035.000,2024-07-15 23:06:55.086
ETH,BUY,0.0364,549039.000,2024-07-15 23:06:55.086
ETH,BUY,0.2000,549384.000,2024-07-15 23:07:07.181
ETH,BUY,0.2000,549595.000,2024-07-15 23:07:15.467
ETH,BUY,1.6400,549690.000,2024-07-15 23:07:15.467
ETH,BUY,1.6400,549700.000,2024-07-15 23:07:15.467
ETH,BUY,1.0000,549746.000,2024-07-15 23:07:15.467
ETH,BUY,0.0100,549802.000,2024-07-15 23:07:15.467
ETH,BUY,0.5100,549810.000,2024-07-15 23:07:15.467
ETH,BUY,0.0100,549753.000,2024-07-15 23:07:18.426
ETH,BUY,1.0000,549618.000,2024-07-15 23:07:34.617
ETH,BUY,0.0100,549698.000,2024-07-15 23:07:34.617
ETH,BUY,0.0200,549704.000,2024-07-15 23:07:34.617
ETH,BUY,0.4200,549744.000,2024-07-15 23:07:34.617
ETH,BUY,0.0100,549661.000,2024-07-15 23:07:37.435
ETH,BUY,0.0100,549643.000,2024-07-15 23:07:43.644
ETH,BUY,0.1400,549649.000,2024-07-15 23:07:43.644
ETH,BUY,0.0100,549581.000,2024-07-15 23:07:45.940
ETH,BUY,0.0100,549655.000,2024-07-15 23:07:53.689
ETH,BUY,0.0100,549620.000,2024-07-15 23:07:59.035
ETH,BUY,0.0112,549898.000,2024-07-15 23:08:47.778
ETH,BUY,0.1888,549904.000,2024-07-15 23:08:47.778
ETH,BUY,0.0112,549865.000,2024-07-15 23:08:51.438
ETH,BUY,0.0200,549865.000,2024-07-15 23:09:34.526
ETH,BUY,0.1800,549910.000,2024-07-15 23:09:34.526
ETH,BUY,0.2000,549910.000,2024-07-15 23:09:36.719
ETH,BUY,0.2550,549910.000,2024-07-15 23:09:51.429
ETH,BUY,0.3127,549910.000,2024-07-15 23:09:54.619
ETH,BUY,0.0500,549999.000,2024-07-15 23:09:54.619
ETH,BUY,0.6373,550242.000,2024-07-15 23:09:54.619
ETH,SELL,0.1000,550131.000,2024-07-15 23:09:57.490
ETH,SELL,0.3906,550131.000,2024-07-15 23:09:57.490
ETH,SELL,0.0100,550245.000,2024-07-15 23:10:02.101
ETH,SELL,0.0100,550070.000,2024-07-15 23:10:03.506
ETH,SELL,0.5000,549395.000,2024-07-15 23:12:54.959
ETH,BUY,0.3000,550000.000,2024-07-15 23:16:33.345
ETH,SELL,0.0200,549998.000,2024-07-15 23:16:56.074
ETH,BUY,0.7000,550000.000,2024-07-15 23:17:48.382
ETH,BUY,0.2000,550000.000,2024-07-15 23:17:48.382
ETH,BUY,0.3906,550187.000,2024-07-15 23:17:48.382
ETH,BUY,0.0107,550329.000,2024-07-15 23:17:48.382
ETH,BUY,0.0200,550338.000,2024-07-15 23:17:48.382
ETH,BUY,1.0000,550362.000,2024-07-15 23:17:48.382
ETH,BUY,0.1000,550743.000,2024-07-15 23:17:48.382
ETH,BUY,0.5787,550743.000,2024-07-15 23:17:48.382
ETH,BUY,0.0107,550441.000,2024-07-15 23:17:51.030
ETH,SELL,0.0100,550404.000,2024-07-15 23:18:13.674
ETH,SELL,0.0100,550404.000,2024-07-15 23:18:15.262
ETH,SELL,0.0100,550358.000,2024-07-15 23:18:16.817
ETH,BUY,0.2000,550420.000,2024-07-15 23:18:34.304
ETH,SELL,0.0100,550467.000,2024-07-15 23:18:45.445
ETH,BUY,1.0800,550468.000,2024-07-15 23:18:48.006
ETH,BUY,1.0000,550474.000,2024-07-15 23:18:48.006
ETH,BUY,0.9200,550590.000,2024-07-15 23:18:48.006
ETH,SELL,0.0100,550519.000,2024-07-15 23:18:50.149
ETH,SELL,0.0100,550171.000,2024-07-15 23:18:51.741
ETH,SELL,0.0100,550459.000,2024-07-15 23:18:59.393
ETH,SELL,0.0100,550394.000,2024-07-15 23:19:00.990
ETH,SELL,0.0100,550390.000,2024-07-15 23:19:13.171
ETH,SELL,1.0000,550347.000,2024-07-15 23:19:30.291
ETH,SELL,0.0100,550470.000,2024-07-15 23:19:44.750
ETH,BUY,0.0108,550795.000,2024-07-15 23:21:59.969
ETH,BUY,0.0292,550801.000,2024-07-15 23:21:59.969
ETH,BUY,0.0108,550801.000,2024-07-15 23:22:00.461
ETH,BUY,0.0108,551646.000,2024-07-15 23:22:10.461
ETH,BUY,0.2500,551645.000,2024-07-15 23:22:11.761
ETH,SELL,0.4000,551644.000,2024-07-15 23:22:12.558
ETH,SELL,0.4000,551669.000,2024-07-15 23:22:14.544
ETH,SELL,0.2180,551682.000,2024-07-15 23:22:16.531
ETH,BUY,1.0000,551821.000,2024-07-15 23:22:31.091
ETH,BUY,0.5796,551921.000,2024-07-15 23:22:31.091
ETH,BUY,0.4204,551921.000,2024-07-15 23:22:31.091
ETH,BUY,0.0100,551536.000,2024-07-15 23:22:45.615
ETH,BUY,0.0400,551542.000,2024-07-15 23:22:45.615
ETH,BUY,0.0100,551530.000,2024-07-15 23:22:47.242
ETH,BUY,0.3600,551536.000,2024-07-15 23:22:47.242
ETH,BUY,0.5300,551541.000,2024-07-15 23:22:47.242
ETH,BUY,0.0200,551466.000,2024-07-15 23:22:50.425
ETH,BUY,0.0108,551713.000,2024-07-15 23:22:56.543
ETH,BUY,0.0375,551803.000,2024-07-15 23:22:56.543
ETH,BUY,1.4393,551808.000,2024-07-15 23:22:56.543
ETH,BUY,0.5124,551809.000,2024-07-15 23:22:56.543
ETH,BUY,0.0375,551566.000,2024-07-15 23:22:58.928
ETH,BUY,0.0500,551808.000,2024-07-15 23:25:04.911
ETH,BUY,0.0200,551808.000,2024-07-15 23:27:17.392
ETH,BUY,0.5088,551808.000,2024-07-15 23:27:20.007
ETH,BUY,0.0800,551928.000,2024-07-15 23:29:24.585
ETH,SELL,0.2000,551813.000,2024-07-15 23:29:48.466
ETH,SELL,0.2000,551813.000,2024-07-15 23:29:49.129
ETH,SELL,0.2000,551808.000,2024-07-15 23:29:50.619
ETH,SELL,0.0812,551808.000,2024-07-15 23:29:51.336
ETH,SELL,0.1188,551800.000,2024-07-15 23:29:51.336
ETH,SELL,0.2000,551800.000,2024-07-15 23:29:52.813
ETH,SELL,0.2000,551500.000,2024-07-15 23:29:53.533
ETH,SELL,0.9000,551510.000,2024-07-15 23:30:01.255
ETH,SELL,0.0502,551530.000,2024-07-15 23:30:18.666
ETH,SELL,0.0146,551500.000,2024-07-15 23:30:22.826
ETH,SELL,0.2000,551500.000,2024-07-15 23:30:23.633
ETH,SELL,0.2000,551500.000,2024-07-15 23:30:23.902
ETH,SELL,0.0403,551501.000,2024-07-15 23:30:24.672
ETH,BUY,0.0100,551397.000,2024-07-15 23:31:00.912
ETH,BUY,0.0100,551506.000,2024-07-15 23:31:11.347
ETH,BUY,0.0350,551833.000,2024-07-15 23:33:07.314
ETH,BUY,1.0000,551872.000,2024-07-15 23:33:45.321
ETH,BUY,0.1200,551928.000,2024-07-15 23:34:20.150
ETH,BUY,0.0800,552000.000,2024-07-15 23:34:20.150
ETH,BUY,0.0200,552000.000,2024-07-15 23:34:20.756
ETH,BUY,0.0100,552000.000,2024-07-15 23:34:20.756
ETH,BUY,0.0700,552090.000,2024-07-15 23:34:20.756
ETH,BUY,0.5000,552153.000,2024-07-15 23:34:39.903
ETH,BUY,0.9200,552176.000,2024-07-15 23:35:08.067
ETH,BUY,0.0100,552331.000,2024-07-15 23:36:13.489
ETH,BUY,0.0100,552373.000,2024-07-15 23:36:17.443
ETH,SELL,0.5000,552221.000,2024-07-15 23:36:18.648
ETH,SELL,0.0300,552305.000,2024-07-15 23:37:33.447
ETH,BUY,0.0300,552323.000,2024-07-15 23:37:43.127
ETH,SELL,0.0182,552300.000,2024-07-15 23:41:35.294
ETH,SELL,0.0400,552300.000,2024-07-15 23:42:07.076
ETH,BUY,0.2000,552334.000,2024-07-15 23:42:56.976
ETH,SELL,0.3890,552312.000,2024-07-15 23:43:15.747
ETH,SELL,0.0321,552300.000,2024-07-15 23:43:27.734
ETH,SELL,0.0633,552300.000,2024-07-15 23:43:46.543
ETH,SELL,0.0322,552300.000,2024-07-15 23:43:49.935
ETH,SELL,0.0276,552300.000,2024-07-15 23:44:48.345
ETH,SELL,0.0218,552300.000,2024-07-15 23:44:54.696
ETH,SELL,0.0300,552300.000,2024-07-15 23:44:56.191
ETH,SELL,0.0254,552300.000,2024-07-15 23:44:56.416
ETH,SELL,0.0218,552300.000,2024-07-15 23:45:06.753
ETH,SELL,0.1000,552300.000,2024-07-15 23:45:08.405
ETH,SELL,0.0219,552300.000,2024-07-15 23:45:08.520
ETH,SELL,0.0057,552300.000,2024-07-15 23:45:10.603
ETH,SELL,0.1943,552200.000,2024-07-15 23:45:10.603
ETH,BUY,0.0360,552205.000,2024-07-15 23:45:25.069
ETH,SELL,0.1000,552200.000,2024-07-15 23:45:34.362
ETH,SELL,0.2000,552200.000,2024-07-15 23:45:34.834
ETH,SELL,0.1000,552200.000,2024-07-15 23:45:36.624
ETH,SELL,0.0557,552200.000,2024-07-15 23:45:36.960
ETH,SELL,0.0443,552091.000,2024-07-15 23:45:36.960
ETH,SELL,0.0752,552080.000,2024-07-15 23:45:43.955
ETH,SELL,0.2000,552080.000,2024-07-15 23:45:44.513
ETH,SELL,0.2000,552012.000,2024-07-15 23:45:44.824
ETH,SELL,0.2000,552012.000,2024-07-15 23:45:45.131
ETH,SELL,0.0100,552000.000,2024-07-15 23:45:48.920
ETH,SELL,0.0494,552000.000,2024-07-15 23:45:48.920
ETH,SELL,0.1206,552000.000,2024-07-15 23:45:50.115
ETH,BUY,0.0100,552117.000,2024-07-15 23:48:08.384
ETH,BUY,0.1380,552122.000,2024-07-15 23:48:08.384
ETH,BUY,0.0100,552119.000,2024-07-15 23:48:10.979
ETH,BUY,0.0100,552165.000,2024-07-15 23:48:36.737
ETH,BUY,0.0100,552189.000,2024-07-15 23:48:36.737
ETH,BUY,0.0100,552346.000,2024-07-15 23:48:39.565
ETH,BUY,0.0100,552275.000,2024-07-15 23:49:06.626
ETH,BUY,0.0900,552346.000,2024-07-15 23:49:06.626
ETH,BUY,0.0100,552338.000,2024-07-15 23:49:09.454
ETH,SELL,0.2000,552189.000,2024-07-15 23:50:31.593
ETH,SELL,0.2000,552189.000,2024-07-15 23:50:31.873
ETH,SELL,1.0000,552189.000,2024-07-15 23:51:24.359
ETH,BUY,0.5415,552190.000,2024-07-15 23:51:59.659
ETH,BUY,1.0000,552190.000,2024-07-15 23:51:59.659
ETH,BUY,0.2585,552192.000,2024-07-15 23:51:59.659
ETH,SELL,0.0300,552189.000,2024-07-15 23:52:14.833
ETH,SELL,0.1820,552189.000,2024-07-15 23:52:14.833
ETH,SELL,0.1700,552000.000,2024-07-15 23:52:14.833
ETH,SELL,0.9517,551933.000,2024-07-15 23:52:14.833
ETH,SELL,0.6663,551763.000,2024-07-15 23:52:14.833
ETH,SELL,2.0000,551822.000,2024-07-15 23:52:19.281
ETH,BUY,0.0325,552054.000,2024-07-15 23:52:24.800
ETH,BUY,0.1675,552065.000,2024-07-15 23:52:24.800
ETH,BUY,0.0325,552041.000,2024-07-15 23:52:26.941
ETH,SELL,0.2000,552005.000,2024-07-15 23:53:25.105
ETH,BUY,0.0100,552032.000,2024-07-15 23:53:30.865
ETH,BUY,0.0100,552043.000,2024-07-15 23:53:30.865
ETH,BUY,0.0100,552044.000,2024-07-15 23:53:33.949
ETH,SELL,0.2000,551939.000,2024-07-15 23:53:37.292
ETH,SELL,0.2000,551939.000,2024-07-15 23:53:37.820
ETH,SELL,0.1000,551907.000,2024-07-15 23:53:55.719
ETH,SELL,0.2000,551808.000,2024-07-15 23:53:57.803
ETH,SELL,0.2000,551808.000,2024-07-15 23:53:58.342
ETH,BUY,0.0100,552025.000,2024-07-15 23:54:22.391
ETH,BUY,0.0400,552036.000,2024-07-15 23:54:22.391
ETH,BUY,0.0100,552012.000,2024-07-15 23:54:24.418
ETH,BUY,0.0200,552129.000,2024-07-15 23:55:12.254
ETH,SELL,0.1000,552089.000,2024-07-15 23:55:44.767
ETH,SELL,0.0300,552128.000,2024-07-15 23:56:24.368
ETH,BUY,0.2096,552129.000,2024-07-15 23:57:06.524
ETH,BUY,0.4854,552390.000,2024-07-15 23:57:06.524
ETH,BUY,0.3050,552390.000,2024-07-15 23:57:06.524
ETH,BUY,0.0150,552400.000,2024-07-15 23:58:28.463
ETH,SELL,0.3018,552122.000,2024-07-15 23:58:54.616
ETH,SELL,0.0190,552089.000,2024-07-15 23:58:58.834
ETH,SELL,1.0000,552020.000,2024-07-15 23:58:58.834
ETH,SELL,0.8900,552019.000,2024-07-15 23:58:58.834
ETH,SELL,0.0910,552018.000,2024-07-15 23:58:58.834
ETH,SELL,0.2000,552000.000,2024-07-15 23:59:08.585
ETH,SELL,0.2000,552000.000,2024-07-15 23:59:08.974
ETH,SELL,0.2000,552000.000,2024-07-15 23:59:10.727
ETH,SELL,0.2000,552000.000,2024-07-15 23:59:11.142
ETH,SELL,0.0267,552000.000,2024-07-15 23:59:11.936
ETH,SELL,1.3833,552000.000,2024-07-15 23:59:14.502
ETH,SELL,0.1000,551753.000,2024-07-15 23:59:14.502
ETH,SELL,0.1000,551750.000,2024-07-15 23:59:14.502
ETH,SELL,0.4167,551604.000,2024-07-15 23:59:14.502
ETH,BUY,0.3300,552331.000,2024-07-16 00:01:43.130
ETH,BUY,0.5383,552397.000,2024-07-16 00:02:19.818
ETH,BUY,0.4617,552399.000,2024-07-16 00:02:19.818
ETH,BUY,0.0250,552400.000,2024-07-16 00:03:07.682
ETH,BUY,0.0370,552800.000,2024-07-16 00:03:52.580
ETH,BUY,0.0200,552835.000,2024-07-16 00:03:57.438
ETH,BUY,0.5774,552913.000,2024-07-16 00:04:00.960
ETH,BUY,0.0100,553000.000,2024-07-16 00:04:03.728
ETH,BUY,0.1400,553245.000,2024-07-16 00:04:06.312
ETH,BUY,0.0100,553036.000,2024-07-16 00:04:23.086
ETH,SELL,0.0159,552695.000,2024-07-16 00:05:33.925
ETH,SELL,1.0000,552134.000,2024-07-16 00:06:08.733
ETH,SELL,1.0000,552123.000,2024-07-16 00:06:08.733
ETH,SELL,0.0100,552073.000,2024-07-16 00:06:08.733
ETH,SELL,0.1353,552000.000,2024-07-16 00:06:08.733
ETH,SELL,0.0100,552000.000,2024-07-16 00:06:08.817
ETH,SELL,0.0100,552000.000,2024-07-16 00:06:08.930
ETH,BUY,0.0100,552528.000,2024-07-16 00:06:50.486
ETH,BUY,0.2000,552528.000,2024-07-16 00:06:50.914
ETH,BUY,0.3000,552528.000,2024-07-16 00:06:51.304
ETH,BUY,0.2000,553016.000,2024-07-16 00:07:05.176
ETH,BUY,0.2000,552748.000,2024-07-16 00:08:36.149
ETH,BUY,0.2000,553113.000,2024-07-16 00:08:58.148
ETH,SELL,1.0000,553102.000,2024-07-16 00:09:28.656
ETH,SELL,1.0000,552976.000,2024-07-16 00:09:28.656
ETH,SELL,0.6436,552991.000,2024-07-16 00:10:03.758
ETH,SELL,0.3000,552892.000,2024-07-16 00:10:03.758
ETH,SELL,0.0564,552872.000,2024-07-16 00:10:03.758
ETH,SELL,0.0435,552821.000,2024-07-16 00:10:23.684
ETH,SELL,0.9565,552566.000,2024-07-16 00:10:23.684
ETH,BUY,0.1600,552519.000,2024-07-16 00:10:47.283
ETH,BUY,0.0220,552520.000,2024-07-16 00:10:47.283
ETH,SELL,0.0905,552500.000,2024-07-16 00:10:49.039
ETH,SELL,0.0300,552500.000,2024-07-16 00:10:49.039
ETH,SELL,0.8795,552444.000,2024-07-16 00:10:49.039
ETH,SELL,0.0198,552421.000,2024-07-16 00:11:02.788
ETH,SELL,0.2000,552400.000,2024-07-16 00:11:19.578
ETH,SELL,0.2000,552400.000,2024-07-16 00:11:19.584
ETH,SELL,0.0900,552400.000,2024-07-16 00:11:29.552
ETH,SELL,0.1000,552400.000,2024-07-16 00:11:33.855
ETH,SELL,0.4100,552400.000,2024-07-16 00:11:40.620
ETH,BUY,0.5000,552049.000,2024-07-16 00:12:06.261
ETH,SELL,0.0275,552000.000,2024-07-16 00:12:46.924
ETH,BUY,0.0480,552044.000,2024-07-16 00:12:56.468
ETH,BUY,1.0000,552038.000,2024-07-16 00:13:43.187
ETH,SELL,0.0725,552000.000,2024-07-16 00:14:35.436
ETH,SELL,0.0275,552000.000,2024-07-16 00:14:35.436
ETH,SELL,0.0266,552000.000,2024-07-16 00:14:35.584
ETH,SELL,0.0734,551565.000,2024-07-16 00:14:35.584
ETH,SELL,0.1000,551124.000,2024-07-16 00:15:33.592
ETH,SELL,0.0200,551178.000,2024-07-16 00:15:41.138
ETH,SELL,0.1000,550803.000,2024-07-16 00:16:12.143
ETH,SELL,0.1000,550845.000,2024-07-16 00:16:41.200
ETH,SELL,0.0200,550801.000,2024-07-16 00:17:08.792
ETH,SELL,0.0370,550500.000,2024-07-16 00:17:16.131
ETH,SELL,0.7266,550213.000,2024-07-16 00:17:16.131
ETH,SELL,0.8564,550056.000,2024-07-16 00:17:16.131
ETH,SELL,0.1436,550056.000,2024-07-16 00:17:16.188
ETH,SELL,0.2564,550050.000,2024-07-16 00:17:16.188
ETH,SELL,0.0131,550075.000,2024-07-16 00:17:19.455
ETH,BUY,0.4900,550152.000,2024-07-16 00:17:23.647
ETH,BUY,0.0281,550281.000,2024-07-16 00:17:26.524
ETH,SELL,0.6300,550270.000,2024-07-16 00:18:22.675
ETH,SELL,0.1500,550218.000,2024-07-16 00:18:36.641
ETH,SELL,0.2200,550050.000,2024-07-16 00:18:43.154
ETH,BUY,0.2000,550470.000,2024-07-16 00:19:22.401
ETH,BUY,0.0500,550460.000,2024-07-16 00:19:56.269
ETH,SELL,0.2000,550747.000,2024-07-16 00:21:54.869
ETH,SELL,0.2000,550767.000,2024-07-16 00:22:06.654
ETH,SELL,0.2000,550527.000,2024-07-16 00:22:06.707
ETH,SELL,0.0500,550250.000,2024-07-16 00:22:18.888
ETH,SELL,0.1500,550050.000,2024-07-16 00:22:18.888
ETH,SELL,0.2000,550050.000,2024-07-16 00:22:18.898
ETH,SELL,0.1736,550050.000,2024-07-16 00:22:41.079
ETH,SELL,0.0180,550000.000,2024-07-16 00:22:41.520
ETH,SELL,0.4820,550000.000,2024-07-16 00:22:41.608
ETH,SELL,0.0200,550000.000,2024-07-16 00:22:41.608
ETH,SELL,0.0100,550000.000,2024-07-16 00:22:41.608
ETH,SELL,1.0000,549878.000,2024-07-16 00:22:41.608
ETH,SELL,0.2000,549700.000,2024-07-16 00:22:41.608
ETH,SELL,0.4180,549601.000,2024-07-16 00:22:41.608
ETH,SELL,0.0100,550009.000,2024-07-16 00:22:59.916
ETH,BUY,0.2000,550050.000,2024-07-16 00:23:08.402
ETH,BUY,0.0200,549842.000,2024-07-16 00:24:12.150
ETH,BUY,0.2000,549944.000,2024-07-16 00:24:48.970
ETH,BUY,0.2000,549922.000,2024-07-16 00:24:56.400
ETH,BUY,0.1000,549723.000,2024-07-16 00:25:05.970
ETH,BUY,0.3630,549896.000,2024-07-16 00:25:08.306
ETH,BUY,0.1000,549804.000,2024-07-16 00:25:17.493
ETH,BUY,0.1000,549805.000,2024-07-16 00:25:17.493
ETH,BUY,0.0500,549800.000,2024-07-16 00:25:25.256
ETH,SELL,0.0300,549649.000,2024-07-16 00:25:50.372
ETH,BUY,0.2000,550050.000,2024-07-16 00:26:58.420
ETH,BUY,0.0100,550050.000,2024-07-16 00:27:03.435
ETH,BUY,0.1000,550050.000,2024-07-16 00:27:29.313
ETH,BUY,0.2000,550050.000,2024-07-16 00:27:31.535
ETH,BUY,0.0364,550050.000,2024-07-16 00:27:33.680
ETH,BUY,0.0636,550050.000,2024-07-16 00:27:33.680
ETH,BUY,0.0464,550050.000,2024-07-16 00:28:37.927
ETH,BUY,0.0082,550180.000,2024-07-16 00:28:51.590
ETH,BUY,0.0910,550223.000,2024-07-16 00:29:09.623
ETH,BUY,0.1000,549652.000,2024-07-16 00:33:09.198
ETH,BUY,0.1000,549705.000,2024-07-16 00:33:42.478
ETH,BUY,0.0135,549708.000,2024-07-16 00:33:42.478
ETH,BUY,0.0376,549668.000,2024-07-16 00:33:44.442
ETH,SELL,0.2000,549636.000,2024-07-16 00:33:59.126
ETH,SELL,0.2000,549636.000,2024-07-16 00:34:20.950
ETH,SELL,0.1770,549636.000,2024-07-16 00:34:21.125
ETH,SELL,0.0230,549600.000,2024-07-16 00:34:21.125
ETH,SELL,0.0140,549600.000,2024-07-16 00:34:29.299
ETH,SELL,0.0100,549500.000,2024-07-16 00:34:30.193
ETH,SELL,0.9500,549500.000,2024-07-16 00:34:30.193
ETH,SELL,0.0135,548781.000,2024-07-16 00:34:32.438
ETH,SELL,0.0300,548780.000,2024-07-16 00:34:32.575
ETH,BUY,0.0100,548734.000,2024-07-16 00:34:45.417
ETH,BUY,0.2000,548949.000,2024-07-16 00:35:22.500
ETH,BUY,0.0364,548967.000,2024-07-16 00:35:46.605
ETH,BUY,0.0759,548760.000,2024-07-16 00:36:37.441
ETH,BUY,0.0100,548878.000,2024-07-16 00:37:02.216
ETH,BUY,0.0270,548748.000,2024-07-16 00:37:16.929
ETH,SELL,0.0724,548708.000,2024-07-16 00:37:43.918
ETH,BUY,0.9276,548711.000,2024-07-16 00:37:52.508
ETH,SELL,0.1820,548700.000,2024-07-16 00:38:36.065
ETH,BUY,0.3000,548815.000,2024-07-16 00:39:38.171
ETH,SELL,0.0720,548805.000,2024-07-16 00:39:58.028
ETH,SELL,0.0100,548928.000,2024-07-16 00:40:22.708
ETH,BUY,0.0700,548943.000,2024-07-16 00:40:27.962
ETH,BUY,0.1000,549077.000,2024-07-16 00:40:29.420
ETH,SELL,0.5000,549321.000,2024-07-16 00:41:37.793
ETH,SELL,0.1000,549579.000,2024-07-16 00:42:30.180
ETH,BUY,1.0000,549751.000,2024-07-16 00:42:41.147
ETH,BUY,1.0000,549783.000,2024-07-16 00:42:41.147
ETH,BUY,1.0000,549888.000,2024-07-16 00:42:56.980
ETH,BUY,0.5000,549979.000,2024-07-16 00:43:12.848
ETH,BUY,0.0152,550000.000,2024-07-16 00:43:12.848
ETH,BUY,0.9848,550000.000,2024-07-16 00:43:23.326
ETH,BUY,0.0300,550476.000,2024-07-16 00:44:02.088
ETH,BUY,0.1820,550500.000,2024-07-16 00:44:02.088
ETH,BUY,2.0000,550700.000,2024-07-16 00:44:53.874
ETH,SELL,0.0700,550617.000,2024-07-16 00:45:03.132
ETH,BUY,0.1900,550618.000,2024-07-16 00:45:03.974
ETH,BUY,0.5955,550618.000,2024-07-16 00:45:03.974
ETH,BUY,0.1345,550652.000,2024-07-16 00:45:03.974
ETH,SELL,0.0180,550606.000,2024-07-16 00:45:04.422
ETH,SELL,0.0200,550505.000,2024-07-16 00:45:04.422
ETH,BUY,0.2390,550650.000,2024-07-16 00:45:23.934
ETH,BUY,0.3342,550650.000,2024-07-16 00:45:31.200
ETH,BUY,0.0386,550745.000,2024-07-16 00:45:39.509
ETH,BUY,0.0245,550819.000,2024-07-16 00:45:46.612
ETH,BUY,0.0100,551000.000,2024-07-16 00:46:02.437
ETH,BUY,0.0954,551038.000,2024-07-16 00:46:02.437
ETH,BUY,0.2000,551335.000,2024-07-16 00:46:40.453
ETH,BUY,0.5947,551309.000,2024-07-16 00:46:53.079
ETH,BUY,1.4053,551348.000,2024-07-16 00:46:53.079
ETH,BUY,0.3893,551339.000,2024-07-16 00:47:00.988
ETH,BUY,0.5339,551351.000,2024-07-16 00:47:00.988
ETH,BUY,0.7174,551355.000,2024-07-16 00:47:00.988
ETH,BUY,0.2000,551375.000,2024-07-16 00:47:00.988
ETH,BUY,0.1594,551377.000,2024-07-16 00:47:00.988
ETH,BUY,0.1100,551369.000,2024-07-16 00:47:36.978
ETH,BUY,0.5000,551370.000,2024-07-16 00:47:36.978
ETH,BUY,0.3900,551377.000,2024-07-16 00:47:36.978
ETH,SELL,0.0921,550506.000,2024-07-16 00:48:33.945
ETH,BUY,0.2600,550534.000,2024-07-16 00:48:57.164
ETH,BUY,0.1000,550524.000,2024-07-16 00:49:20.823
ETH,BUY,0.2000,550525.000,2024-07-16 00:49:20.823
ETH,BUY,1.0000,550529.000,2024-07-16 00:49:20.823
ETH,BUY,0.5000,550530.000,2024-07-16 00:49:20.823
ETH,BUY,0.0250,550530.000,2024-07-16 00:49:20.823
ETH,SELL,0.0100,550301.000,2024-07-16 00:49:22.928
ETH,BUY,1.0000,550304.000,2024-07-16 00:50:29.387
ETH,BUY,0.3800,550304.000,2024-07-16 00:50:44.511
ETH,BUY,1.6200,550333.000,2024-07-16 00:50:44.511
ETH,SELL,0.2000,550303.000,2024-07-16 00:50:46.130
ETH,SELL,0.2000,550303.000,2024-07-16 00:50:46.148
ETH,BUY,0.6000,550333.000,2024-07-16 00:51:20.889
ETH,SELL,0.0100,550301.000,2024-07-16 00:51:30.682
ETH,SELL,0.0900,550231.000,2024-07-16 00:51:30.682
ETH,SELL,0.1000,550005.000,2024-07-16 00:51:32.867
ETH,BUY,0.0196,550663.000,2024-07-16 00:52:46.423
ETH,BUY,1.0000,550672.000,2024-07-16 00:54:09.057
ETH,BUY,0.1001,550681.000,2024-07-16 00:54:09.057
ETH,BUY,0.2306,550757.000,2024-07-16 00:54:09.057
ETH,BUY,3.1693,550797.000,2024-07-16 00:54:09.057
ETH,BUY,0.2400,550826.000,2024-07-16 00:57:09.083
ETH,SELL,0.1000,550811.000,2024-07-16 00:57:14.405
ETH,BUY,0.0348,550826.000,2024-07-16 00:57:27.923
ETH,SELL,0.1000,550797.000,2024-07-16 00:57:48.810
ETH,BUY,0.0105,550826.000,2024-07-16 00:57:54.427
ETH,BUY,0.0300,550816.000,2024-07-16 00:58:44.905
ETH,SELL,0.0500,550797.000,2024-07-16 00:58:59.494
ETH,SELL,0.0280,550440.000,2024-07-16 00:58:59.494
ETH,SELL,0.0220,550436.000,2024-07-16 00:58:59.494
ETH,SELL,0.2000,550445.000,2024-07-16 00:59:06.006
ETH,SELL,0.0500,550437.000,2024-07-16 00:59:06.006
ETH,BUY,0.0430,550768.000,2024-07-16 01:02:08.513
ETH,BUY,0.0198,550913.000,2024-07-16 01:02:24.472
ETH,BUY,0.0500,550669.000,2024-07-16 01:03:00.885
ETH,BUY,0.1500,550942.000,2024-07-16 01:03:00.885
ETH,SELL,0.5000,550514.000,2024-07-16 01:03:06.574
ETH,BUY,0.2000,550536.000,2024-07-16 01:03:12.708
ETH,SELL,0.0100,549872.000,2024-07-16 01:04:03.001
ETH,BUY,0.0340,549898.000,2024-07-16 01:04:06.612
ETH,BUY,0.1600,549955.000,2024-07-16 01:06:14.903
ETH,BUY,0.0200,549985.000,2024-07-16 01:07:41.911
ETH,SELL,0.2000,549856.000,2024-07-16 01:07:48.701
ETH,SELL,0.2000,549858.000,2024-07-16 01:07:50.801
ETH,SELL,0.1000,549859.000,2024-07-16 01:07:52.943
ETH,SELL,0.2000,549863.000,2024-07-16 01:07:59.227
ETH,SELL,0.2000,549542.000,2024-07-16 01:08:01.370
ETH,BUY,0.1810,549579.000,2024-07-16 01:08:29.532
ETH,BUY,0.0714,549753.000,2024-07-16 01:08:38.748
ETH,SELL,0.0600,549717.000,2024-07-16 01:09:04.948
ETH,BUY,0.1830,550011.000,2024-07-16 01:10:16.058
ETH,BUY,0.0200,550011.000,2024-07-16 01:10:16.166
ETH,BUY,0.2000,550043.000,2024-07-16 01:10:25.727
ETH,SELL,0.3000,549875.000,2024-07-16 01:11:13.915
ETH,BUY,0.0100,550139.000,2024-07-16 01:12:31.704
ETH,BUY,0.1674,550217.000,2024-07-16 01:12:31.704
ETH,BUY,0.0184,551000.000,2024-07-16 01:15:43.047
ETH,BUY,0.0100,551000.000,2024-07-16 01:16:24.001
ETH,BUY,0.2000,551000.000,2024-07-16 01:16:48.784
ETH,BUY,0.3616,551000.000,2024-07-16 01:16:49.267
ETH,BUY,0.1000,551023.000,2024-07-16 01:16:49.481
ETH,BUY,0.2000,551146.000,2024-07-16 01:17:06.661
ETH,BUY,0.0250,551252.000,2024-07-16 01:17:23.777
ETH,BUY,0.1750,551696.000,2024-07-16 01:17:23.777
ETH,BUY,0.1000,551857.000,2024-07-16 01:17:55.126
ETH,BUY,0.2000,551957.000,2024-07-16 01:18:30.681
ETH,BUY,0.0231,551950.000,2024-07-16 01:18:32.693
ETH,BUY,0.0100,552000.000,2024-07-16 01:18:33.257
ETH,BUY,0.0900,552003.000,2024-07-16 01:18:33.257
ETH,BUY,0.1769,552044.000,2024-07-16 01:18:37.641
ETH,BUY,0.1000,552131.000,2024-07-16 01:18:39.096
ETH,BUY,0.2000,552021.000,2024-07-16 01:18:51.667
ETH,BUY,0.0250,552252.000,2024-07-16 01:18:55.696
ETH,BUY,0.0078,552300.000,2024-07-16 01:18:55.696
ETH,BUY,0.2000,551960.000,2024-07-16 01:20:31.768
ETH,BUY,0.1000,552182.000,2024-07-16 01:20:33.351
ETH,SELL,0.1100,551977.000,2024-07-16 01:22:15.531
ETH,BUY,0.0200,551986.000,2024-07-16 01:23:42.753
ETH,BUY,0.0100,552015.000,2024-07-16 01:23:57.753
ETH,BUY,0.0300,552044.000,2024-07-16 01:24:45.819
ETH,BUY,0.0484,552091.000,2024-07-16 01:25:27.453
ETH,BUY,0.9516,552189.000,2024-07-16 01:25:27.453
ETH,SELL,0.2000,551973.000,2024-07-16 01:25:54.186
ETH,BUY,0.0109,552015.000,2024-07-16 01:27:36.930
ETH,SELL,0.0100,551980.000,2024-07-16 01:27:55.187
ETH,SELL,0.1900,551977.000,2024-07-16 01:27:55.187
ETH,SELL,0.1000,551682.000,2024-07-16 01:28:00.448
ETH,BUY,0.2000,551696.000,2024-07-16 01:28:02.623
ETH,SELL,0.1000,551435.000,2024-07-16 01:28:03.403
ETH,BUY,0.0100,551464.000,2024-07-16 01:28:31.707
ETH,SELL,0.9000,551155.000,2024-07-16 01:29:12.787
ETH,SELL,0.3104,551173.000,2024-07-16 01:30:35.347
ETH,SELL,0.0100,550562.000,2024-07-16 01:31:21.288
ETH,BUY,0.0214,550913.000,2024-07-16 01:32:08.922
ETH,BUY,0.0266,550941.000,2024-07-16 01:33:26.472
ETH,BUY,0.0305,550941.000,2024-07-16 01:33:31.947
ETH,BUY,0.0179,550971.000,2024-07-16 01:33:40.451
ETH,BUY,0.0263,551058.000,2024-07-16 01:33:54.939
ETH,BUY,0.0293,551261.000,2024-07-16 01:34:51.422
ETH,BUY,0.0428,551319.000,2024-07-16 01:34:58.425
ETH,BUY,0.0375,551435.000,2024-07-16 01:35:14.431
ETH,BUY,0.0655,551435.000,2024-07-16 01:35:30.450
ETH,BUY,0.1500,551423.000,2024-07-16 01:36:00.258
ETH,BUY,0.2000,551423.000,2024-07-16 01:36:01.677
ETH,BUY,0.2000,551423.000,2024-07-16 01:36:02.366
ETH,BUY,1.0000,551783.000,2024-07-16 01:36:15.392
ETH,BUY,1.0000,552073.000,2024-07-16 01:36:19.050
ETH,BUY,1.0000,552247.000,2024-07-16 01:36:28.812
ETH,BUY,0.0292,552300.000,2024-07-16 01:36:37.572
ETH,BUY,0.9708,552421.000,2024-07-16 01:36:37.572
ETH,BUY,1.0000,552267.000,2024-07-16 01:36:46.678
ETH,BUY,0.0100,552457.000,2024-07-16 01:36:51.165
ETH,BUY,0.0300,552457.000,2024-07-16 01:36:51.608
ETH,BUY,0.0320,552457.000,2024-07-16 01:36:51.625
ETH,BUY,0.9280,552457.000,2024-07-16 01:36:51.649
ETH,BUY,0.0500,553000.000,2024-07-16 01:36:51.853
ETH,BUY,0.0370,553200.000,2024-07-16 01:36:52.528
ETH,BUY,0.0630,553244.000,2024-07-16 01:36:52.528
ETH,BUY,1.0000,552746.000,2024-07-16 01:36:56.675
ETH,BUY,2.0000,553233.000,2024-07-16 01:37:33.184
ETH,BUY,0.0200,553348.000,2024-07-16 01:37:36.473
ETH,BUY,0.8229,553134.000,2024-07-16 01:37:45.139
ETH,BUY,0.8651,553135.000,2024-07-16 01:37:45.139
ETH,BUY,0.3120,553347.000,2024-07-16 01:37:45.139
ETH,BUY,0.0100,553149.000,2024-07-16 01:37:56.468
ETH,BUY,1.0000,553147.000,2024-07-16 01:37:58.656
ETH,SELL,0.0500,552800.000,2024-07-16 01:38:12.565
ETH,BUY,1.0000,552827.000,2024-07-16 01:38:15.732
ETH,SELL,0.0100,552800.000,2024-07-16 01:38:18.526
ETH,SELL,0.0300,552800.000,2024-07-16 01:38:18.722
ETH,SELL,0.0144,552800.000,2024-07-16 01:38:20.939
ETH,BUY,0.0400,552825.000,2024-07-16 01:38:21.208
ETH,BUY,0.0100,552827.000,2024-07-16 01:38:21.208
ETH,BUY,0.2000,552855.000,2024-07-16 01:38:26.319
ETH,BUY,1.8000,552856.000,2024-07-16 01:38:26.319
ETH,SELL,0.0280,552800.000,2024-07-16 01:38:33.502
ETH,BUY,1.4700,552827.000,2024-07-16 01:38:40.928
ETH,BUY,0.5260,552856.000,2024-07-16 01:38:40.928
ETH,BUY,0.1100,552885.000,2024-07-16 01:39:21.043
ETH,SELL,0.0265,552800.000,2024-07-16 01:39:35.925
ETH,SELL,0.0261,552800.000,2024-07-16 01:39:37.791
ETH,SELL,0.1000,552184.000,2024-07-16 01:39:41.085
ETH,SELL,0.0355,552102.000,2024-07-16 01:39:46.431
ETH,BUY,0.0100,552131.000,2024-07-16 01:40:01.899
ETH,BUY,2.0000,552160.000,2024-07-16 01:40:12.734
ETH,BUY,1.0000,552189.000,2024-07-16 01:40:14.809
ETH,BUY,1.1980,552276.000,2024-07-16 01:40:26.479
ETH,BUY,0.0297,552334.000,2024-07-16 01:40:59.449
ETH,BUY,0.7600,552363.000,2024-07-16 01:41:11.418
ETH,BUY,0.8400,552392.000,2024-07-16 01:41:11.418
ETH,BUY,0.0354,552360.000,2024-07-16 01:41:30.551
ETH,BUY,0.2246,552416.000,2024-07-16 01:41:30.551
ETH,BUY,0.0200,552450.000,2024-07-16 01:41:50.098
ETH,BUY,0.0100,552508.000,2024-07-16 01:42:00.099
ETH,BUY,0.0271,552500.000,2024-07-16 01:42:15.454
ETH,SELL,0.1000,552365.000,2024-07-16 01:42:15.877
ETH,SELL,0.3290,552365.000,2024-07-16 01:42:15.877
ETH,SELL,1.3000,552320.000,2024-07-16 01:42:31.764
ETH,SELL,0.7000,552320.000,2024-07-16 01:42:31.764
ETH,BUY,0.0519,552500.000,2024-07-16 01:42:43.421
ETH,BUY,0.0410,552500.000,2024-07-16 01:42:56.423
ETH,BUY,0.0231,552500.000,2024-07-16 01:43:22.986
ETH,BUY,0.0255,552500.000,2024-07-16 01:43:35.935
ETH,BUY,0.0226,552500.000,2024-07-16 01:43:50.452
ETH,BUY,0.0191,552500.000,2024-07-16 01:44:03.437
ETH,BUY,0.0800,552500.000,2024-07-16 01:44:05.710
ETH,BUY,0.0283,552431.000,2024-07-16 01:44:43.426
ETH,BUY,0.0145,552421.000,2024-07-16 01:45:18.956
ETH,BUY,0.0100,552450.000,2024-07-16 01:46:10.394
ETH,SELL,0.0576,552400.000,2024-07-16 01:46:50.266
ETH,SELL,0.0100,552400.000,2024-07-16 01:46:50.773
ETH,SELL,0.0100,552400.000,2024-07-16 01:46:50.951
ETH,SELL,0.0382,552400.000,2024-07-16 01:46:51.620
ETH,SELL,0.0418,552390.000,2024-07-16 01:46:51.620
ETH,SELL,0.0192,552390.000,2024-07-16 01:46:51.686
ETH,SELL,0.1000,552390.000,2024-07-16 01:46:51.780
ETH,SELL,0.0993,552113.000,2024-07-16 01:47:00.023
ETH,SELL,0.0500,552119.000,2024-07-16 01:47:09.768
ETH,BUY,0.0300,552160.000,2024-07-16 01:47:11.206
ETH,SELL,0.1700,552000.000,2024-07-16 01:48:01.005
ETH,SELL,0.1476,551983.000,2024-07-16 01:48:01.005
ETH,BUY,0.0360,551986.000,2024-07-16 01:49:36.660
ETH,SELL,0.0995,551983.000,2024-07-16 01:49:46.608
ETH,SELL,0.0235,551983.000,2024-07-16 01:49:46.841
ETH,SELL,0.0570,551983.000,2024-07-16 01:49:46.925
ETH,SELL,0.0235,551800.000,2024-07-16 01:49:46.925
ETH,SELL,0.0500,551716.000,2024-07-16 01:49:47.999
ETH,SELL,0.2489,551245.000,2024-07-16 01:49:49.234
ETH,SELL,0.0390,551250.000,2024-07-16 01:49:49.325
ETH,SELL,0.0570,551245.000,2024-07-16 01:49:49.325
ETH,SELL,0.1000,551246.000,2024-07-16 01:49:49.650
ETH,SELL,0.1000,551246.000,2024-07-16 01:49:49.921
ETH,BUY,0.1500,551348.000,2024-07-16 01:49:55.158
ETH,SELL,0.0995,551434.000,2024-07-16 01:50:24.600
ETH,SELL,0.0440,551763.000,2024-07-16 01:51:22.955
ETH,BUY,0.0321,552189.000,2024-07-16 01:53:43.489
ETH,BUY,0.0147,552334.000,2024-07-16 01:54:03.931
ETH,BUY,0.2303,552341.000,2024-07-16 01:54:16.219
ETH,BUY,1.7697,552363.000,2024-07-16 01:54:16.219
ETH,BUY,2.0000,552392.000,2024-07-16 01:54:21.205
ETH,BUY,2.0000,552421.000,2024-07-16 01:54:26.126
ETH,BUY,2.0000,552450.000,2024-07-16 01:54:30.976
ETH,BUY,0.0101,552479.000,2024-07-16 01:54:46.942
ETH,BUY,0.1800,552500.000,2024-07-16 01:54:50.003
ETH,BUY,0.5297,552500.000,2024-07-16 01:54:53.189
ETH,BUY,0.0200,552537.000,2024-07-16 01:54:53.189
ETH,BUY,1.4503,552566.000,2024-07-16 01:54:53.189
ETH,SELL,1.0000,552481.000,2024-07-16 01:54:53.844
ETH,SELL,0.6500,552407.000,2024-07-16 01:54:53.844
ETH,SELL,0.2500,552367.000,2024-07-16 01:54:53.844
ETH,BUY,0.0483,552421.000,2024-07-16 01:54:56.933
ETH,SELL,0.1338,552404.000,2024-07-16 01:55:04.272
ETH,SELL,0.1000,552268.000,2024-07-16 01:55:15.960
ETH,BUY,0.0400,552276.000,2024-07-16 01:55:48.375
ETH,BUY,0.0139,552304.000,2024-07-16 01:56:36.459
ETH,BUY,0.0100,552334.000,2024-07-16 01:58:59.940
ETH,BUY,0.0100,552363.000,2024-07-16 01:59:11.487
ETH,SELL,0.0100,552304.000,2024-07-16 02:01:33.961
ETH,SELL,0.0700,551952.000,2024-07-16 02:01:33.961
ETH,SELL,0.2229,551952.000,2024-07-16 02:01:34.022
ETH,SELL,0.0760,551765.000,2024-07-16 02:01:34.022
ETH,SELL,0.0493,551765.000,2024-07-16 02:01:34.140
ETH,SELL,0.0800,551765.000,2024-07-16 02:01:34.266
ETH,SELL,0.0100,552169.000,2024-07-16 02:01:34.410
ETH,SELL,0.1000,551766.000,2024-07-16 02:01:34.410
ETH,SELL,0.1890,551765.000,2024-07-16 02:01:34.410
ETH,BUY,0.0366,551986.000,2024-07-16 02:01:36.427
ETH,BUY,0.0362,552073.000,2024-07-16 02:01:41.931
ETH,SELL,0.0995,551966.000,2024-07-16 02:01:51.422
ETH,BUY,0.0500,552044.000,2024-07-16 02:04:13.137
ETH,BUY,0.0525,552045.000,2024-07-16 02:05:30.700
ETH,BUY,0.0338,552073.000,2024-07-16 02:06:12.925
ETH,BUY,0.0172,552102.000,2024-07-16 02:06:18.438
ETH,SELL,0.2000,552210.000,2024-07-16 02:07:37.993
ETH,BUY,0.0900,552276.000,2024-07-16 02:08:11.120
ETH,BUY,0.1800,552334.000,2024-07-16 02:08:24.353
ETH,BUY,0.2500,552382.000,2024-07-16 02:09:33.133
ETH,BUY,0.0100,552379.000,2024-07-16 02:09:33.553
ETH,BUY,0.0498,552069.000,2024-07-16 02:11:22.246
ETH,SELL,0.0100,552068.000,2024-07-16 02:11:29.087
ETH,SELL,0.1000,552068.000,2024-07-16 02:11:31.764
ETH,SELL,0.1000,552068.000,2024-07-16 02:11:32.039
ETH,SELL,0.0994,552039.000,2024-07-16 02:12:11.778
ETH,SELL,0.9006,552039.000,2024-07-16 02:12:16.240
ETH,SELL,0.0100,552000.000,2024-07-16 02:12:45.121
ETH,BUY,0.2000,552014.000,2024-07-16 02:13:45.018
ETH,SELL,0.2900,552000.000,2024-07-16 02:13:53.015
ETH,SELL,0.0100,552000.000,2024-07-16 02:13:53.015
ETH,SELL,0.0995,552001.000,2024-07-16 02:13:54.477
ETH,SELL,0.1000,552001.000,2024-07-16 02:13:54.612
ETH,BUY,0.0298,551860.000,2024-07-16 02:14:10.491
ETH,SELL,0.1820,551855.000,2024-07-16 02:14:19.188
ETH,SELL,0.1000,551763.000,2024-07-16 02:14:21.917
ETH,SELL,0.3140,551400.000,2024-07-16 02:14:58.098
ETH,SELL,0.3012,551400.000,2024-07-16 02:14:58.322
ETH,SELL,0.2991,551400.000,2024-07-16 02:15:21.515
ETH,SELL,0.0370,551400.000,2024-07-16 02:15:37.391
ETH,SELL,0.0104,551400.000,2024-07-16 02:15:49.901
ETH,SELL,0.0382,551400.000,2024-07-16 02:15:52.064
ETH,SELL,0.0001,551400.000,2024-07-16 02:15:56.377
ETH,SELL,0.0516,550728.000,2024-07-16 02:15:57.933
ETH,SELL,0.0100,550728.000,2024-07-16 02:15:57.980
ETH,BUY,0.0151,550720.000,2024-07-16 02:16:09.452
ETH,SELL,0.2000,550711.000,2024-07-16 02:16:11.730
ETH,BUY,0.0351,550734.000,2024-07-16 02:16:14.949
ETH,SELL,1.4000,550581.000,2024-07-16 02:16:21.262
ETH,SELL,0.1916,550534.000,2024-07-16 02:16:21.262
ETH,SELL,0.4084,550495.000,2024-07-16 02:16:21.262
ETH,BUY,0.2000,550560.000,2024-07-16 02:16:25.019
ETH,BUY,0.8000,550565.000,2024-07-16 02:16:25.019
ETH,SELL,0.5000,550503.000,2024-07-16 02:16:26.720
ETH,BUY,0.0100,550594.000,2024-07-16 02:16:39.933
ETH,BUY,0.0270,550623.000,2024-07-16 02:16:49.044
ETH,SELL,0.0800,550528.000,2024-07-16 02:17:18.429
ETH,SELL,0.0200,550522.000,2024-07-16 02:17:18.429
ETH,BUY,0.0100,550473.000,2024-07-16 02:17:49.081
ETH,BUY,0.0345,550455.000,2024-07-16 02:17:50.940
ETH,BUY,0.0274,550507.000,2024-07-16 02:18:05.428
ETH,BUY,0.0100,550565.000,2024-07-16 02:18:13.974
ETH,BUY,0.0180,550594.000,2024-07-16 02:18:33.267
ETH,BUY,0.0100,550509.000,2024-07-16 02:18:55.454
ETH,BUY,0.6852,550445.000,2024-07-16 02:18:57.753
ETH,BUY,1.6070,550445.000,2024-07-16 02:18:57.753
ETH,BUY,2.1900,550481.000,2024-07-16 02:18:57.753
ETH,BUY,0.5010,550506.000,2024-07-16 02:18:57.753
ETH,BUY,0.5318,550536.000,2024-07-16 02:18:57.753
ETH,SELL,0.2991,550522.000,2024-07-16 02:19:00.969
ETH,SELL,0.2931,550522.000,2024-07-16 02:19:09.858
ETH,BUY,2.0000,550536.000,2024-07-16 02:19:10.626
ETH,SELL,0.3120,550522.000,2024-07-16 02:19:11.422
ETH,SELL,0.0205,550522.000,2024-07-16 02:19:14.406
ETH,SELL,0.0500,550522.000,2024-07-16 02:19:14.489
ETH,BUY,0.0100,550535.000,2024-07-16 02:19:15.931
ETH,SELL,0.0101,550522.000,2024-07-16 02:19:20.525
ETH,SELL,0.1400,550522.000,2024-07-16 02:19:22.356
ETH,SELL,0.3120,550522.000,2024-07-16 02:19:27.559
ETH,BUY,0.0840,550536.000,2024-07-16 02:19:45.426
ETH,BUY,0.0401,550565.000,2024-07-16 02:19:50.943
ETH,SELL,0.0162,550522.000,2024-07-16 02:19:54.675
ETH,SELL,0.1838,550386.000,2024-07-16 02:19:54.675
ETH,BUY,0.0100,550652.000,2024-07-16 02:21:12.963
ETH,BUY,0.0700,550652.000,2024-07-16 02:21:56.591
ETH,BUY,0.1000,550680.000,2024-07-16 02:21:58.491
ETH,BUY,0.0177,550680.000,2024-07-16 02:21:58.931
ETH,BUY,0.0661,550709.000,2024-07-16 02:22:00.625
ETH,BUY,0.9339,550710.000,2024-07-16 02:22:00.625
ETH,BUY,0.0900,550709.000,2024-07-16 02:22:58.546
ETH,BUY,0.4200,550710.000,2024-07-16 02:22:58.546
ETH,SELL,0.9910,550251.000,2024-07-16 02:24:21.063
ETH,SELL,0.0500,550250.000,2024-07-16 02:24:21.063
ETH,SELL,0.2000,550005.000,2024-07-16 02:24:21.063
ETH,SELL,0.9000,550000.000,2024-07-16 02:24:21.063
ETH,SELL,0.0370,550000.000,2024-07-16 02:24:21.063
ETH,SELL,0.8220,550000.000,2024-07-16 02:24:21.063
ETH,BUY,0.0100,550275.000,2024-07-16 02:24:38.464
ETH,SELL,0.0200,550127.000,2024-07-16 02:24:54.803
ETH,BUY,0.1000,550360.000,2024-07-16 02:25:18.167
ETH,SELL,0.1000,550204.000,2024-07-16 02:25:23.832
ETH,SELL,0.8200,550203.000,2024-07-16 02:25:23.832
ETH,BUY,0.0300,550217.000,2024-07-16 02:26:26.153
ETH,BUY,0.1000,550304.000,2024-07-16 02:26:26.586
ETH,BUY,0.0655,550330.000,2024-07-16 02:27:28.298
ETH,BUY,0.0345,550333.000,2024-07-16 02:27:28.298
ETH,BUY,0.0700,550361.000,2024-07-16 02:27:46.684
ETH,BUY,0.2000,550361.000,2024-07-16 02:27:48.056
ETH,BUY,2.0000,550391.000,2024-07-16 02:27:59.731
ETH,SELL,0.0500,550084.000,2024-07-16 02:28:14.135
ETH,SELL,0.5827,550000.000,2024-07-16 02:28:14.201
ETH,SELL,0.0534,550000.000,2024-07-16 02:28:19.436
ETH,BUY,0.1000,550004.000,2024-07-16 02:28:25.676
ETH,SELL,0.0109,550000.000,2024-07-16 02:28:28.200
ETH,SELL,0.4382,549700.000,2024-07-16 02:28:28.200
ETH,BUY,0.0100,549782.000,2024-07-16 02:28:30.831
ETH,BUY,0.2000,549765.000,2024-07-16 02:28:48.656
ETH,BUY,0.1000,549769.000,2024-07-16 02:28:48.656
ETH,BUY,0.0700,549811.000,2024-07-16 02:29:13.326
ETH,BUY,0.1000,549840.000,2024-07-16 02:29:14.935
ETH,BUY,0.2000,549869.000,2024-07-16 02:29:32.729
ETH,BUY,0.0500,549897.000,2024-07-16 02:30:08.551
ETH,SELL,0.0500,549700.000,2024-07-16 02:30:24.894
ETH,SELL,0.0200,549700.000,2024-07-16 02:32:38.378
ETH,SELL,0.6040,549700.000,2024-07-16 02:32:44.537
ETH,BUY,0.5090,549724.000,2024-07-16 02:32:48.869
ETH,BUY,4.0000,549811.000,2024-07-16 02:33:04.376
ETH,BUY,0.0104,549840.000,2024-07-16 02:34:04.506
ETH,BUY,0.0104,549842.000,2024-07-16 02:34:11.353
ETH,SELL,0.0100,549700.000,2024-07-16 02:34:27.992
ETH,SELL,0.2913,549700.000,2024-07-16 02:34:30.644
ETH,BUY,0.2000,549920.000,2024-07-16 02:35:37.161
ETH,BUY,1.8000,549927.000,2024-07-16 02:35:37.161
ETH,SELL,0.0100,549710.000,2024-07-16 02:36:43.682
ETH,BUY,0.0366,549840.000,2024-07-16 02:37:12.937
ETH,BUY,0.4000,549898.000,2024-07-16 02:37:41.595
ETH,BUY,0.0264,549956.000,2024-07-16 02:37:49.927
ETH,BUY,0.0395,550100.000,2024-07-16 02:38:16.432
ETH,BUY,0.0285,550129.000,2024-07-16 02:38:27.922
ETH,BUY,0.0300,550506.000,2024-07-16 02:44:06.107
ETH,BUY,0.7800,550510.000,2024-07-16 02:46:19.866
ETH,BUY,0.4125,550533.000,2024-07-16 02:46:19.866
ETH,BUY,0.1000,550534.000,2024-07-16 02:46:19.866
ETH,BUY,0.7075,550536.000,2024-07-16 02:46:19.866
ETH,BUY,0.0356,550348.000,2024-07-16 02:46:58.930
ETH,BUY,0.0100,550401.000,2024-07-16 02:47:13.422
ETH,BUY,0.2000,550126.000,2024-07-16 02:47:15.965
ETH,BUY,0.0149,550391.000,2024-07-16 02:47:23.446
ETH,BUY,5.0000,550449.000,2024-07-16 02:47:51.717
ETH,BUY,1.0000,550478.000,2024-07-16 02:47:51.717
ETH,BUY,1.2640,550507.000,2024-07-16 02:48:59.098
ETH,BUY,2.0000,550536.000,2024-07-16 02:50:26.369
ETH,BUY,0.1000,550549.000,2024-07-16 02:50:38.605
ETH,BUY,0.9000,550550.000,2024-07-16 02:50:38.605
ETH,BUY,1.6000,550550.000,2024-07-16 02:50:47.196
ETH,BUY,0.2313,550558.000,2024-07-16 02:50:47.196
ETH,BUY,0.1687,550565.000,2024-07-16 02:50:47.196
ETH,BUY,0.0700,550565.000,2024-07-16 02:51:40.575
ETH,SELL,0.3000,550000.000,2024-07-16 02:52:24.086
ETH,SELL,0.0500,550000.000,2024-07-16 02:52:24.214
ETH,SELL,0.0200,549956.000,2024-07-16 02:52:24.512
ETH,SELL,0.0079,549705.000,2024-07-16 02:52:24.512
ETH,SELL,0.1500,549705.000,2024-07-16 02:52:24.616
ETH,SELL,0.0421,549705.000,2024-07-16 02:52:25.229
ETH,SELL,0.2579,549700.000,2024-07-16 02:52:25.229
ETH,SELL,0.0500,549700.000,2024-07-16 02:52:25.275
ETH,SELL,0.0700,549700.000,2024-07-16 02:52:39.316
ETH,SELL,0.0236,549700.000,2024-07-16 02:52:42.651
ETH,SELL,0.0064,549500.000,2024-07-16 02:52:42.651
ETH,BUY,2.0000,549521.000,2024-07-16 02:54:06.707
ETH,BUY,2.0000,549550.000,2024-07-16 02:54:18.417
ETH,BUY,0.7700,549637.000,2024-07-16 02:54:29.748
ETH,BUY,1.2300,549666.000,2024-07-16 02:54:29.748
ETH,BUY,1.0000,549695.000,2024-07-16 02:54:40.648
ETH,BUY,0.0300,549724.000,2024-07-16 02:55:08.943
ETH,BUY,1.0000,549696.000,2024-07-16 02:55:13.822
ETH,BUY,0.0564,550005.000,2024-07-16 02:55:55.093
ETH,BUY,1.9436,550043.000,2024-07-16 02:55:55.093
ETH,BUY,0.1000,550101.000,2024-07-16 02:56:07.885
ETH,BUY,2.0000,550159.000,2024-07-16 02:56:12.644
ETH,BUY,1.5920,550188.000,2024-07-16 02:56:27.769
ETH,BUY,0.5000,550043.000,2024-07-16 02:57:00.414
ETH,BUY,0.0600,550508.000,2024-07-16 02:57:16.367
ETH,BUY,0.0180,550739.000,2024-07-16 02:57:31.722
ETH,BUY,0.9496,550587.000,2024-07-16 02:58:05.445
ETH,BUY,4.0000,550739.000,2024-07-16 02:58:05.445
ETH,BUY,2.0874,550768.000,2024-07-16 02:58:05.445
ETH,BUY,0.3200,550792.000,2024-07-16 02:59:12.653
ETH,BUY,0.0100,550119.000,2024-07-16 02:59:13.086
ETH,BUY,0.5000,550119.000,2024-07-16 02:59:13.357
ETH,BUY,0.0100,550119.000,2024-07-16 02:59:13.405
ETH,BUY,0.0400,550119.000,2024-07-16 02:59:13.466
ETH,BUY,0.0300,550119.000,2024-07-16 02:59:13.570
ETH,BUY,0.0700,550441.000,2024-07-16 02:59:49.384
ETH,BUY,0.1000,550826.000,2024-07-16 02:59:51.036
ETH,SELL,0.1000,550493.000,2024-07-16 02:59:59.063
ETH,BUY,0.0182,550681.000,2024-07-16 03:00:08.187
ETH,BUY,0.3200,550563.000,2024-07-16 03:00:16.284
ETH,BUY,0.0700,550563.000,2024-07-16 03:00:16.292
ETH,BUY,0.0100,550563.000,2024-07-16 03:00:16.326
ETH,BUY,0.0300,550563.000,2024-07-16 03:00:17.128
ETH,BUY,0.0100,550563.000,2024-07-16 03:00:17.430
ETH,BUY,0.1000,550563.000,2024-07-16 03:00:18.119
ETH,SELL,0.1986,550485.000,2024-07-16 03:00:48.194
ETH,SELL,0.0500,550042.000,2024-07-16 03:05:41.007
ETH,SELL,0.0500,550042.000,2024-07-16 03:05:41.222
ETH,SELL,0.0500,550042.000,2024-07-16 03:05:41.306
ETH,BUY,0.2400,550101.000,2024-07-16 03:06:40.946
ETH,BUY,0.2000,550188.000,2024-07-16 03:06:44.343
ETH,BUY,0.3000,550246.000,2024-07-16 03:07:16.759
ETH,SELL,0.0200,550103.000,2024-07-16 03:07:23.861
ETH,BUY,1.7250,550159.000,2024-07-16 03:07:27.528
ETH,SELL,0.3314,550306.000,2024-07-16 03:07:58.390
ETH,SELL,0.0756,550367.000,2024-07-16 03:08:16.604
ETH,BUY,0.1900,550768.000,2024-07-16 03:09:06.502
ETH,BUY,0.0100,550754.000,2024-07-16 03:09:59.067
ETH,SELL,0.0184,550233.000,2024-07-16 03:10:30.933
ETH,SELL,0.0100,550299.000,2024-07-16 03:11:05.782
ETH,BUY,0.2000,550391.000,2024-07-16 03:11:14.970
ETH,SELL,0.0605,550309.000,2024-07-16 03:11:18.257
ETH,BUY,0.0200,550497.000,2024-07-16 03:12:16.846
ETH,BUY,0.0556,550506.000,2024-07-16 03:12:17.597
ETH,SELL,0.1500,550535.000,2024-07-16 03:13:13.080
ETH,SELL,0.1500,550507.000,2024-07-16 03:13:13.080
ETH,BUY,0.1000,550565.000,2024-07-16 03:13:15.592
ETH,SELL,0.3951,550508.000,2024-07-16 03:14:04.250
ETH,SELL,0.0150,550507.000,2024-07-16 03:15:15.429
ETH,BUY,0.0100,550797.000,2024-07-16 03:17:56.491
ETH,BUY,0.0181,550761.000,2024-07-16 03:18:23.772
ETH,SELL,0.0106,550507.000,2024-07-16 03:19:15.472
ETH,BUY,5.0000,550652.000,2024-07-16 03:19:26.499
ETH,BUY,1.2250,550681.000,2024-07-16 03:19:26.499
ETH,BUY,0.1000,550768.000,2024-07-16 03:19:32.402
ETH,BUY,0.0180,550796.000,2024-07-16 03:21:30.676
ETH,BUY,0.0234,550796.000,2024-07-16 03:21:37.450
ETH,SELL,0.0100,550767.000,2024-07-16 03:23:18.017
ETH,SELL,0.0409,550663.000,2024-07-16 03:23:18.017
ETH,BUY,1.0000,550797.000,2024-07-16 03:24:31.743
ETH,BUY,4.0000,550855.000,2024-07-16 03:24:31.743
ETH,BUY,1.0000,550913.000,2024-07-16 03:24:31.743
ETH,BUY,0.0200,550774.000,2024-07-16 03:26:48.924
ETH,BUY,0.3000,550796.000,2024-07-16 03:27:23.917
ETH,BUY,0.3630,550764.000,2024-07-16 03:29:18.841
ETH,SELL,0.0994,550685.000,2024-07-16 03:29:33.828
ETH,BUY,0.0288,550694.000,2024-07-16 03:30:02.181
ETH,BUY,0.0437,550700.000,2024-07-16 03:30:02.181
ETH,BUY,0.0065,550710.000,2024-07-16 03:30:02.181
ETH,SELL,0.0100,550685.000,2024-07-16 03:30:21.838
ETH,SELL,0.0496,550685.000,2024-07-16 03:30:26.934
ETH,SELL,0.1000,550685.000,2024-07-16 03:30:34.136
ETH,SELL,0.0132,550685.000,2024-07-16 03:30:54.480
ETH,SELL,0.1000,550685.000,2024-07-16 03:30:55.280
ETH,SELL,0.5452,550685.000,2024-07-16 03:30:57.724
ETH,SELL,0.1090,550685.000,2024-07-16 03:31:07.428
ETH,SELL,0.0100,550685.000,2024-07-16 03:31:14.477
ETH,SELL,0.3200,550685.000,2024-07-16 03:31:14.485
ETH,SELL,0.1100,550685.000,2024-07-16 03:31:14.486
ETH,SELL,0.0100,550685.000,2024-07-16 03:31:14.762
ETH,SELL,0.1000,550685.000,2024-07-16 03:31:15.587
ETH,SELL,0.0576,550685.000,2024-07-16 03:31:26.026
ETH,SELL,0.0100,550507.000,2024-07-16 03:31:28.140
ETH,SELL,0.0100,550507.000,2024-07-16 03:31:28.486
ETH,SELL,0.0238,550507.000,2024-07-16 03:31:28.603
ETH,SELL,0.0062,550000.000,2024-07-16 03:31:28.603
ETH,BUY,0.0253,550159.000,2024-07-16 03:31:30.927
ETH,BUY,0.0253,550187.000,2024-07-16 03:32:39.455
ETH,SELL,0.1000,550172.000,2024-07-16 03:32:54.881
ETH,SELL,0.2860,550159.000,2024-07-16 03:32:54.881
ETH,BUY,0.2514,550160.000,2024-07-16 03:34:51.570
ETH,BUY,0.2486,550188.000,2024-07-16 03:34:51.570
ETH,BUY,0.0100,550187.000,2024-07-16 03:35:04.048
ETH,BUY,0.0414,550200.000,2024-07-16 03:35:20.808
ETH,BUY,0.0184,550205.000,2024-07-16 03:35:20.808
ETH,BUY,0.4402,550217.000,2024-07-16 03:35:20.808
ETH,BUY,0.1680,550217.000,2024-07-16 03:35:31.716
ETH,SELL,0.0100,550101.000,2024-07-16 03:37:31.325
ETH,BUY,0.0393,550390.000,2024-07-16 03:37:53.946
ETH,SELL,0.0100,550217.000,2024-07-16 03:39:59.688
ETH,BUY,0.0100,550246.000,2024-07-16 03:40:04.801
ETH,BUY,0.0600,550275.000,2024-07-16 03:40:09.654
ETH,BUY,0.0159,550304.000,2024-07-16 03:40:44.437
ETH,BUY,0.1308,550312.000,2024-07-16 03:41:27.200
ETH,BUY,0.1607,550330.000,2024-07-16 03:41:27.200
ETH,BUY,0.2485,550333.000,2024-07-16 03:41:27.200
ETH,BUY,0.0100,550332.000,2024-07-16 03:41:28.477
ETH,BUY,0.1900,550362.000,2024-07-16 03:41:28.477
ETH,SELL,0.0717,550000.000,2024-07-16 03:41:46.492
ETH,SELL,0.0100,550000.000,2024-07-16 03:41:46.492
ETH,SELL,0.0183,549846.000,2024-07-16 03:41:46.492
ETH,SELL,0.9814,549846.000,2024-07-16 03:41:46.549
ETH,SELL,0.1000,549501.000,2024-07-16 03:41:46.549
ETH,SELL,0.1936,549500.000,2024-07-16 03:41:46.549
ETH,SELL,0.2311,549453.000,2024-07-16 03:41:46.549
ETH,SELL,1.0000,549413.000,2024-07-16 03:41:46.549
ETH,SELL,0.1000,549301.000,2024-07-16 03:41:46.549
ETH,SELL,0.0370,549200.000,2024-07-16 03:41:46.549
ETH,SELL,0.5462,549199.000,2024-07-16 03:41:46.549
ETH,SELL,0.0014,549120.000,2024-07-16 03:41:46.549
ETH,SELL,0.5947,549119.000,2024-07-16 03:41:46.549
ETH,SELL,0.0100,549100.000,2024-07-16 03:41:46.549
ETH,SELL,1.7865,549000.000,2024-07-16 03:41:46.549
ETH,SELL,4.0000,548970.000,2024-07-16 03:41:46.549
ETH,SELL,0.4181,548883.000,2024-07-16 03:41:46.549
ETH,BUY,0.0100,549390.000,2024-07-16 03:41:50.278
ETH,BUY,0.9900,549390.000,2024-07-16 03:41:50.496
ETH,BUY,0.3200,549839.000,2024-07-16 03:41:50.562
ETH,BUY,0.0100,549839.000,2024-07-16 03:41:50.630
ETH,BUY,0.0392,549808.000,2024-07-16 03:41:51.467
ETH,BUY,0.0453,549897.000,2024-07-16 03:42:06.610
ETH,BUY,0.0351,549896.000,2024-07-16 03:42:14.930
ETH,SELL,0.0100,549895.000,2024-07-16 03:42:48.870
ETH,BUY,0.0100,549896.000,2024-07-16 03:43:15.920
ETH,BUY,0.0100,549896.000,2024-07-16 03:44:19.930
ETH,BUY,0.0100,549896.000,2024-07-16 03:44:26.930
ETH,BUY,0.0285,549896.000,2024-07-16 03:44:59.442
ETH,BUY,0.0101,549896.000,2024-07-16 03:45:10.946
ETH,BUY,0.3621,549896.000,2024-07-16 03:45:11.978
ETH,BUY,0.0100,549896.000,2024-07-16 03:45:12.142
ETH,BUY,0.0700,549896.000,2024-07-16 03:45:12.249
ETH,BUY,0.0097,549896.000,2024-07-16 03:45:12.404
ETH,BUY,0.3395,550034.000,2024-07-16 03:45:12.404
ETH,BUY,0.0100,550034.000,2024-07-16 03:45:12.487
ETH,BUY,0.0300,550034.000,2024-07-16 03:45:13.137
ETH,BUY,0.0303,550158.000,2024-07-16 03:46:05.920
ETH,BUY,0.0158,550078.000,2024-07-16 03:47:18.932
ETH,SELL,0.0238,549845.000,2024-07-16 03:47:40.941
ETH,SELL,0.1762,550015.000,2024-07-16 03:48:40.296
ETH,SELL,1.0238,550015.000,2024-07-16 03:48:40.296
ETH,BUY,0.0310,550468.000,2024-07-16 03:49:49.044
ETH,BUY,1.0000,550525.000,2024-07-16 03:50:37.827
ETH,BUY,0.4500,550594.000,2024-07-16 03:50:37.827
ETH,BUY,0.0500,550594.000,2024-07-16 03:50:44.605
ETH,BUY,0.1000,550649.000,2024-07-16 03:50:44.605
ETH,BUY,0.0270,550649.000,2024-07-16 03:50:44.942
ETH,BUY,0.1400,550653.000,2024-07-16 03:50:51.082
ETH,BUY,0.5442,550653.000,2024-07-16 03:50:51.288
ETH,BUY,0.1566,550653.000,2024-07-16 03:50:51.345
ETH,BUY,0.5000,550653.000,2024-07-16 03:50:51.961
ETH,BUY,0.0100,550653.000,2024-07-16 03:51:00.213
ETH,BUY,0.2000,550653.000,2024-07-16 03:51:00.495
ETH,BUY,0.6416,550653.000,2024-07-16 03:51:09.452
ETH,BUY,0.0170,550653.000,2024-07-16 03:51:29.437
ETH,BUY,0.1000,550653.000,2024-07-16 03:51:30.809
ETH,BUY,0.0104,550653.000,2024-07-16 03:51:32.338
ETH,BUY,0.0302,550653.000,2024-07-16 03:51:34.390
ETH,BUY,0.0286,551000.000,2024-07-16 03:52:06.444
ETH,SELL,0.0100,550925.000,2024-07-16 03:52:08.963
ETH,BUY,0.0200,551000.000,2024-07-16 03:53:56.920
ETH,BUY,0.1014,551000.000,2024-07-16 03:54:32.896
ETH,BUY,0.0165,551147.000,2024-07-16 03:54:39.932
ETH,BUY,0.0180,551151.000,2024-07-16 03:54:42.198
ETH,BUY,0.0530,551168.000,2024-07-16 03:55:09.908
ETH,BUY,1.0000,551060.000,2024-07-16 03:55:16.482
ETH,BUY,0.1000,551207.000,2024-07-16 03:55:18.272
ETH,BUY,0.9752,551190.000,2024-07-16 03:56:03.413
ETH,BUY,0.0248,551192.000,2024-07-16 03:56:03.413
ETH,BUY,0.1000,551175.000,2024-07-16 03:56:18.627
ETH,BUY,0.1986,551175.000,2024-07-16 03:56:41.382
ETH,BUY,0.0401,550812.000,2024-07-16 03:58:25.933
ETH,BUY,0.3000,550812.000,2024-07-16 03:58:26.946
ETH,BUY,0.0707,550906.000,2024-07-16 03:58:34.364
ETH,SELL,0.1690,550865.000,2024-07-16 03:59:17.296
ETH,BUY,0.0400,550863.000,2024-07-16 04:00:07.432
ETH,BUY,0.0100,551065.000,2024-07-16 04:00:08.181
ETH,BUY,0.0334,550840.000,2024-07-16 04:00:12.956
ETH,BUY,0.0167,550782.000,2024-07-16 04:00:48.696
ETH,BUY,0.8100,550776.000,2024-07-16 04:01:01.088
ETH,BUY,0.5000,550826.000,2024-07-16 04:01:01.088
ETH,BUY,0.6900,550854.000,2024-07-16 04:01:01.088
ETH,BUY,0.0118,550880.000,2024-07-16 04:01:12.428
ETH,BUY,0.7221,550941.000,2024-07-16 04:01:17.855
ETH,BUY,1.2779,550942.000,2024-07-16 04:01:17.855
ETH,BUY,1.0000,550971.000,2024-07-16 04:01:30.470
ETH,BUY,0.8123,550937.000,2024-07-16 04:02:18.295
ETH,BUY,0.0100,550939.000,2024-07-16 04:02:18.295
ETH,BUY,1.1777,551000.000,2024-07-16 04:02:18.295
ETH,SELL,0.0826,550775.000,2024-07-16 04:02:19.448
ETH,BUY,0.0100,550797.000,2024-07-16 04:02:37.202
ETH,BUY,1.0900,550826.000,2024-07-16 04:02:37.202
ETH,BUY,0.8000,550855.000,2024-07-16 04:02:53.899
ETH,BUY,0.1500,550884.000,2024-07-16 04:03:13.192
ETH,BUY,0.0200,550913.000,2024-07-16 04:03:26.725
ETH,SELL,0.0190,550800.000,2024-07-16 04:04:32.201
ETH,SELL,0.4614,550775.000,2024-07-16 04:04:32.201
ETH,SELL,0.0150,550623.000,2024-07-16 04:04:32.201
ETH,BUY,0.0785,550543.000,2024-07-16 04:04:38.564
ETH,BUY,0.0314,550543.000,2024-07-16 04:04:39.977
ETH,BUY,0.0371,550575.000,2024-07-16 04:05:12.449
ETH,BUY,0.0375,550591.000,2024-07-16 04:05:20.926
ETH,SELL,0.0785,550592.000,2024-07-16 04:05:24.553
ETH,BUY,0.0360,551016.000,2024-07-16 04:05:26.426
ETH,BUY,0.1949,551016.000,2024-07-16 04:05:30.536
ETH,BUY,0.2900,551065.000,2024-07-16 04:05:38.885
ETH,BUY,0.0100,551198.000,2024-07-16 04:05:50.625
ETH,BUY,0.1000,551200.000,2024-07-16 04:06:38.560
ETH,BUY,0.0710,551095.000,2024-07-16 04:07:03.636
ETH,BUY,0.0200,551065.000,2024-07-16 04:07:09.284
ETH,BUY,0.0200,551110.000,2024-07-16 04:07:11.363
ETH,BUY,0.0200,551093.000,2024-07-16 04:07:13.324
ETH,BUY,0.1000,551092.000,2024-07-16 04:07:22.127
ETH,SELL,0.0400,551113.000,2024-07-16 04:07:23.101
ETH,SELL,0.0710,551104.000,2024-07-16 04:07:28.553
ETH,BUY,0.0700,551136.000,2024-07-16 04:07:44.752
ETH,BUY,0.1000,551200.000,2024-07-16 04:07:46.348
ETH,BUY,0.0710,551200.000,2024-07-16 04:07:55.048
ETH,BUY,0.0200,551190.000,2024-07-16 04:08:04.106
ETH,BUY,0.2000,551200.000,2024-07-16 04:08:19.589
ETH,BUY,0.2000,551200.000,2024-07-16 04:08:19.673
ETH,BUY,0.2790,551200.000,2024-07-16 04:08:19.886
ETH,BUY,0.3200,551500.000,2024-07-16 04:08:50.415
ETH,BUY,0.0100,551500.000,2024-07-16 04:08:51.777
ETH,BUY,0.0300,551500.000,2024-07-16 04:08:52.154
ETH,BUY,0.0100,551500.000,2024-07-16 04:08:52.765
ETH,BUY,0.0448,551500.000,2024-07-16 04:09:21.427
ETH,BUY,0.0834,551500.000,2024-07-16 04:09:26.984
ETH,BUY,0.3200,551500.000,2024-07-16 04:09:30.352
ETH,BUY,0.0700,551500.000,2024-07-16 04:09:30.478
ETH,BUY,0.0100,551500.000,2024-07-16 04:09:30.570
ETH,BUY,0.0300,551500.000,2024-07-16 04:09:30.663
ETH,BUY,0.0100,551500.000,2024-07-16 04:09:30.785
ETH,BUY,0.0618,551500.000,2024-07-16 04:09:31.923
ETH,BUY,0.0382,551500.000,2024-07-16 04:09:31.923
ETH,BUY,0.0618,551500.000,2024-07-16 04:09:32.343
ETH,BUY,0.0382,552000.000,2024-07-16 04:09:32.343
ETH,SELL,0.0178,551609.000,2024-07-16 04:09:33.920
ETH,BUY,1.0000,552000.000,2024-07-16 04:09:43.854
ETH,SELL,0.0200,551999.000,2024-07-16 04:10:11.271
ETH,SELL,0.0200,551700.000,2024-07-16 04:10:12.440
ETH,BUY,0.0346,551520.000,2024-07-16 04:10:29.939
ETH,BUY,0.0150,551585.000,2024-07-16 04:10:59.933
ETH,BUY,0.0850,551591.000,2024-07-16 04:10:59.933
ETH,BUY,0.0248,551588.000,2024-07-16 04:11:30.931
ETH,BUY,0.0310,551691.000,2024-07-16 04:12:46.934
ETH,BUY,0.0100,551778.000,2024-07-16 04:13:19.716
ETH,BUY,0.0305,551778.000,2024-07-16 04:13:20.943
ETH,BUY,0.0152,551736.000,2024-07-16 04:13:26.421
ETH,BUY,0.0313,551995.000,2024-07-16 04:13:33.460
ETH,BUY,0.0312,551995.000,2024-07-16 04:13:38.926
ETH,BUY,0.8599,552000.000,2024-07-16 04:13:42.772
ETH,SELL,0.0319,551764.000,2024-07-16 04:13:45.950
ETH,SELL,0.0943,551771.000,2024-07-16 04:13:51.452
ETH,BUY,0.0484,552000.000,2024-07-16 04:14:04.428
ETH,BUY,0.1676,551710.000,2024-07-16 04:14:09.926
ETH,BUY,0.8602,551771.000,2024-07-16 04:14:14.636
ETH,BUY,0.0918,551793.000,2024-07-16 04:14:16.916
ETH,BUY,0.5143,552000.000,2024-07-16 04:14:22.430
ETH,SELL,0.0705,551748.000,2024-07-16 04:14:36.956
ETH,BUY,0.0276,551870.000,2024-07-16 04:15:04.952
ETH,BUY,0.0200,551606.000,2024-07-16 04:15:18.910
ETH,BUY,0.0306,551600.000,2024-07-16 04:15:19.454
ETH,SELL,0.0181,551591.000,2024-07-16 04:15:24.962
ETH,BUY,0.0200,551206.000,2024-07-16 04:15:27.865
ETH,SELL,0.0329,550594.000,2024-07-16 04:15:31.940
ETH,BUY,0.0200,550881.000,2024-07-16 04:15:33.910
ETH,SELL,0.0297,550629.000,2024-07-16 04:15:37.480
ETH,BUY,0.0200,550637.000,2024-07-16 04:15:39.861
ETH,BUY,0.0200,550518.000,2024-07-16 04:15:45.864
ETH,BUY,0.0200,550587.000,2024-07-16 04:15:51.865
ETH,BUY,0.0682,550446.000,2024-07-16 04:15:55.218
ETH,BUY,0.0200,550445.000,2024-07-16 04:15:57.849
ETH,BUY,0.0921,550674.000,2024-07-16 04:16:00.445
ETH,BUY,0.0416,550679.000,2024-07-16 04:16:00.445
ETH,BUY,0.0402,550850.000,2024-07-16 04:16:00.445
ETH,BUY,0.0200,550361.000,2024-07-16 04:16:03.854
ETH,BUY,0.0642,550623.000,2024-07-16 04:16:08.958
ETH,BUY,0.0200,550652.000,2024-07-16 04:16:09.865
ETH,BUY,0.0812,550681.000,2024-07-16 04:16:14.440
ETH,BUY,0.0200,550708.000,2024-07-16 04:16:15.874
ETH,BUY,0.0369,550708.000,2024-07-16 04:16:21.428
ETH,BUY,0.0200,550708.000,2024-07-16 04:16:21.882
ETH,SELL,0.0210,550116.000,2024-07-16 04:16:26.937
ETH,BUY,0.0200,550449.000,2024-07-16 04:16:27.877
ETH,BUY,0.0200,550478.000,2024-07-16 04:16:33.873
ETH,SELL,0.0582,550132.000,2024-07-16 04:16:33.966
ETH,BUY,0.0200,550480.000,2024-07-16 04:16:39.848
ETH,BUY,0.0382,550480.000,2024-07-16 04:16:40.946
ETH,BUY,0.0160,550485.000,2024-07-16 04:16:40.946
ETH,BUY,0.0200,550565.000,2024-07-16 04:16:45.878
ETH,SELL,0.0210,550155.000,2024-07-16 04:16:46.504
ETH,SELL,0.0387,550141.000,2024-07-16 04:16:46.504
ETH,BUY,0.0200,550385.000,2024-07-16 04:16:51.876
ETH,BUY,0.0200,550420.000,2024-07-16 04:16:57.888
ETH,SELL,0.1180,550005.000,2024-07-16 04:16:59.439
ETH,BUY,0.0180,550304.000,2024-07-16 04:17:02.573
ETH,BUY,0.0186,550314.000,2024-07-16 04:17:03.884
ETH,BUY,0.0014,550333.000,2024-07-16 04:17:03.884
ETH,SELL,0.0270,550005.000,2024-07-16 04:17:04.944
ETH,BUY,0.0200,550246.000,2024-07-16 04:17:09.883
ETH,BUY,0.0200,550275.000,2024-07-16 04:17:15.861
ETH,BUY,0.0200,550564.000,2024-07-16 04:17:21.871
ETH,BUY,0.0808,550564.000,2024-07-16 04:17:22.453
ETH,BUY,0.0200,550623.000,2024-07-16 04:17:27.860
ETH,BUY,0.1501,550623.000,2024-07-16 04:17:27.943
ETH,BUY,0.0100,550623.000,2024-07-16 04:17:28.293
ETH,BUY,0.0200,550235.000,2024-07-16 04:17:33.874
ETH,SELL,0.0844,550271.000,2024-07-16 04:17:34.943
ETH,BUY,0.0200,550361.000,2024-07-16 04:17:39.887
ETH,SELL,0.0289,550360.000,2024-07-16 04:17:40.465
ETH,BUY,0.0200,550528.000,2024-07-16 04:17:45.912
ETH,BUY,0.0452,550529.000,2024-07-16 04:17:47.426
ETH,BUY,0.0200,550706.000,2024-07-16 04:17:51.881
ETH,BUY,0.0345,550708.000,2024-07-16 04:17:52.928
ETH,BUY,0.0548,550910.000,2024-07-16 04:17:52.928
ETH,BUY,0.0200,550910.000,2024-07-16 04:17:57.891
ETH,SELL,0.0496,550711.000,2024-07-16 04:18:01.485
ETH,BUY,0.0200,550910.000,2024-07-16 04:18:03.876
ETH,BUY,0.0025,550910.000,2024-07-16 04:18:09.863
ETH,BUY,0.0175,551087.000,2024-07-16 04:18:09.863
ETH,SELL,0.0550,550800.000,2024-07-16 04:18:12.950
ETH,SELL,0.1449,550797.000,2024-07-16 04:18:12.950
ETH,BUY,0.0200,551058.000,2024-07-16 04:18:15.879
ETH,BUY,0.0300,551087.000,2024-07-16 04:18:18.429
ETH,BUY,0.0010,551174.000,2024-07-16 04:18:18.429
ETH,SELL,0.0219,550832.000,2024-07-16 04:18:25.430
ETH,SELL,0.0284,550541.000,2024-07-16 04:18:30.929
ETH,BUY,0.0433,550691.000,2024-07-16 04:18:38.058
ETH,SELL,0.0109,550484.000,2024-07-16 04:18:43.432
ETH,BUY,0.0336,550560.000,2024-07-16 04:19:06.951
ETH,BUY,0.0356,550541.000,2024-07-16 04:19:15.446
ETH,BUY,0.0710,550556.000,2024-07-16 04:19:20.947
ETH,BUY,0.0312,550652.000,2024-07-16 04:19:20.947
ETH,SELL,0.0262,550307.000,2024-07-16 04:19:27.928
ETH,SELL,0.0171,550307.000,2024-07-16 04:19:33.451
ETH,SELL,0.0281,550307.000,2024-07-16 04:19:41.930
ETH,SELL,0.1009,550096.000,2024-07-16 04:19:47.435
ETH,BUY,0.1095,550445.000,2024-07-16 04:20:01.933
ETH,SELL,0.1808,550112.000,2024-07-16 04:20:07.470
ETH,BUY,0.0586,550077.000,2024-07-16 04:20:14.440
ETH,BUY,0.0957,550085.000,2024-07-16 04:20:19.960
ETH,BUY,0.9043,550085.000,2024-07-16 04:20:20.019
ETH,SELL,0.1000,550189.000,2024-07-16 04:20:27.009
ETH,SELL,0.0118,550231.000,2024-07-16 04:20:32.425
ETH,SELL,0.0982,550232.000,2024-07-16 04:20:40.937
ETH,SELL,0.0833,550242.000,2024-07-16 04:20:46.446
ETH,SELL,0.0515,550258.000,2024-07-16 04:20:53.440
ETH,SELL,0.1000,550098.000,2024-07-16 04:21:04.934
ETH,SELL,0.1021,550116.000,2024-07-16 04:21:19.437
ETH,SELL,0.0173,550125.000,2024-07-16 04:21:27.930
ETH,SELL,0.1000,550134.000,2024-07-16 04:21:33.426
ETH,SELL,0.0187,550172.000,2024-07-16 04:21:40.462
ETH,SELL,0.0731,550282.000,2024-07-16 04:21:45.930
ETH,SELL,0.0786,550370.000,2024-07-16 04:21:54.455
ETH,SELL,0.1324,550362.000,2024-07-16 04:21:59.948
ETH,BUY,0.0444,550561.000,2024-07-16 04:22:06.924
ETH,BUY,0.0354,550591.000,2024-07-16 04:22:13.929
ETH,BUY,0.1875,550271.000,2024-07-16 04:22:22.478
ETH,BUY,0.1858,550355.000,2024-07-16 04:22:27.948
ETH,SELL,0.0291,550348.000,2024-07-16 04:22:34.942
ETH,SELL,0.0252,550359.000,2024-07-16 04:22:40.443
ETH,BUY,0.0296,550345.000,2024-07-16 04:22:47.428
ETH,BUY,1.0000,550339.000,2024-07-16 04:22:57.171
ETH,SELL,0.1000,550337.000,2024-07-16 04:22:57.376
ETH,SELL,0.3750,550337.000,2024-07-16 04:22:57.405
ETH,BUY,0.3482,550296.000,2024-07-16 04:23:02.925
ETH,BUY,0.7185,550288.000,2024-07-16 04:23:05.769
ETH,BUY,0.7185,550286.000,2024-07-16 04:23:08.295
ETH,BUY,0.2815,550286.000,2024-07-16 04:23:09.273
ETH,BUY,0.0592,550272.000,2024-07-16 04:23:11.435
ETH,BUY,0.7187,550276.000,2024-07-16 04:23:13.370
ETH,SELL,0.1811,550301.000,2024-07-16 04:23:17.433
ETH,BUY,1.0000,550271.000,2024-07-16 04:23:20.500
ETH,BUY,0.1814,550251.000,2024-07-16 04:23:24.423
ETH,BUY,0.1945,550287.000,2024-07-16 04:23:29.971
ETH,SELL,0.0539,550304.000,2024-07-16 04:23:39.928
ETH,BUY,0.2143,550277.000,2024-07-16 04:23:45.462
ETH,SELL,0.1221,550271.000,2024-07-16 04:23:52.436
ETH,SELL,0.1355,550271.000,2024-07-16 04:23:57.929
ETH,SELL,0.0249,550275.000,2024-07-16 04:24:04.929
ETH,BUY,0.0289,550344.000,2024-07-16 04:24:20.929
ETH,BUY,0.0411,550344.000,2024-07-16 04:24:26.424
ETH,BUY,0.1000,550328.000,2024-07-16 04:24:32.657
ETH,BUY,0.1000,550328.000,2024-07-16 04:24:33.441
ETH,SELL,1.0000,550364.000,2024-07-16 04:24:36.811
ETH,SELL,0.0651,550338.000,2024-07-16 04:24:40.447
ETH,SELL,0.1000,550338.000,2024-07-16 04:24:40.683
ETH,BUY,0.1737,550370.000,2024-07-16 04:24:45.937
ETH,SELL,0.0691,550368.000,2024-07-16 04:24:52.951
ETH,SELL,0.0715,550343.000,2024-07-16 04:24:58.431
ETH,SELL,0.0445,550291.000,2024-07-16 04:25:06.921
ETH,SELL,0.1037,550293.000,2024-07-16 04:25:12.473
ETH,SELL,0.0404,550303.000,2024-07-16 04:25:22.434
ETH,SELL,0.0454,550351.000,2024-07-16 04:25:33.928
ETH,SELL,0.0842,550352.000,2024-07-16 04:25:39.436
ETH,SELL,0.0159,550279.000,2024-07-16 04:25:46.424
ETH,BUY,0.0714,550276.000,2024-07-16 04:25:51.926
ETH,SELL,0.0896,550015.000,2024-07-16 04:26:00.474
ETH,BUY,0.0164,550264.000,2024-07-16 04:26:07.472
ETH,SELL,0.0643,550213.000,2024-07-16 04:26:12.942
ETH,SELL,0.0175,550282.000,2024-07-16 04:26:19.945
ETH,SELL,0.0484,550304.000,2024-07-16 04:26:25.424
ETH,BUY,0.0161,550370.000,2024-07-16 04:26:51.952
ETH,BUY,0.0587,550274.000,2024-07-16 04:26:57.427
ETH,SELL,0.0149,550317.000,2024-07-16 04:27:04.434
ETH,BUY,0.0513,550265.000,2024-07-16 04:27:09.950
ETH,SELL,0.0137,550273.000,2024-07-16 04:27:16.945
ETH,BUY,0.0520,550279.000,2024-07-16 04:27:22.436
ETH,SELL,0.0520,550271.000,2024-07-16 04:27:30.960
ETH,SELL,0.0276,550271.000,2024-07-16 04:27:36.426
ETH,SELL,0.0124,550286.000,2024-07-16 04:27:43.424
ETH,SELL,0.0157,550288.000,2024-07-16 04:27:57.965
ETH,SELL,0.0872,550278.000,2024-07-16 04:28:03.426
ETH,BUY,0.0888,550278.000,2024-07-16 04:28:11.942
ETH,SELL,0.1685,550289.000,2024-07-16 04:28:17.451
ETH,BUY,0.0598,550253.000,2024-07-16 04:28:24.447
ETH,BUY,0.0349,550011.000,2024-07-16 04:28:38.923
ETH,BUY,0.0161,550173.000,2024-07-16 04:28:44.429
ETH,BUY,0.0161,550147.000,2024-07-16 04:28:51.433
ETH,BUY,0.0036,550149.000,2024-07-16 04:28:51.433
ETH,BUY,0.0167,550194.000,2024-07-16 04:28:59.943
ETH,BUY,0.0569,550185.000,2024-07-16 04:29:05.443
ETH,BUY,0.0107,550187.000,2024-07-16 04:29:05.443
ETH,BUY,0.0209,550189.000,2024-07-16 04:29:36.428
ETH,BUY,0.0690,550199.000,2024-07-16 04:29:43.445
ETH,SELL,0.1000,550000.000,2024-07-16 04:29:56.424
ETH,SELL,0.0103,550000.000,2024-07-16 04:30:02.843
ETH,BUY,0.0284,550123.000,2024-07-16 04:30:20.436
ETH,BUY,0.0293,550123.000,2024-07-16 04:30:25.941
ETH,SELL,0.1000,550000.000,2024-07-16 04:30:32.012
ETH,SELL,0.0397,550000.000,2024-07-16 04:30:37.451
ETH,SELL,0.1883,550000.000,2024-07-16 04:30:37.451
ETH,BUY,0.0297,550003.000,2024-07-16 04:30:45.936
ETH,SELL,0.0882,550000.000,2024-07-16 04:30:57.456
ETH,SELL,0.0655,550000.000,2024-07-16 04:30:58.104
ETH,SELL,0.0345,549726.000,2024-07-16 04:30:58.104
ETH,BUY,0.0180,549734.000,2024-07-16 04:31:00.151
ETH,BUY,0.0259,549734.000,2024-07-16 04:31:03.427
ETH,SELL,0.1121,549777.000,2024-07-16 04:31:11.932
ETH,SELL,0.0449,549741.000,2024-07-16 04:31:17.438
ETH,BUY,0.0134,549851.000,2024-07-16 04:31:24.441
ETH,BUY,0.0313,549748.000,2024-07-16 04:31:29.919
ETH,BUY,0.0524,549902.000,2024-07-16 04:31:47.444
ETH,BUY,0.0721,549873.000,2024-07-16 04:31:52.928
ETH,BUY,0.0686,549774.000,2024-07-16 04:31:59.976
ETH,BUY,0.0158,549774.000,2024-07-16 04:31:59.976
ETH,BUY,0.1342,549809.000,2024-07-16 04:32:05.425
ETH,SELL,0.9500,549600.000,2024-07-16 04:32:10.352
ETH,SELL,1.0287,549348.000,2024-07-16 04:32:10.352
ETH,SELL,0.0213,549328.000,2024-07-16 04:32:10.352
ETH,SELL,0.0280,549328.000,2024-07-16 04:32:12.425
ETH,BUY,0.0223,549367.000,2024-07-16 04:32:19.446
ETH,BUY,0.0955,549648.000,2024-07-16 04:32:26.423
ETH,BUY,0.1044,549315.000,2024-07-16 04:32:33.441
ETH,SELL,0.2876,549252.000,2024-07-16 04:32:38.929
ETH,BUY,0.1224,549249.000,2024-07-16 04:32:47.444
ETH,SELL,1.0000,549248.000,2024-07-16 04:32:49.625
ETH,SELL,0.4000,549248.000,2024-07-16 04:32:49.625
ETH,SELL,1.6300,549248.000,2024-07-16 04:32:49.625
ETH,SELL,0.2313,549100.000,2024-07-16 04:32:49.625
ETH,SELL,0.1000,548865.000,2024-07-16 04:32:49.625
ETH,SELL,0.6387,548864.000,2024-07-16 04:32:49.625
ETH,BUY,0.1186,549235.000,2024-07-16 04:32:52.933
ETH,BUY,0.0637,549578.000,2024-07-16 04:32:59.939
ETH,BUY,0.1342,549520.000,2024-07-16 04:33:05.424
ETH,SELL,0.0186,549088.000,2024-07-16 04:33:15.455
ETH,BUY,0.0192,549074.000,2024-07-16 04:33:22.457
ETH,SELL,0.0604,549265.000,2024-07-16 04:33:29.424
ETH,SELL,0.0171,549295.000,2024-07-16 04:33:36.426
ETH,SELL,0.0264,549249.000,2024-07-16 04:33:41.938
ETH,SELL,0.0694,549226.000,2024-07-16 04:33:56.457
ETH,BUY,0.0308,549123.000,2024-07-16 04:34:07.930
ETH,BUY,0.0100,549200.000,2024-07-16 04:34:35.925
ETH,BUY,0.0590,549199.000,2024-07-16 04:34:45.933
ETH,BUY,0.0292,549197.000,2024-07-16 04:34:51.425
ETH,SELL,0.0149,548828.000,2024-07-16 04:34:58.424
ETH,SELL,0.0700,548828.000,2024-07-16 04:34:59.857
ETH,SELL,0.0200,548689.000,2024-07-16 04:35:01.058
ETH,SELL,0.0158,548616.000,2024-07-16 04:35:01.058
ETH,BUY,0.2434,548880.000,2024-07-16 04:35:03.940
ETH,BUY,0.1000,548568.000,2024-07-16 04:35:07.581
ETH,BUY,0.1000,548568.000,2024-07-16 04:35:09.248
ETH,BUY,0.1000,548880.000,2024-07-16 04:35:10.925
ETH,BUY,0.1000,548880.000,2024-07-16 04:35:10.954
ETH,BUY,0.0803,548880.000,2024-07-16 04:35:12.114
ETH,BUY,0.0197,548997.000,2024-07-16 04:35:12.114
ETH,BUY,0.1606,548571.000,2024-07-16 04:35:17.444
ETH,BUY,0.0143,548586.000,2024-07-16 04:35:21.455
ETH,BUY,0.1000,548814.000,2024-07-16 04:35:24.447
ETH,BUY,0.7205,548814.000,2024-07-16 04:35:25.038
ETH,SELL,0.1000,548813.000,2024-07-16 04:35:25.297
ETH,BUY,0.1795,548814.000,2024-07-16 04:35:26.564
ETH,BUY,0.5411,548988.000,2024-07-16 04:35:27.598
ETH,BUY,0.8647,548755.000,2024-07-16 04:35:28.610
ETH,BUY,0.1353,548755.000,2024-07-16 04:35:30.124
ETH,BUY,0.1711,549001.000,2024-07-16 04:35:30.424
ETH,BUY,0.0990,548669.000,2024-07-16 04:35:37.442
ETH,SELL,0.2028,548525.000,2024-07-16 04:35:42.946
ETH,BUY,0.2000,548673.000,2024-07-16 04:35:49.930
ETH,BUY,0.8000,548673.000,2024-07-16 04:35:50.779
ETH,BUY,0.2349,548842.000,2024-07-16 04:35:51.838
ETH,BUY,0.4000,548673.000,2024-07-16 04:35:55.438
ETH,BUY,0.6000,548673.000,2024-07-16 04:35:56.917
ETH,BUY,0.0691,548687.000,2024-07-16 04:36:02.439
ETH,BUY,0.7207,548687.000,2024-07-16 04:36:02.991
ETH,BUY,0.2102,548687.000,2024-07-16 04:36:04.057
ETH,BUY,0.2703,548693.000,2024-07-16 04:36:07.991
ETH,SELL,0.1000,548652.000,2024-07-16 04:36:14.253
ETH,SELL,0.0300,548592.000,2024-07-16 04:36:19.456
ETH,BUY,0.8650,548594.000,2024-07-16 04:36:21.730
ETH,BUY,1.0000,548670.000,2024-07-16 04:36:24.244
ETH,BUY,0.7208,548700.000,2024-07-16 04:36:26.297
ETH,BUY,0.2792,548700.000,2024-07-16 04:36:27.886
ETH,BUY,0.0337,548964.000,2024-07-16 04:36:27.973
ETH,BUY,1.0000,548700.000,2024-07-16 04:36:29.830
ETH,BUY,0.0900,548700.000,2024-07-16 04:36:32.426
ETH,BUY,0.9100,548700.000,2024-07-16 04:36:33.398
ETH,BUY,0.2457,548945.000,2024-07-16 04:36:33.485
ETH,BUY,0.8651,548673.000,2024-07-16 04:36:36.966
ETH,BUY,0.7209,548648.000,2024-07-16 04:36:37.972
ETH,BUY,0.1000,548744.000,2024-07-16 04:36:40.473
ETH,BUY,0.9000,548744.000,2024-07-16 04:36:41.979
ETH,BUY,0.8648,548781.000,2024-07-16 04:36:45.585
ETH,BUY,0.1352,548781.000,2024-07-16 04:36:45.966
ETH,BUY,0.2365,548904.000,2024-07-16 04:36:45.966
ETH,BUY,0.0100,548692.000,2024-07-16 04:36:49.002
ETH,BUY,0.1451,548867.000,2024-07-16 04:36:54.929
ETH,BUY,0.2114,548607.000,2024-07-16 04:37:00.439
ETH,BUY,0.7209,548619.000,2024-07-16 04:37:07.257
ETH,BUY,0.1762,548741.000,2024-07-16 04:37:08.935
ETH,BUY,0.0367,548747.000,2024-07-16 04:37:14.439
ETH,BUY,1.0000,548773.000,2024-07-16 04:37:19.875
ETH,BUY,0.0988,548995.000,2024-07-16 04:37:21.433
ETH,SELL,0.0567,548965.000,2024-07-16 04:37:26.926
ETH,BUY,0.7204,548967.000,2024-07-16 04:37:27.519
ETH,BUY,0.0825,548781.000,2024-07-16 04:37:33.947
ETH,BUY,0.6733,548847.000,2024-07-16 04:37:36.592
ETH,BUY,0.2550,548699.000,2024-07-16 04:37:39.429
ETH,BUY,0.7208,548699.000,2024-07-16 04:37:40.129
ETH,BUY,0.8650,548709.000,2024-07-16 04:37:41.174
ETH,BUY,0.1350,548709.000,2024-07-16 04:37:42.691
ETH,BUY,0.8649,548745.000,2024-07-16 04:37:43.707
ETH,SELL,0.1032,548770.000,2024-07-16 04:37:46.467
ETH,SELL,0.0113,548541.000,2024-07-16 04:37:51.943
ETH,BUY,0.1000,548767.000,2024-07-16 04:37:53.450
ETH,BUY,0.7208,548763.000,2024-07-16 04:37:56.867
ETH,BUY,0.0406,548763.000,2024-07-16 04:38:06.421
ETH,BUY,0.0631,548785.000,2024-07-16 04:38:11.932
ETH,BUY,0.1000,548847.000,2024-07-16 04:38:15.948
ETH,BUY,0.1000,548923.000,2024-07-16 04:38:18.674
ETH,BUY,0.1000,548923.000,2024-07-16 04:38:18.952
ETH,BUY,0.1000,548991.000,2024-07-16 04:38:24.433
ETH,SELL,0.0122,548942.000,2024-07-16 04:38:31.432
ETH,BUY,0.0393,548923.000,2024-07-16 04:38:38.454
ETH,BUY,0.0181,548923.000,2024-07-16 04:38:39.825
ETH,BUY,0.8646,548923.000,2024-07-16 04:38:43.371
ETH,SELL,0.1631,548921.000,2024-07-16 04:38:43.929
ETH,BUY,1.0000,548941.000,2024-07-16 04:38:44.401
ETH,BUY,0.9833,549028.000,2024-07-16 04:38:45.425
ETH,SELL,0.0113,548808.000,2024-07-16 04:38:50.929
ETH,BUY,0.2351,548822.000,2024-07-16 04:38:56.449
ETH,BUY,0.7649,548822.000,2024-07-16 04:38:57.933
ETH,BUY,0.4882,548995.000,2024-07-16 04:38:57.933
ETH,SELL,0.2000,549252.000,2024-07-16 04:38:59.761
ETH,SELL,0.2000,549252.000,2024-07-16 04:38:59.912
ETH,BUY,0.0100,549253.000,2024-07-16 04:39:03.426
ETH,SELL,0.1995,549252.000,2024-07-16 04:39:04.692
ETH,BUY,0.1474,549255.000,2024-07-16 04:39:05.661
ETH,BUY,0.7208,548819.000,2024-07-16 04:39:08.268
ETH,SELL,0.0906,548818.000,2024-07-16 04:39:08.929
ETH,BUY,0.0275,548839.000,2024-07-16 04:39:15.929
ETH,BUY,1.0000,548964.000,2024-07-16 04:39:23.853
ETH,BUY,0.0934,549409.000,2024-07-16 04:39:24.437
ETH,BUY,0.2877,548965.000,2024-07-16 04:39:29.930
ETH,BUY,0.0250,548976.000,2024-07-16 04:39:34.951
ETH,SELL,0.0115,548974.000,2024-07-16 04:39:38.475
ETH,BUY,0.1111,549009.000,2024-07-16 04:39:43.957
ETH,BUY,0.8646,548922.000,2024-07-16 04:39:47.107
ETH,SELL,0.1000,548920.000,2024-07-16 04:39:50.937
ETH,BUY,0.0160,548939.000,2024-07-16 04:39:56.444
ETH,BUY,0.7205,548940.000,2024-07-16 04:40:00.811
ETH,BUY,0.0844,548942.000,2024-07-16 04:40:03.454
ETH,BUY,0.0843,548787.000,2024-07-16 04:40:08.949
ETH,SELL,0.1312,548848.000,2024-07-16 04:40:37.464
ETH,SELL,0.0264,549158.000,2024-07-16 04:41:06.941
ETH,SELL,0.0493,549196.000,2024-07-16 04:41:12.439
ETH,BUY,1.0000,549158.000,2024-07-16 04:41:39.974
ETH,BUY,0.1094,549571.000,2024-07-16 04:41:39.974
ETH,BUY,0.8906,549572.000,2024-07-16 04:41:39.974
ETH,SELL,0.0100,549307.000,2024-07-16 04:41:50.925
ETH,BUY,0.1608,549385.000,2024-07-16 04:41:56.429
ETH,BUY,1.0000,549333.000,2024-07-16 04:42:01.831
ETH,SELL,0.2037,549491.000,2024-07-16 04:42:12.424
ETH,BUY,0.1331,549509.000,2024-07-16 04:42:46.417
ETH,BUY,1.0000,549585.000,2024-07-16 04:42:51.519
ETH,BUY,1.0000,550043.000,2024-07-16 04:42:51.519
ETH,BUY,0.1237,550043.000,2024-07-16 04:42:51.924
ETH,SELL,0.0113,549587.000,2024-07-16 04:42:56.058
ETH,SELL,0.0800,549589.000,2024-07-16 04:42:58.918
ETH,SELL,0.1000,549591.000,2024-07-16 04:43:01.167
ETH,SELL,0.1493,549600.000,2024-07-16 04:43:06.430
ETH,SELL,0.0100,549606.000,2024-07-16 04:43:11.462
ETH,BUY,0.2000,549927.000,2024-07-16 04:43:12.479
ETH,BUY,0.0676,549927.000,2024-07-16 04:43:13.458
ETH,SELL,0.1214,549614.000,2024-07-16 04:43:18.939
ETH,BUY,0.0631,549840.000,2024-07-16 04:43:25.934
ETH,BUY,0.0100,549897.000,2024-07-16 04:43:37.424
ETH,BUY,0.0176,549898.000,2024-07-16 04:43:37.424
ETH,BUY,0.2316,549898.000,2024-07-16 04:43:42.919
ETH,SELL,0.1189,549624.000,2024-07-16 04:43:44.530
ETH,BUY,0.0675,549869.000,2024-07-16 04:43:51.495
ETH,SELL,0.1000,549630.000,2024-07-16 04:43:53.295
ETH,SELL,0.1000,549630.000,2024-07-16 04:43:53.701
ETH,SELL,0.0100,549612.000,2024-07-16 04:43:54.117
ETH,SELL,0.0900,549398.000,2024-07-16 04:43:54.117
ETH,SELL,0.0915,549430.000,2024-07-16 04:43:59.421
ETH,BUY,0.1000,549468.000,2024-07-16 04:44:06.440
ETH,SELL,0.1457,549465.000,2024-07-16 04:44:11.931
ETH,SELL,0.1447,549462.000,2024-07-16 04:44:21.417
ETH,SELL,1.0000,549461.000,2024-07-16 04:44:21.417
ETH,SELL,1.5400,549414.000,2024-07-16 04:44:21.417
ETH,SELL,1.3153,549412.000,2024-07-16 04:44:21.417
ETH,SELL,0.3737,549435.000,2024-07-16 04:44:24.922
ETH,BUY,0.2000,549384.000,2024-07-16 04:44:31.926
ETH,BUY,0.0714,549333.000,2024-07-16 04:44:37.431
ETH,BUY,1.0000,549327.000,2024-07-16 04:44:39.004
ETH,SELL,0.0890,549411.000,2024-07-16 04:44:48.936
ETH,SELL,0.0591,549421.000,2024-07-16 04:44:54.419
ETH,BUY,1.0000,549491.000,2024-07-16 04:44:58.329
ETH,BUY,0.0419,549491.000,2024-07-16 04:45:01.455
ETH,SELL,0.0700,549444.000,2024-07-16 04:45:06.942
ETH,SELL,0.0763,549432.000,2024-07-16 04:45:06.942
ETH,SELL,0.0348,549479.000,2024-07-16 04:45:13.924
ETH,BUY,0.0349,549465.000,2024-07-16 04:45:31.451
ETH,BUY,0.0100,549537.000,2024-07-16 04:45:38.432
ETH,BUY,0.0436,549572.000,2024-07-16 04:45:43.931
ETH,BUY,0.0221,549695.000,2024-07-16 04:45:59.924
ETH,BUY,0.0396,549690.000,2024-07-16 04:46:06.925
ETH,BUY,0.0396,549666.000,2024-07-16 04:46:12.436
ETH,BUY,0.0862,549816.000,2024-07-16 04:46:19.437
ETH,BUY,0.1865,550011.000,2024-07-16 04:46:24.928
ETH,BUY,0.0314,550118.000,2024-07-16 04:46:33.450
ETH,BUY,0.1024,550020.000,2024-07-16 04:46:38.932
ETH,SELL,0.1000,549780.000,2024-07-16 04:46:45.354
ETH,SELL,0.1000,549780.000,2024-07-16 04:46:45.602
ETH,BUY,1.0000,549667.000,2024-07-16 04:46:49.365
ETH,SELL,0.1587,549679.000,2024-07-16 04:46:50.919
