symbol,side,size,price,timestamp
BTC,SELL,0.0001,10531460.000,2024-07-19 21:00:18.617
BTC,BUY,0.0003,10530782.000,2024-07-19 21:00:26.086
BTC,BUY,0.0001,10531098.000,2024-07-19 21:00:26.086
BTC,BUY,0.0020,10530571.000,2024-07-19 21:01:24.861
BTC,BUY,0.0004,10530041.000,2024-07-19 21:01:43.144
BTC,BUY,0.0005,10531100.000,2024-07-19 21:02:08.298
BTC,SELL,0.0003,10530570.000,2024-07-19 21:04:49.019
BTC,SELL,0.0097,10530040.000,2024-07-19 21:04:49.019
BTC,SELL,0.0020,10529510.000,2024-07-19 21:05:11.513
BTC,SELL,0.0001,10529510.000,2024-07-19 21:06:20.602
BTC,SELL,0.0001,10528980.000,2024-07-19 21:06:20.602
BTC,SELL,0.0198,10528965.000,2024-07-19 21:06:20.602
BTC,BUY,0.0005,10531054.000,2024-07-19 21:06:49.153
BTC,BUY,0.0007,10531100.000,2024-07-19 21:08:10.336
BTC,BUY,0.0008,10531100.000,2024-07-19 21:08:11.134
BTC,BUY,0.0004,10531100.000,2024-07-19 21:08:11.902
BTC,BUY,0.0003,10531100.000,2024-07-19 21:08:15.321
BTC,BUY,0.1000,10531100.000,2024-07-19 21:08:16.093
BTC,BUY,0.0009,10531100.000,2024-07-19 21:08:17.038
BTC,BUY,0.1000,10531100.000,2024-07-19 21:08:17.109
BTC,BUY,0.0588,10531100.000,2024-07-19 21:08:18.089
BTC,SELL,0.0125,10532720.000,2024-07-19 21:09:17.163
BTC,SELL,0.0025,10532680.000,2024-07-19 21:09:17.163
BTC,BUY,0.0202,10535481.000,2024-07-19 21:09:32.836
BTC,BUY,0.0007,10537343.000,2024-07-19 21:09:32.836
BTC,BUY,0.0031,10537474.000,2024-07-19 21:09:32.836
BTC,BUY,0.0010,10536931.000,2024-07-19 21:09:44.502
BTC,BUY,0.0090,10537448.000,2024-07-19 21:09:44.502
BTC,SELL,0.0550,10536930.000,2024-07-19 21:09:49.669
BTC,SELL,0.0050,10539999.000,2024-07-19 21:10:53.260
BTC,SELL,0.0400,10539999.000,2024-07-19 21:10:53.260
BTC,SELL,0.0040,10539995.000,2024-07-19 21:10:53.260
BTC,BUY,0.0003,10540000.000,2024-07-19 21:11:25.052
BTC,BUY,0.0052,10540000.000,2024-07-19 21:11:26.950
BTC,BUY,0.0050,10542000.000,2024-07-19 21:12:01.996
BTC,BUY,0.0001,10543737.000,2024-07-19 21:12:41.350
BTC,BUY,0.0010,10545940.000,2024-07-19 21:12:42.971
BTC,BUY,0.0010,10547795.000,2024-07-19 21:12:43.781
BTC,BUY,0.0100,10550000.000,2024-07-19 21:12:57.896
BTC,BUY,0.0070,10550000.000,2024-07-19 21:12:57.896
BTC,BUY,0.0050,10550000.000,2024-07-19 21:12:57.896
BTC,BUY,0.0003,10550000.000,2024-07-19 21:12:57.896
BTC,BUY,0.0001,10550000.000,2024-07-19 21:12:57.896
BTC,BUY,0.0230,10550000.000,2024-07-19 21:12:57.896
BTC,BUY,0.0300,10550000.000,2024-07-19 21:12:57.896
BTC,SELL,0.0680,10550219.000,2024-07-19 21:13:24.346
BTC,BUY,0.0002,10550000.000,2024-07-19 21:13:29.807
BTC,BUY,0.0200,10550000.000,2024-07-19 21:13:29.894
BTC,BUY,0.0100,10550000.000,2024-07-19 21:13:29.895
BTC,BUY,0.1000,10550000.000,2024-07-19 21:13:30.442
BTC,BUY,0.0418,10550000.000,2024-07-19 21:13:31.425
BTC,BUY,0.0002,10550161.000,2024-07-19 21:13:45.231
BTC,SELL,0.0066,10550160.000,2024-07-19 21:13:45.725
BTC,BUY,0.0001,10552540.000,2024-07-19 21:13:47.271
BTC,BUY,0.0050,10555173.000,2024-07-19 21:13:47.685
BTC,BUY,0.0001,10555941.000,2024-07-19 21:13:48.228
BTC,BUY,0.0010,10560000.000,2024-07-19 21:13:59.265
BTC,BUY,0.0001,10560000.000,2024-07-19 21:13:59.265
BTC,BUY,0.0029,10560061.000,2024-07-19 21:13:59.265
BTC,BUY,0.0003,10560061.000,2024-07-19 21:14:19.641
BTC,BUY,0.0968,10560061.000,2024-07-19 21:14:21.745
BTC,BUY,0.0001,10565000.000,2024-07-19 21:14:34.157
BTC,BUY,0.0001,10564956.000,2024-07-19 21:16:21.634
BTC,BUY,0.0001,10570000.000,2024-07-19 21:17:12.240
BTC,BUY,0.0010,10570000.000,2024-07-19 21:17:12.240
BTC,BUY,0.0003,10570000.000,2024-07-19 21:17:12.240
BTC,BUY,0.0060,10570000.000,2024-07-19 21:17:12.240
BTC,BUY,0.0003,10570428.000,2024-07-19 21:17:13.346
BTC,BUY,0.0002,10570428.000,2024-07-19 21:17:14.965
BTC,BUY,0.0055,10570428.000,2024-07-19 21:17:16.790
BTC,BUY,0.0010,10574229.000,2024-07-19 21:17:26.808
BTC,BUY,0.0001,10575084.000,2024-07-19 21:17:36.118
BTC,BUY,0.0001,10577824.000,2024-07-19 21:18:02.544
BTC,BUY,0.0400,10572604.000,2024-07-19 21:19:21.950
BTC,BUY,0.0100,10575790.000,2024-07-19 21:19:21.950
BTC,SELL,0.0010,10572480.000,2024-07-19 21:19:27.377
BTC,BUY,0.0001,10571921.000,2024-07-19 21:20:14.038
BTC,BUY,0.0002,10575000.000,2024-07-19 21:20:25.976
BTC,BUY,0.0005,10576227.000,2024-07-19 21:20:53.195
BTC,BUY,0.0004,10578253.000,2024-07-19 21:21:08.056
BTC,BUY,0.0001,10578232.000,2024-07-19 21:21:28.449
BTC,BUY,0.1000,10579895.000,2024-07-19 21:22:32.776
BTC,BUY,0.0010,10580000.000,2024-07-19 21:22:34.252
BTC,BUY,0.0001,10580000.000,2024-07-19 21:22:34.252
BTC,BUY,0.0003,10580000.000,2024-07-19 21:22:34.252
BTC,BUY,0.0100,10580000.000,2024-07-19 21:22:34.252
BTC,BUY,0.0002,10589365.000,2024-07-19 21:22:42.230
BTC,BUY,0.0001,10590000.000,2024-07-19 21:23:08.144
BTC,BUY,0.0001,10588321.000,2024-07-19 21:24:06.441
BTC,BUY,0.0001,10589663.000,2024-07-19 21:25:20.815
BTC,SELL,0.0001,10588306.000,2024-07-19 21:26:25.289
BTC,SELL,0.0001,10580170.000,2024-07-19 21:26:27.134
BTC,BUY,0.0050,10577278.000,2024-07-19 21:26:42.040
BTC,SELL,0.1500,10577210.000,2024-07-19 21:26:42.131
BTC,SELL,0.0005,10576720.000,2024-07-19 21:26:49.236
BTC,SELL,0.0240,10576001.000,2024-07-19 21:26:58.353
BTC,BUY,0.0005,10576002.000,2024-07-19 21:27:11.986
BTC,SELL,0.0739,10576001.000,2024-07-19 21:27:17.505
BTC,SELL,0.0848,10576001.000,2024-07-19 21:27:17.630
BTC,SELL,0.0200,10576001.000,2024-07-19 21:27:23.576
BTC,SELL,0.0400,10576001.000,2024-07-19 21:27:23.987
BTC,SELL,0.0372,10576001.000,2024-07-19 21:27:24.711
BTC,SELL,0.0200,10576001.000,2024-07-19 21:27:25.496
BTC,SELL,0.0001,10576001.000,2024-07-19 21:27:27.008
BTC,SELL,0.0199,10576000.000,2024-07-19 21:27:27.008
BTC,SELL,0.0372,10576000.000,2024-07-19 21:27:28.182
BTC,SELL,0.0358,10576000.000,2024-07-19 21:27:29.454
BTC,SELL,0.0009,10576000.000,2024-07-19 21:27:53.606
BTC,SELL,0.0010,10576000.000,2024-07-19 21:27:55.327
BTC,SELL,0.0005,10576000.000,2024-07-19 21:27:56.919
BTC,SELL,0.0007,10576000.000,2024-07-19 21:28:13.231
BTC,SELL,0.0040,10576000.000,2024-07-19 21:28:25.220
BTC,SELL,0.0060,10569883.000,2024-07-19 21:28:25.220
BTC,SELL,0.0199,10568581.000,2024-07-19 21:29:21.785
BTC,SELL,0.0199,10569606.000,2024-07-19 21:29:24.838
BTC,BUY,0.0005,10569502.000,2024-07-19 21:29:28.244
BTC,SELL,0.0199,10568581.000,2024-07-19 21:29:30.990
BTC,BUY,0.0002,10568370.000,2024-07-19 21:29:35.460
BTC,BUY,0.0020,10568264.000,2024-07-19 21:29:41.515
BTC,BUY,0.0001,10568264.000,2024-07-19 21:29:43.467
BTC,SELL,0.0014,10567670.000,2024-07-19 21:29:46.475
BTC,BUY,0.0001,10567946.000,2024-07-19 21:29:50.790
BTC,BUY,0.0001,10566468.000,2024-07-19 21:29:58.619
BTC,SELL,0.0100,10563498.000,2024-07-19 21:31:23.509
BTC,SELL,0.0100,10562392.000,2024-07-19 21:31:24.075
BTC,BUY,0.0010,10562393.000,2024-07-19 21:31:24.654
BTC,SELL,0.1000,10559720.000,2024-07-19 21:32:00.997
BTC,SELL,0.0013,10559720.000,2024-07-19 21:32:01.063
BTC,BUY,0.0400,10559712.000,2024-07-19 21:32:22.895
BTC,SELL,0.0002,10559190.000,2024-07-19 21:32:42.844
BTC,SELL,0.0226,10558660.000,2024-07-19 21:32:54.574
BTC,SELL,0.0474,10558130.000,2024-07-19 21:32:54.574
BTC,BUY,0.0050,10558239.000,2024-07-19 21:35:43.273
BTC,SELL,0.0142,10556540.000,2024-07-19 21:36:41.314
BTC,BUY,0.0001,10556541.000,2024-07-19 21:36:42.776
BTC,SELL,0.0030,10556000.000,2024-07-19 21:36:47.017
BTC,SELL,0.1833,10554420.000,2024-07-19 21:36:48.816
BTC,SELL,0.0099,10553360.000,2024-07-19 21:36:50.929
BTC,SELL,0.0373,10550710.000,2024-07-19 21:36:52.861
BTC,SELL,0.0100,10550000.000,2024-07-19 21:37:26.036
BTC,SELL,0.0010,10550000.000,2024-07-19 21:37:26.036
BTC,SELL,0.0050,10550733.000,2024-07-19 21:37:49.202
BTC,SELL,0.0046,10549999.000,2024-07-19 21:38:31.733
BTC,BUY,0.0740,10549670.000,2024-07-19 21:41:37.795
BTC,BUY,0.0139,10549678.000,2024-07-19 21:41:37.795
BTC,BUY,0.0121,10549680.000,2024-07-19 21:41:37.795
BTC,BUY,0.0002,10549121.000,2024-07-19 21:42:07.506
BTC,BUY,0.0005,10548899.000,2024-07-19 21:42:50.386
BTC,SELL,0.0002,10545893.000,2024-07-19 21:44:33.882
BTC,SELL,0.2298,10543500.000,2024-07-19 21:44:33.882
BTC,BUY,0.0001,10545788.000,2024-07-19 21:44:42.381
BTC,BUY,0.0003,10545364.000,2024-07-19 21:44:54.152
BTC,SELL,0.0002,10543740.000,2024-07-19 21:45:40.694
BTC,SELL,0.0098,10543500.000,2024-07-19 21:45:40.694
BTC,SELL,0.0002,10545000.000,2024-07-19 21:45:44.035
BTC,SELL,0.7604,10543500.000,2024-07-19 21:45:44.035
BTC,SELL,0.0001,10541700.000,2024-07-19 21:45:44.035
BTC,SELL,0.0001,10541170.000,2024-07-19 21:45:44.035
BTC,SELL,0.2392,10540640.000,2024-07-19 21:45:44.035
BTC,SELL,0.0100,10540160.000,2024-07-19 21:47:27.518
BTC,SELL,0.0010,10540000.000,2024-07-19 21:47:41.838
BTC,SELL,0.0003,10540000.000,2024-07-19 21:47:41.838
BTC,SELL,0.0187,10539580.000,2024-07-19 21:47:41.838
BTC,SELL,0.0001,10539050.000,2024-07-19 21:48:09.818
BTC,SELL,0.0999,10538520.000,2024-07-19 21:48:09.818
BTC,BUY,0.0001,10537991.000,2024-07-19 21:48:34.768
BTC,BUY,0.0001,10537845.000,2024-07-19 21:52:27.198
BTC,SELL,0.0001,10537460.000,2024-07-19 21:53:11.100
BTC,SELL,0.0001,10537000.000,2024-07-19 21:55:38.299
BTC,BUY,0.0047,10536401.000,2024-07-19 21:56:33.581
BTC,BUY,0.0004,10536960.000,2024-07-19 21:56:33.581
BTC,BUY,0.0200,10537001.000,2024-07-19 21:56:33.581
BTC,BUY,0.0179,10537408.000,2024-07-19 21:56:33.581
BTC,BUY,0.0440,10537896.000,2024-07-19 21:56:33.581
BTC,BUY,0.0010,10537991.000,2024-07-19 21:56:33.581
BTC,BUY,0.0100,10545173.000,2024-07-19 21:56:33.581
BTC,BUY,0.0020,10545174.000,2024-07-19 21:56:33.581
BTC,SELL,0.0200,10541700.000,2024-07-19 21:56:34.000
BTC,SELL,0.0100,10541700.000,2024-07-19 21:56:34.003
BTC,SELL,0.0199,10540110.000,2024-07-19 21:56:34.544
BTC,SELL,0.0199,10537460.000,2024-07-19 21:56:36.400
BTC,SELL,0.0142,10536930.000,2024-07-19 21:57:21.637
BTC,SELL,0.0920,10535870.000,2024-07-19 21:57:28.712
BTC,SELL,0.0199,10535340.000,2024-07-19 21:57:54.833
BTC,SELL,0.0001,10535340.000,2024-07-19 21:59:26.422
BTC,SELL,0.0100,10534281.000,2024-07-19 21:59:26.422
BTC,SELL,0.0239,10534280.000,2024-07-19 21:59:26.422
BTC,BUY,0.0075,10533751.000,2024-07-19 21:59:59.660
BTC,BUY,0.0008,10533751.000,2024-07-19 22:00:03.477
BTC,BUY,0.0001,10537520.000,2024-07-19 22:00:04.736
BTC,SELL,0.0374,10536400.000,2024-07-19 22:00:06.705
BTC,SELL,0.0199,10535340.000,2024-07-19 22:01:49.724
BTC,SELL,0.0199,10535340.000,2024-07-19 22:01:52.746
BTC,SELL,0.0199,10535340.000,2024-07-19 22:01:54.735
BTC,SELL,0.0199,10535340.000,2024-07-19 22:01:57.731
BTC,BUY,0.0001,10535340.000,2024-07-19 22:02:49.317
BTC,SELL,0.0010,10535339.000,2024-07-19 22:03:45.373
BTC,BUY,0.0001,10535340.000,2024-07-19 22:03:50.807
BTC,BUY,0.0004,10535340.000,2024-07-19 22:04:21.169
BTC,BUY,0.0005,10539920.000,2024-07-19 22:04:21.169
BTC,BUY,0.0001,10539708.000,2024-07-19 22:05:25.230
BTC,BUY,0.0199,10540000.000,2024-07-19 22:05:25.230
BTC,BUY,0.0031,10540000.000,2024-07-19 22:07:29.055
BTC,SELL,0.0100,10540425.000,2024-07-19 22:07:38.308
BTC,SELL,0.0010,10539601.000,2024-07-19 22:08:47.459
BTC,BUY,0.0100,10548738.000,2024-07-19 22:08:53.665
BTC,BUY,0.0170,10548831.000,2024-07-19 22:08:53.665
BTC,BUY,0.0004,10549043.000,2024-07-19 22:08:53.665
BTC,BUY,0.0100,10549919.000,2024-07-19 22:08:53.665
BTC,BUY,0.0119,10549920.000,2024-07-19 22:08:53.665
BTC,BUY,0.0022,10549999.000,2024-07-19 22:08:53.665
BTC,BUY,0.0100,10550000.000,2024-07-19 22:08:53.665
BTC,BUY,0.0500,10550000.000,2024-07-19 22:08:53.665
BTC,BUY,0.0002,10550000.000,2024-07-19 22:08:53.665
BTC,BUY,0.0002,10550104.000,2024-07-19 22:08:53.665
BTC,BUY,0.0149,10550107.000,2024-07-19 22:08:53.665
BTC,BUY,0.0002,10550636.000,2024-07-19 22:08:53.665
BTC,BUY,0.0001,10552567.000,2024-07-19 22:08:53.665
BTC,BUY,0.0001,10553288.000,2024-07-19 22:08:53.665
BTC,BUY,0.0728,10555000.000,2024-07-19 22:08:53.665
BTC,SELL,0.0137,10553360.000,2024-07-19 22:09:04.337
BTC,SELL,0.0137,10551240.000,2024-07-19 22:09:13.717
BTC,SELL,0.0199,10549650.000,2024-07-19 22:09:16.242
BTC,BUY,0.0005,10549331.000,2024-07-19 22:09:22.890
BTC,SELL,0.0373,10548060.000,2024-07-19 22:09:33.333
BTC,SELL,0.0199,10547000.000,2024-07-19 22:09:35.562
BTC,SELL,0.0827,10544880.000,2024-07-19 22:10:27.960
BTC,BUY,0.0001,10543291.000,2024-07-19 22:10:33.840
BTC,SELL,0.0099,10539580.000,2024-07-19 22:10:46.864
BTC,BUY,0.0002,10545285.000,2024-07-19 22:11:33.319
BTC,SELL,0.0105,10544351.000,2024-07-19 22:12:35.647
BTC,SELL,0.0160,10544350.000,2024-07-19 22:12:35.647
BTC,BUY,0.0097,10544059.000,2024-07-19 22:13:12.084
BTC,BUY,0.0003,10546999.000,2024-07-19 22:13:12.084
BTC,SELL,0.0373,10546470.000,2024-07-19 22:13:27.871
BTC,SELL,0.0373,10544880.000,2024-07-19 22:13:29.440
BTC,SELL,0.0142,10544350.000,2024-07-19 22:13:33.944
BTC,SELL,0.0199,10541700.000,2024-07-19 22:13:37.558
BTC,BUY,0.0001,10544455.000,2024-07-19 22:15:03.153
BTC,SELL,0.0300,10542760.000,2024-07-19 22:15:05.375
BTC,SELL,0.0099,10541700.000,2024-07-19 22:15:16.608
BTC,BUY,0.0020,10545413.000,2024-07-19 22:15:33.236
BTC,SELL,0.0099,10543820.000,2024-07-19 22:15:34.904
BTC,SELL,0.0001,10539793.000,2024-07-19 22:15:42.958
BTC,SELL,0.0049,10539747.000,2024-07-19 22:15:42.958
BTC,BUY,0.0024,10543081.000,2024-07-19 22:17:31.465
BTC,BUY,0.0010,10547472.000,2024-07-19 22:17:31.465
BTC,SELL,0.0142,10545940.000,2024-07-19 22:17:36.214
BTC,BUY,0.0100,10548522.000,2024-07-19 22:17:49.949
BTC,SELL,0.0200,10545410.000,2024-07-19 22:17:50.214
BTC,SELL,0.0100,10539846.000,2024-07-19 22:19:30.113
BTC,SELL,0.0001,10539845.000,2024-07-19 22:19:30.113
BTC,SELL,0.0010,10539600.000,2024-07-19 22:19:30.113
BTC,SELL,0.0043,10539580.000,2024-07-19 22:19:30.113
BTC,SELL,0.0005,10539050.000,2024-07-19 22:20:31.784
BTC,BUY,0.0001,10543102.000,2024-07-19 22:20:45.799
BTC,SELL,0.0001,10541701.000,2024-07-19 22:20:47.520
BTC,SELL,0.0099,10541700.000,2024-07-19 22:20:47.520
BTC,SELL,0.0081,10540640.000,2024-07-19 22:21:15.093
BTC,SELL,0.0099,10540110.000,2024-07-19 22:21:30.722
BTC,BUY,0.0100,10543421.000,2024-07-19 22:22:44.001
BTC,SELL,0.0373,10542230.000,2024-07-19 22:22:47.776
BTC,BUY,0.0002,10541860.000,2024-07-19 22:23:30.358
BTC,BUY,0.0020,10541012.000,2024-07-19 22:24:08.853
BTC,SELL,0.0006,10539580.000,2024-07-19 22:25:02.997
BTC,SELL,0.0079,10539050.000,2024-07-19 22:25:02.997
BTC,SELL,0.0001,10538520.000,2024-07-19 22:25:04.110
BTC,SELL,0.0372,10537990.000,2024-07-19 22:25:04.110
BTC,SELL,0.0002,10537990.000,2024-07-19 22:26:03.404
BTC,SELL,0.0072,10537460.000,2024-07-19 22:26:03.404
BTC,SELL,0.0050,10536401.000,2024-07-19 22:27:21.569
BTC,SELL,0.0001,10535870.000,2024-07-19 22:27:45.962
BTC,SELL,0.0050,10535889.000,2024-07-19 22:28:00.900
BTC,SELL,0.0010,10536294.000,2024-07-19 22:28:16.091
BTC,SELL,0.0050,10536294.000,2024-07-19 22:28:25.545
BTC,SELL,0.0020,10536294.000,2024-07-19 22:28:46.017
BTC,SELL,0.0270,10536294.000,2024-07-19 22:28:46.967
BTC,SELL,0.0001,10535870.000,2024-07-19 22:28:59.887
BTC,SELL,0.0039,10535500.000,2024-07-19 22:28:59.887
BTC,BUY,0.0001,10535682.000,2024-07-19 22:29:07.860
BTC,BUY,0.0001,10536000.000,2024-07-19 22:29:07.860
BTC,SELL,0.0011,10535500.000,2024-07-19 22:29:19.884
BTC,SELL,0.0720,10535500.000,2024-07-19 22:29:52.889
BTC,SELL,0.0002,10535000.000,2024-07-19 22:29:52.889
BTC,SELL,0.0278,10534810.000,2024-07-19 22:29:52.889
BTC,BUY,0.0030,10535682.000,2024-07-19 22:30:35.324
BTC,BUY,0.0001,10535000.000,2024-07-19 22:31:10.072
BTC,BUY,0.1500,10535000.000,2024-07-19 22:32:07.145
BTC,SELL,0.2000,10534810.000,2024-07-19 22:33:59.303
BTC,SELL,0.0001,10534708.000,2024-07-19 22:34:32.800
BTC,SELL,0.0001,10534000.000,2024-07-19 22:34:32.800
BTC,SELL,0.0001,10534000.000,2024-07-19 22:34:32.800
BTC,SELL,0.0097,10533750.000,2024-07-19 22:34:32.800
BTC,SELL,0.0228,10533220.000,2024-07-19 22:34:55.705
BTC,SELL,0.0001,10533220.000,2024-07-19 22:35:12.231
BTC,SELL,0.1499,10532160.000,2024-07-19 22:35:12.231
BTC,SELL,0.0004,10531895.000,2024-07-19 22:35:15.209
BTC,SELL,0.0096,10531630.000,2024-07-19 22:35:15.209
BTC,SELL,0.0200,10530040.000,2024-07-19 22:36:58.343
BTC,SELL,0.0010,10530000.000,2024-07-19 22:37:27.442
BTC,SELL,0.0003,10530000.000,2024-07-19 22:37:27.442
BTC,SELL,0.0087,10530000.000,2024-07-19 22:37:27.442
BTC,SELL,0.0001,10530459.000,2024-07-19 22:37:46.522
BTC,SELL,0.0002,10530459.000,2024-07-19 22:37:46.812
BTC,SELL,0.0001,10530720.000,2024-07-19 22:38:06.511
BTC,SELL,0.0001,10531840.000,2024-07-19 22:38:51.442
BTC,SELL,0.0100,10531630.000,2024-07-19 22:39:36.621
BTC,SELL,0.0500,10531105.000,2024-07-19 22:41:36.171
BTC,SELL,0.0250,10530040.000,2024-07-19 22:41:41.443
BTC,SELL,0.0009,10530045.000,2024-07-19 22:42:56.884
BTC,SELL,0.0013,10530000.000,2024-07-19 22:43:40.914
BTC,SELL,0.0013,10529920.000,2024-07-19 22:43:40.914
BTC,SELL,0.0374,10529510.000,2024-07-19 22:44:11.681
BTC,BUY,0.0050,10534181.000,2024-07-19 22:44:17.346
BTC,SELL,0.0050,10533751.000,2024-07-19 22:44:18.497
BTC,SELL,0.0135,10533750.000,2024-07-19 22:44:18.497
BTC,SELL,0.0088,10531630.000,2024-07-19 22:44:37.953
BTC,BUY,0.0002,10528698.000,2024-07-19 22:45:17.346
BTC,BUY,0.0001,10527470.000,2024-07-19 22:46:38.906
BTC,SELL,0.0001,10526000.000,2024-07-19 22:47:01.691
BTC,SELL,0.0099,10525687.000,2024-07-19 22:47:01.691
BTC,SELL,0.0320,10524725.000,2024-07-19 22:47:27.432
BTC,SELL,0.0200,10524606.000,2024-07-19 22:47:27.432
BTC,SELL,0.1480,10524210.000,2024-07-19 22:47:27.432
BTC,BUY,0.0021,10524576.000,2024-07-19 22:47:35.581
BTC,BUY,0.0028,10525000.000,2024-07-19 22:47:35.581
BTC,BUY,0.0001,10530115.000,2024-07-19 22:47:35.581
BTC,BUY,0.0050,10526861.000,2024-07-19 22:47:55.075
BTC,BUY,0.0050,10526861.000,2024-07-19 22:47:55.075
BTC,SELL,0.0090,10524210.000,2024-07-19 22:48:31.423
BTC,SELL,0.0001,10521030.000,2024-07-19 22:49:01.764
BTC,SELL,0.0003,10520000.000,2024-07-19 22:49:03.344
BTC,SELL,0.0010,10520000.000,2024-07-19 22:49:03.344
BTC,SELL,0.0050,10519524.000,2024-07-19 22:49:03.344
BTC,SELL,0.0036,10516260.000,2024-07-19 22:49:03.344
BTC,SELL,0.5000,10514670.000,2024-07-19 22:49:03.456
BTC,SELL,0.0010,10513610.000,2024-07-19 22:49:03.458
BTC,SELL,0.0010,10513610.000,2024-07-19 22:49:03.577
BTC,BUY,0.0020,10519994.000,2024-07-19 22:49:04.324
BTC,SELL,0.0199,10516790.000,2024-07-19 22:49:06.879
BTC,SELL,0.0199,10515730.000,2024-07-19 22:49:08.414
BTC,SELL,0.0199,10515200.000,2024-07-19 22:49:14.365
BTC,BUY,0.0001,10519395.000,2024-07-19 22:49:14.449
BTC,SELL,0.0002,10519288.000,2024-07-19 22:49:35.255
BTC,SELL,0.0199,10518380.000,2024-07-19 22:49:37.279
BTC,SELL,0.0730,10511886.000,2024-07-19 22:50:24.993
BTC,SELL,0.0529,10511490.000,2024-07-19 22:51:00.920
BTC,SELL,0.0033,10511380.000,2024-07-19 22:51:00.920
BTC,SELL,0.0020,10511020.000,2024-07-19 22:51:00.920
BTC,SELL,0.1335,10510960.000,2024-07-19 22:51:00.920
BTC,SELL,0.0050,10510901.000,2024-07-19 22:51:36.631
BTC,SELL,0.0550,10510900.000,2024-07-19 22:51:36.631
BTC,BUY,0.0100,10511886.000,2024-07-19 22:51:42.271
BTC,SELL,0.0075,10511490.000,2024-07-19 22:51:45.625
BTC,SELL,0.0010,10510765.000,2024-07-19 22:52:20.773
BTC,SELL,0.0003,10510000.000,2024-07-19 22:52:20.773
BTC,SELL,0.0010,10510000.000,2024-07-19 22:52:20.773
BTC,SELL,0.0177,10509900.000,2024-07-19 22:52:20.773
BTC,SELL,0.0002,10510000.000,2024-07-19 22:52:30.405
BTC,SELL,0.0001,10509900.000,2024-07-19 22:52:47.946
BTC,SELL,0.0001,10509485.000,2024-07-19 22:52:47.946
BTC,SELL,0.0705,10509370.000,2024-07-19 22:53:21.716
BTC,SELL,0.0001,10508001.000,2024-07-19 22:53:25.289
BTC,SELL,0.0116,10507780.000,2024-07-19 22:53:25.289
BTC,SELL,0.0010,10507780.000,2024-07-19 22:53:25.355
BTC,BUY,0.0005,10508082.000,2024-07-19 22:53:43.429
BTC,SELL,0.0010,10504600.000,2024-07-19 22:53:59.162
BTC,SELL,0.0010,10504600.000,2024-07-19 22:53:59.239
BTC,SELL,0.0055,10503010.000,2024-07-19 22:54:13.124
BTC,SELL,0.0100,10501950.000,2024-07-19 22:54:30.717
BTC,SELL,0.0020,10501000.000,2024-07-19 22:54:39.931
BTC,SELL,0.0003,10500000.000,2024-07-19 22:54:39.931
BTC,SELL,0.0009,10500000.000,2024-07-19 22:54:39.931
BTC,SELL,0.0001,10500000.000,2024-07-19 22:54:39.931
BTC,SELL,0.0100,10500000.000,2024-07-19 22:54:39.931
BTC,SELL,0.0100,10500000.000,2024-07-19 22:54:39.931
BTC,SELL,0.0010,10500000.000,2024-07-19 22:54:39.931
BTC,SELL,0.0001,10500000.000,2024-07-19 22:54:39.931
BTC,SELL,0.0001,10500000.000,2024-07-19 22:54:39.931
BTC,SELL,0.0080,10499442.000,2024-07-19 22:54:40.016
BTC,SELL,0.0320,10498770.000,2024-07-19 22:54:40.016
BTC,SELL,0.4680,10498770.000,2024-07-19 22:54:40.020
BTC,SELL,0.0320,10495060.000,2024-07-19 22:54:40.020
BTC,SELL,0.0006,10495065.000,2024-07-19 22:54:41.523
BTC,SELL,0.0284,10494530.000,2024-07-19 22:55:15.059
BTC,SELL,0.0002,10493999.000,2024-07-19 22:55:33.218
BTC,SELL,0.0239,10493470.000,2024-07-19 22:55:33.218
BTC,BUY,0.0100,10493000.000,2024-07-19 22:56:57.386
BTC,BUY,0.0100,10493000.000,2024-07-19 22:57:01.017
BTC,BUY,0.0100,10493000.000,2024-07-19 22:57:03.233
BTC,SELL,0.0320,10492900.000,2024-07-19 22:57:04.207
BTC,BUY,0.0100,10493000.000,2024-07-19 22:57:04.864
BTC,BUY,0.0100,10493000.000,2024-07-19 22:57:14.354
BTC,BUY,0.0680,10493000.000,2024-07-19 22:57:39.045
BTC,SELL,0.0200,10492901.000,2024-07-19 22:57:52.152
BTC,SELL,0.0200,10492901.000,2024-07-19 22:57:52.152
BTC,SELL,0.0093,10492410.000,2024-07-19 22:57:52.152
BTC,BUY,0.0004,10493000.000,2024-07-19 22:59:09.696
BTC,SELL,0.0200,10492999.000,2024-07-19 22:59:09.812
BTC,SELL,0.0200,10492464.000,2024-07-19 22:59:09.812
BTC,SELL,0.0001,10492410.000,2024-07-19 22:59:09.812
BTC,SELL,0.0012,10491880.000,2024-07-19 22:59:53.690
BTC,SELL,0.0001,10491350.000,2024-07-19 22:59:53.690
BTC,SELL,0.0187,10490820.000,2024-07-19 22:59:53.690
BTC,BUY,0.0001,10492000.000,2024-07-19 23:00:10.392
BTC,SELL,0.0001,10491999.000,2024-07-19 23:00:14.703
BTC,BUY,0.0100,10492000.000,2024-07-19 23:00:25.395
BTC,BUY,0.0001,10492000.000,2024-07-19 23:00:26.502
BTC,BUY,0.0006,10492000.000,2024-07-19 23:00:29.740
BTC,BUY,0.0200,10492000.000,2024-07-19 23:00:31.089
BTC,BUY,0.0100,10492000.000,2024-07-19 23:00:33.461
BTC,BUY,0.0002,10492000.000,2024-07-19 23:00:38.510
BTC,BUY,0.0100,10492000.000,2024-07-19 23:00:38.640
BTC,BUY,0.0001,10492000.000,2024-07-19 23:00:39.323
BTC,BUY,0.0004,10492000.000,2024-07-19 23:00:40.103
BTC,SELL,0.0009,10491999.000,2024-07-19 23:00:41.670
BTC,BUY,0.0002,10492000.000,2024-07-19 23:00:41.849
BTC,BUY,0.0082,10492000.000,2024-07-19 23:00:42.124
BTC,BUY,0.3816,10493000.000,2024-07-19 23:00:42.124
BTC,BUY,0.0005,10500000.000,2024-07-19 23:00:46.519
BTC,SELL,0.0100,10499830.000,2024-07-19 23:00:48.169
BTC,BUY,0.0005,10500000.000,2024-07-19 23:01:02.339
BTC,BUY,0.0005,10500000.000,2024-07-19 23:01:49.203
BTC,BUY,0.0005,10500000.000,2024-07-19 23:02:01.038
BTC,BUY,0.0039,10507063.000,2024-07-19 23:02:01.038
BTC,BUY,0.0056,10510000.000,2024-07-19 23:02:01.038
BTC,BUY,0.0001,10509894.000,2024-07-19 23:02:45.447
BTC,SELL,0.0018,10509999.000,2024-07-19 23:04:34.465
BTC,BUY,0.0044,10510000.000,2024-07-19 23:05:07.793
BTC,BUY,0.0001,10510000.000,2024-07-19 23:05:07.793
BTC,BUY,0.0002,10515196.000,2024-07-19 23:05:18.725
BTC,BUY,0.0100,10518000.000,2024-07-19 23:05:51.286
BTC,BUY,0.0005,10519289.000,2024-07-19 23:05:51.286
BTC,BUY,0.0001,10520000.000,2024-07-19 23:05:51.286
BTC,BUY,0.0002,10522505.000,2024-07-19 23:05:51.286
BTC,BUY,0.0106,10522689.000,2024-07-19 23:05:51.286
BTC,BUY,0.0086,10528414.000,2024-07-19 23:05:51.286
BTC,BUY,0.0725,10527681.000,2024-07-19 23:05:58.938
BTC,SELL,0.3898,10527390.000,2024-07-19 23:06:00.807
BTC,SELL,0.0050,10526861.000,2024-07-19 23:06:10.386
BTC,BUY,0.0001,10527053.000,2024-07-19 23:06:11.937
BTC,BUY,0.0001,10526485.000,2024-07-19 23:06:32.542
BTC,BUY,0.0063,10525890.000,2024-07-19 23:07:25.717
BTC,BUY,0.0060,10525891.000,2024-07-19 23:07:25.717
BTC,BUY,0.0041,10525892.000,2024-07-19 23:07:25.717
BTC,BUY,0.0236,10526000.000,2024-07-19 23:07:25.717
BTC,BUY,0.0001,10525894.000,2024-07-19 23:07:26.489
BTC,SELL,0.2264,10525270.000,2024-07-19 23:07:30.144
BTC,SELL,0.0050,10524211.000,2024-07-19 23:07:34.898
BTC,BUY,0.0050,10524105.000,2024-07-19 23:07:43.993
BTC,BUY,0.0002,10519972.000,2024-07-19 23:08:16.330
BTC,BUY,0.0008,10523576.000,2024-07-19 23:08:16.330
BTC,BUY,0.0002,10525000.000,2024-07-19 23:08:23.385
BTC,BUY,0.0008,10527479.000,2024-07-19 23:08:23.385
BTC,BUY,0.0002,10527258.000,2024-07-19 23:08:35.259
BTC,SELL,0.0020,10525270.000,2024-07-19 23:08:45.457
BTC,BUY,0.0001,10527143.000,2024-07-19 23:08:45.695
BTC,SELL,0.0500,10525270.000,2024-07-19 23:08:47.779
BTC,SELL,0.0005,10522620.000,2024-07-19 23:10:03.073
BTC,SELL,0.0003,10521565.000,2024-07-19 23:12:01.005
BTC,BUY,0.0001,10526460.000,2024-07-19 23:12:28.290
BTC,SELL,0.0009,10521153.000,2024-07-19 23:15:21.873
BTC,BUY,0.0002,10526036.000,2024-07-19 23:16:17.337
BTC,BUY,0.0001,10526354.000,2024-07-19 23:16:21.435
BTC,SELL,0.0200,10525800.000,2024-07-19 23:17:08.773
BTC,SELL,0.0100,10525800.000,2024-07-19 23:17:08.878
BTC,SELL,0.0400,10525270.000,2024-07-19 23:17:13.632
BTC,SELL,0.0100,10524210.000,2024-07-19 23:17:27.122
BTC,SELL,0.0100,10522090.000,2024-07-19 23:17:45.565
BTC,SELL,0.0100,10519970.000,2024-07-19 23:19:51.932
BTC,SELL,0.0133,10518910.000,2024-07-19 23:19:53.135
BTC,SELL,0.0147,10518380.000,2024-07-19 23:20:20.972
BTC,BUY,0.0285,10518686.000,2024-07-19 23:20:35.542
BTC,SELL,0.0100,10518380.000,2024-07-19 23:20:40.163
BTC,SELL,0.0100,10518380.000,2024-07-19 23:20:40.166
BTC,SELL,0.0100,10515730.000,2024-07-19 23:22:01.737
BTC,SELL,0.0199,10515200.000,2024-07-19 23:22:07.343
BTC,SELL,0.0199,10514670.000,2024-07-19 23:22:10.238
BTC,BUY,0.0001,10515851.000,2024-07-19 23:22:29.904
BTC,SELL,0.0199,10514670.000,2024-07-19 23:22:34.732
BTC,BUY,0.0030,10513611.000,2024-07-19 23:23:22.049
BTC,SELL,0.0010,10512020.000,2024-07-19 23:23:45.876
BTC,SELL,0.4000,10511490.000,2024-07-19 23:24:30.278
BTC,BUY,0.0001,10510798.000,2024-07-19 23:25:08.821
BTC,BUY,0.0001,10510431.000,2024-07-19 23:25:12.079
BTC,SELL,0.0002,10510000.000,2024-07-19 23:25:27.667
BTC,SELL,0.0001,10509900.000,2024-07-19 23:25:27.667
BTC,SELL,0.0001,10509370.000,2024-07-19 23:25:27.667
BTC,SELL,0.0496,10508840.000,2024-07-19 23:25:27.667
BTC,SELL,0.0300,10508840.000,2024-07-19 23:25:27.761
BTC,SELL,0.0009,10508312.000,2024-07-19 23:26:59.300
BTC,SELL,0.0019,10507782.000,2024-07-19 23:27:15.778
BTC,SELL,0.0070,10507252.000,2024-07-19 23:27:25.711
BTC,SELL,0.0030,10507251.000,2024-07-19 23:27:25.711
BTC,SELL,0.0030,10507000.000,2024-07-19 23:29:03.254
BTC,SELL,0.1604,10506720.000,2024-07-19 23:29:03.254
BTC,SELL,0.1416,10506190.000,2024-07-19 23:29:03.254
BTC,BUY,0.0003,10506699.000,2024-07-19 23:29:41.720
BTC,BUY,0.0001,10506379.000,2024-07-19 23:30:10.869
BTC,BUY,0.0010,10505661.000,2024-07-19 23:30:15.543
BTC,SELL,0.0002,10503540.000,2024-07-19 23:30:20.282
BTC,BUY,0.0010,10505661.000,2024-07-19 23:30:22.134
BTC,SELL,0.1000,10503540.000,2024-07-19 23:30:30.834
BTC,BUY,0.0005,10505341.000,2024-07-19 23:30:35.563
BTC,BUY,0.0001,10504601.000,2024-07-19 23:30:43.250
BTC,BUY,0.0001,10504315.000,2024-07-19 23:30:50.884
BTC,BUY,0.0001,10504314.000,2024-07-19 23:30:59.393
BTC,SELL,0.0227,10502480.000,2024-07-19 23:31:52.407
BTC,SELL,0.0090,10501950.000,2024-07-19 23:31:52.407
BTC,BUY,0.0001,10502507.000,2024-07-19 23:33:05.721
BTC,BUY,0.0001,10501973.000,2024-07-19 23:34:46.415
BTC,SELL,0.0375,10501420.000,2024-07-19 23:35:50.352
BTC,SELL,0.0099,10499300.000,2024-07-19 23:37:44.701
BTC,BUY,0.0040,10499091.000,2024-07-19 23:38:34.377
BTC,SELL,0.6000,10496120.000,2024-07-19 23:40:36.355
BTC,BUY,0.0085,10496235.000,2024-07-19 23:42:09.348
BTC,BUY,0.0015,10498029.000,2024-07-19 23:42:09.348
BTC,BUY,0.0001,10496129.000,2024-07-19 23:42:19.669
BTC,SELL,0.0100,10495060.000,2024-07-19 23:43:05.823
BTC,SELL,0.0002,10494000.000,2024-07-19 23:43:24.545
BTC,SELL,0.0768,10492940.000,2024-07-19 23:43:24.545
BTC,BUY,0.0005,10493840.000,2024-07-19 23:43:52.993
BTC,BUY,0.0001,10493565.000,2024-07-19 23:44:42.996
BTC,BUY,0.0001,10493320.000,2024-07-19 23:47:07.571
BTC,BUY,0.0001,10493320.000,2024-07-19 23:47:19.118
BTC,SELL,0.0002,10491999.000,2024-07-19 23:47:21.460
BTC,SELL,0.0475,10491999.000,2024-07-19 23:47:21.460
BTC,BUY,0.0010,10493215.000,2024-07-19 23:47:25.103
BTC,BUY,0.0005,10495000.000,2024-07-19 23:47:25.103
BTC,BUY,0.0033,10499920.000,2024-07-19 23:47:25.103
BTC,SELL,0.0028,10495600.000,2024-07-19 23:48:19.355
BTC,BUY,0.0001,10497795.000,2024-07-19 23:48:34.556
BTC,BUY,0.0001,10497572.000,2024-07-19 23:49:23.301
BTC,BUY,0.0001,10497500.000,2024-07-19 23:49:36.041
BTC,BUY,0.0001,10497500.000,2024-07-19 23:49:44.179
BTC,BUY,0.0001,10497500.000,2024-07-19 23:49:50.312
BTC,BUY,0.0002,10497500.000,2024-07-19 23:49:56.127
BTC,BUY,0.0001,10497290.000,2024-07-19 23:50:06.734
BTC,BUY,0.0001,10497500.000,2024-07-19 23:50:06.734
BTC,BUY,0.0001,10497290.000,2024-07-19 23:50:09.267
BTC,SELL,0.0095,10496720.000,2024-07-19 23:50:20.488
BTC,SELL,0.0320,10496720.000,2024-07-19 23:50:20.488
BTC,SELL,0.0001,10496650.000,2024-07-19 23:50:20.488
BTC,SELL,0.0084,10496120.000,2024-07-19 23:50:20.488
BTC,BUY,0.0001,10497395.000,2024-07-19 23:50:21.660
BTC,BUY,0.0001,10497500.000,2024-07-19 23:50:21.660
BTC,BUY,0.0001,10497395.000,2024-07-19 23:50:25.969
BTC,BUY,0.0003,10497500.000,2024-07-19 23:50:25.969
BTC,BUY,0.0001,10497290.000,2024-07-19 23:50:31.274
BTC,BUY,0.0092,10497500.000,2024-07-19 23:50:31.274
BTC,BUY,0.0002,10497500.000,2024-07-19 23:50:41.709
BTC,SELL,0.0196,10497180.000,2024-07-19 23:50:46.564
BTC,BUY,0.0001,10496848.000,2024-07-19 23:51:42.620
BTC,BUY,0.0001,10496720.000,2024-07-19 23:51:48.734
BTC,BUY,0.0001,10496741.000,2024-07-19 23:51:55.615
BTC,BUY,0.0001,10496530.000,2024-07-19 23:52:13.399
BTC,BUY,0.0001,10496962.000,2024-07-19 23:52:25.598
BTC,SELL,0.0003,10496650.000,2024-07-19 23:52:32.500
BTC,BUY,0.0001,10496857.000,2024-07-19 23:52:33.110
BTC,BUY,0.0001,10499894.000,2024-07-19 23:52:40.428
BTC,SELL,0.0010,10497710.000,2024-07-19 23:52:41.989
BTC,BUY,0.0001,10499684.000,2024-07-19 23:53:05.698
BTC,BUY,0.0001,10499263.000,2024-07-19 23:53:39.886
BTC,BUY,0.0001,10498366.000,2024-07-19 23:53:55.897
BTC,BUY,0.0005,10497015.000,2024-07-19 23:54:10.760
BTC,BUY,0.0010,10495630.000,2024-07-19 23:55:04.270
BTC,SELL,0.2721,10494000.000,2024-07-19 23:57:15.192
BTC,BUY,0.0100,10498240.000,2024-07-19 23:57:53.783
BTC,SELL,0.0002,10495590.000,2024-07-19 23:58:15.098
BTC,SELL,0.0047,10494000.000,2024-07-19 23:58:17.137
BTC,BUY,0.0001,10497360.000,2024-07-19 23:58:33.985
BTC,SELL,0.0010,10496120.000,2024-07-19 23:58:35.861
BTC,BUY,0.0001,10497810.000,2024-07-19 23:58:54.798
BTC,BUY,0.0010,10497930.000,2024-07-19 23:59:14.981
BTC,SELL,0.0001,10495000.000,2024-07-19 23:59:30.377
BTC,SELL,0.0009,10493470.000,2024-07-19 23:59:30.377
BTC,SELL,0.0001,10490003.000,2024-07-20 02:10:04.696
BTC,SELL,0.0003,10490000.000,2024-07-20 02:10:04.696
BTC,SELL,0.0010,10490000.000,2024-07-20 02:10:04.696
BTC,SELL,0.0005,10490000.000,2024-07-20 02:10:04.696
BTC,SELL,0.0125,10489280.000,2024-07-20 02:10:05.254
BTC,SELL,0.0150,10487480.000,2024-07-20 02:10:05.623
BTC,SELL,0.0350,10482341.000,2024-07-20 02:10:05.623
BTC,SELL,0.0050,10482341.000,2024-07-20 02:10:05.670
BTC,SELL,0.0001,10481609.000,2024-07-20 02:10:05.670
BTC,SELL,0.0003,10480000.000,2024-07-20 02:10:05.670
BTC,SELL,0.0009,10480000.000,2024-07-20 02:10:05.670
BTC,SELL,0.0001,10480000.000,2024-07-20 02:10:05.670
BTC,SELL,0.0010,10480000.000,2024-07-20 02:10:05.670
BTC,SELL,0.0010,10480000.000,2024-07-20 02:10:05.670
BTC,SELL,0.0200,10479300.000,2024-07-20 02:10:05.670
BTC,SELL,0.0010,10477244.000,2024-07-20 02:10:05.670
BTC,SELL,0.0030,10475000.000,2024-07-20 02:10:05.670
BTC,SELL,0.0003,10470000.000,2024-07-20 02:10:05.670
BTC,SELL,0.0020,10470000.000,2024-07-20 02:10:05.670
BTC,SELL,0.0001,10470000.000,2024-07-20 02:10:05.670
BTC,SELL,0.0010,10470000.000,2024-07-20 02:10:05.670
BTC,SELL,0.0010,10466440.000,2024-07-20 02:10:05.670
BTC,SELL,0.0003,10465000.000,2024-07-20 02:10:05.670
BTC,SELL,0.0050,10464850.000,2024-07-20 02:10:05.670
BTC,SELL,0.0010,10464000.000,2024-07-20 02:10:05.670
BTC,SELL,0.0003,10460000.000,2024-07-20 02:10:05.670
BTC,SELL,0.0001,10460000.000,2024-07-20 02:10:05.670
BTC,SELL,0.0010,10460000.000,2024-07-20 02:10:05.670
BTC,SELL,0.0010,10460000.000,2024-07-20 02:10:05.670
BTC,SELL,0.0545,10460000.000,2024-07-20 02:10:05.670
BTC,SELL,0.0400,10460000.000,2024-07-20 02:10:06.095
BTC,SELL,0.0055,10460000.000,2024-07-20 02:10:06.411
BTC,SELL,0.0001,10460000.000,2024-07-20 02:10:06.411
BTC,SELL,0.0001,10455000.000,2024-07-20 02:10:06.687
BTC,SELL,0.0099,10453772.000,2024-07-20 02:10:06.687
BTC,SELL,0.0648,10453772.000,2024-07-20 02:10:09.154
BTC,BUY,0.0003,10452681.000,2024-07-20 02:10:13.504
BTC,SELL,0.0400,10451724.000,2024-07-20 02:10:16.946
BTC,BUY,0.0017,10451680.000,2024-07-20 02:10:19.154
BTC,SELL,0.0045,10451877.000,2024-07-20 02:10:22.027
BTC,SELL,0.0200,10451877.000,2024-07-20 02:10:22.030
BTC,SELL,0.0755,10451877.000,2024-07-20 02:10:23.016
BTC,SELL,0.0003,10450000.000,2024-07-20 02:10:23.016
BTC,SELL,0.0008,10450000.000,2024-07-20 02:10:23.016
BTC,SELL,0.0001,10450000.000,2024-07-20 02:10:23.016
BTC,SELL,0.0200,10450000.000,2024-07-20 02:10:23.016
BTC,SELL,0.0100,10450000.000,2024-07-20 02:10:23.016
BTC,SELL,0.0010,10450000.000,2024-07-20 02:10:23.016
BTC,SELL,0.0100,10449480.000,2024-07-20 02:10:23.104
BTC,SELL,0.0001,10449480.000,2024-07-20 02:10:23.108
BTC,SELL,0.0100,10449480.000,2024-07-20 02:10:23.110
BTC,SELL,0.0200,10446300.000,2024-07-20 02:10:27.639
BTC,SELL,0.0020,10444110.000,2024-07-20 02:10:29.027
BTC,SELL,0.0002,10449609.000,2024-07-20 02:10:30.449
BTC,SELL,0.0013,10444110.000,2024-07-20 02:10:30.449
BTC,SELL,0.2985,10443650.000,2024-07-20 02:10:30.449
BTC,BUY,0.0001,10449840.000,2024-07-20 02:10:33.266
BTC,SELL,0.0002,10449919.000,2024-07-20 02:10:39.279
BTC,SELL,0.0198,10449480.000,2024-07-20 02:10:39.279
BTC,SELL,0.0200,10449480.000,2024-07-20 02:10:39.283
BTC,SELL,0.0002,10449999.000,2024-07-20 02:10:42.023
BTC,BUY,0.1000,10450000.000,2024-07-20 02:10:46.982
BTC,SELL,0.0002,10449999.000,2024-07-20 02:10:47.536
BTC,SELL,0.0116,10449480.000,2024-07-20 02:10:47.536
BTC,SELL,0.0999,10448950.000,2024-07-20 02:11:06.156
BTC,SELL,0.0190,10446320.000,2024-07-20 02:11:10.552
BTC,SELL,0.0015,10446310.000,2024-07-20 02:11:12.551
BTC,SELL,0.0999,10445770.000,2024-07-20 02:11:17.774
BTC,SELL,0.0070,10442595.000,2024-07-20 02:11:19.010
BTC,SELL,0.0386,10442590.000,2024-07-20 02:11:19.010
BTC,SELL,0.0070,10442060.000,2024-07-20 02:11:19.531
BTC,SELL,0.0109,10442060.000,2024-07-20 02:11:20.296
BTC,SELL,0.0038,10441530.000,2024-07-20 02:11:20.296
BTC,SELL,0.0199,10441000.000,2024-07-20 02:11:26.920
BTC,SELL,0.0199,10440470.000,2024-07-20 02:11:31.390
BTC,SELL,0.0003,10440000.000,2024-07-20 02:11:33.451
BTC,SELL,0.0020,10440000.000,2024-07-20 02:11:33.451
BTC,SELL,0.0001,10440000.000,2024-07-20 02:11:33.451
BTC,SELL,0.0010,10440000.000,2024-07-20 02:11:33.451
BTC,SELL,0.0067,10440000.000,2024-07-20 02:11:33.451
BTC,SELL,0.0033,10440000.000,2024-07-20 02:11:39.021
BTC,SELL,0.0002,10440000.000,2024-07-20 02:11:39.021
BTC,SELL,0.0903,10439410.000,2024-07-20 02:11:39.021
BTC,SELL,0.1580,10438880.000,2024-07-20 02:11:39.021
BTC,SELL,0.0099,10442292.000,2024-07-20 02:11:51.219
BTC,BUY,0.0020,10450000.000,2024-07-20 02:12:17.833
BTC,SELL,0.0148,10447361.000,2024-07-20 02:12:40.691
BTC,SELL,0.0041,10447361.000,2024-07-20 02:12:44.517
BTC,BUY,0.0001,10450000.000,2024-07-20 02:12:47.459
BTC,BUY,0.0010,10450000.000,2024-07-20 02:13:03.737
BTC,SELL,0.0122,10449480.000,2024-07-20 02:13:14.653
BTC,SELL,0.1000,10448950.000,2024-07-20 02:13:32.501
BTC,BUY,0.0015,10459835.000,2024-07-20 02:13:58.738
BTC,BUY,0.0002,10460000.000,2024-07-20 02:13:58.738
BTC,BUY,0.0083,10460040.000,2024-07-20 02:13:58.738
BTC,SELL,0.0050,10460039.000,2024-07-20 02:14:01.064
BTC,SELL,0.0144,10455310.000,2024-07-20 02:14:01.064
BTC,SELL,0.0100,10454780.000,2024-07-20 02:14:32.734
BTC,BUY,0.0001,10455000.000,2024-07-20 02:14:34.833
BTC,BUY,0.0100,10455000.000,2024-07-20 02:14:35.671
BTC,SELL,0.0049,10455000.000,2024-07-20 02:14:47.029
BTC,SELL,0.0001,10455000.000,2024-07-20 02:14:52.551
BTC,SELL,0.0001,10454780.000,2024-07-20 02:14:52.551
BTC,SELL,0.0008,10454250.000,2024-07-20 02:14:52.551
BTC,SELL,0.0009,10453720.000,2024-07-20 02:14:58.026
BTC,SELL,0.0047,10453190.000,2024-07-20 02:15:05.029
BTC,SELL,0.0010,10452660.000,2024-07-20 02:15:08.528
BTC,SELL,0.0010,10452130.000,2024-07-20 02:15:23.005
BTC,SELL,0.0002,10451600.000,2024-07-20 02:15:26.495
BTC,SELL,0.0100,10451071.000,2024-07-20 02:15:31.131
BTC,BUY,0.0010,10452130.000,2024-07-20 02:15:39.874
BTC,SELL,0.0006,10451600.000,2024-07-20 02:15:43.526
BTC,SELL,0.0010,10451080.000,2024-07-20 02:15:49.021
BTC,SELL,0.0004,10451080.000,2024-07-20 02:16:03.526
BTC,BUY,0.0006,10468960.000,2024-07-20 02:16:07.604
BTC,BUY,0.0094,10468999.000,2024-07-20 02:16:07.604
BTC,SELL,0.0009,10459550.000,2024-07-20 02:16:09.042
BTC,BUY,0.0020,10468999.000,2024-07-20 02:16:13.316
BTC,BUY,0.0004,10469999.000,2024-07-20 02:16:24.741
BTC,SELL,0.0108,10459551.000,2024-07-20 02:16:25.032
BTC,SELL,0.0011,10459020.000,2024-07-20 02:16:41.041
BTC,SELL,0.1000,10458490.000,2024-07-20 02:16:44.017
BTC,BUY,0.0005,10460000.000,2024-07-20 02:16:49.077
BTC,BUY,0.0010,10460000.000,2024-07-20 02:16:53.165
BTC,SELL,0.0013,10459999.000,2024-07-20 02:17:43.552
BTC,SELL,0.0020,10459999.000,2024-07-20 02:17:50.555
BTC,BUY,0.0001,10460000.000,2024-07-20 02:18:14.737
BTC,BUY,0.0001,10460000.000,2024-07-20 02:18:18.164
BTC,SELL,0.0016,10459999.000,2024-07-20 02:18:20.022
BTC,BUY,0.0200,10460000.000,2024-07-20 02:18:41.814
BTC,BUY,0.0001,10460000.000,2024-07-20 02:18:53.683
BTC,SELL,0.0007,10459999.000,2024-07-20 02:18:54.028
BTC,BUY,0.0018,10460000.000,2024-07-20 02:18:58.186
BTC,BUY,0.0100,10460000.000,2024-07-20 02:19:25.586
BTC,BUY,0.0100,10460000.000,2024-07-20 02:19:35.693
BTC,BUY,0.0100,10460000.000,2024-07-20 02:19:39.474
BTC,BUY,0.0200,10460000.000,2024-07-20 02:19:41.255
BTC,BUY,0.0100,10460000.000,2024-07-20 02:19:52.629
BTC,BUY,0.0010,10460000.000,2024-07-20 02:19:56.473
BTC,BUY,0.0100,10460000.000,2024-07-20 02:19:58.574
BTC,BUY,0.0200,10460000.000,2024-07-20 02:20:00.083
BTC,BUY,0.0010,10460000.000,2024-07-20 02:20:26.568
BTC,BUY,0.0100,10460000.000,2024-07-20 02:21:09.437
BTC,BUY,0.0100,10460000.000,2024-07-20 02:21:10.092
BTC,SELL,0.0010,10459999.000,2024-07-20 02:21:11.360
BTC,BUY,0.0100,10460000.000,2024-07-20 02:21:14.904
BTC,BUY,0.0002,10460000.000,2024-07-20 02:21:16.605
BTC,BUY,0.0001,10460000.000,2024-07-20 02:21:17.694
BTC,BUY,0.0100,10460000.000,2024-07-20 02:21:17.950
BTC,BUY,0.0008,10460000.000,2024-07-20 02:21:18.645
BTC,BUY,0.0002,10460000.000,2024-07-20 02:21:20.384
BTC,BUY,0.0002,10460000.000,2024-07-20 02:21:21.163
BTC,SELL,0.0034,10459999.000,2024-07-20 02:21:25.834
BTC,SELL,0.0010,10459999.000,2024-07-20 02:21:25.834
BTC,SELL,0.0013,10459999.000,2024-07-20 02:21:25.834
BTC,SELL,0.0100,10459999.000,2024-07-20 02:21:25.834
BTC,SELL,0.0200,10459999.000,2024-07-20 02:21:25.834
BTC,SELL,0.0200,10459999.000,2024-07-20 02:21:25.834
BTC,SELL,0.0125,10459920.000,2024-07-20 02:21:25.834
BTC,SELL,0.0318,10459550.000,2024-07-20 02:21:25.834
BTC,BUY,0.0003,10460000.000,2024-07-20 02:21:54.413
BTC,BUY,0.0100,10460000.000,2024-07-20 02:21:54.803
BTC,BUY,0.0006,10460000.000,2024-07-20 02:21:56.151
BTC,BUY,0.0006,10460000.000,2024-07-20 02:21:57.015
BTC,BUY,0.0100,10460000.000,2024-07-20 02:21:57.106
BTC,BUY,0.0100,10460000.000,2024-07-20 02:22:00.074
BTC,BUY,0.0002,10460000.000,2024-07-20 02:22:00.720
BTC,BUY,0.0100,10460000.000,2024-07-20 02:22:01.329
BTC,BUY,0.0001,10460000.000,2024-07-20 02:22:02.312
BTC,BUY,0.0001,10460000.000,2024-07-20 02:22:03.086
BTC,BUY,0.0008,10460000.000,2024-07-20 02:22:04.433
BTC,BUY,0.0016,10460000.000,2024-07-20 02:22:08.402
BTC,SELL,0.0022,10459999.000,2024-07-20 02:22:09.013
BTC,BUY,0.0957,10460000.000,2024-07-20 02:22:09.237
BTC,SELL,0.0071,10461150.000,2024-07-20 02:22:37.051
BTC,SELL,0.0011,10460801.000,2024-07-20 02:23:50.195
BTC,SELL,0.0055,10460610.000,2024-07-20 02:24:17.047
BTC,SELL,0.0003,10460080.000,2024-07-20 02:24:22.539
BTC,BUY,0.0076,10464950.000,2024-07-20 02:24:27.097
BTC,BUY,0.0002,10465000.000,2024-07-20 02:24:27.097
BTC,BUY,0.0017,10468999.000,2024-07-20 02:24:27.097
BTC,BUY,0.0005,10469060.000,2024-07-20 02:24:27.097
BTC,SELL,0.0565,10468560.000,2024-07-20 02:24:51.685
BTC,SELL,0.0002,10468030.000,2024-07-20 02:25:02.520
BTC,SELL,0.0376,10467500.000,2024-07-20 02:25:09.458
BTC,SELL,0.0376,10466970.000,2024-07-20 02:25:13.453
BTC,SELL,0.0100,10466440.000,2024-07-20 02:25:25.115
BTC,BUY,0.0780,10467208.000,2024-07-20 02:25:26.943
BTC,BUY,0.0400,10467321.000,2024-07-20 02:25:26.943
BTC,BUY,0.0500,10468490.000,2024-07-20 02:25:26.943
BTC,BUY,0.0010,10470000.000,2024-07-20 02:25:26.943
BTC,SELL,0.0090,10468560.000,2024-07-20 02:25:27.190
BTC,SELL,0.0200,10468030.000,2024-07-20 02:25:35.912
BTC,SELL,0.0002,10467500.000,2024-07-20 02:25:56.030
BTC,BUY,0.0001,10470000.000,2024-07-20 02:25:57.424
BTC,BUY,0.0001,10472552.000,2024-07-20 02:25:57.424
BTC,BUY,0.0200,10473189.000,2024-07-20 02:25:57.424
BTC,BUY,0.0200,10473189.000,2024-07-20 02:25:57.424
BTC,BUY,0.0500,10473190.000,2024-07-20 02:25:57.424
BTC,BUY,0.0400,10473200.000,2024-07-20 02:25:57.424
BTC,SELL,0.0400,10471210.000,2024-07-20 02:25:57.722
BTC,SELL,0.0001,10470680.000,2024-07-20 02:25:59.389
BTC,BUY,0.0100,10470681.000,2024-07-20 02:25:59.504
BTC,BUY,0.0300,10474060.000,2024-07-20 02:25:59.504
BTC,BUY,0.0002,10475000.000,2024-07-20 02:25:59.898
BTC,SELL,0.0012,10473330.000,2024-07-20 02:26:01.556
BTC,SELL,0.0158,10472800.000,2024-07-20 02:26:04.161
BTC,BUY,0.0125,10477520.000,2024-07-20 02:26:06.033
BTC,BUY,0.0125,10478090.000,2024-07-20 02:26:06.436
BTC,BUY,0.0729,10478090.000,2024-07-20 02:26:06.523
BTC,BUY,0.0135,10478130.000,2024-07-20 02:26:06.523
BTC,BUY,0.0729,10478240.000,2024-07-20 02:26:06.866
BTC,SELL,0.0376,10475980.000,2024-07-20 02:26:07.245
BTC,SELL,0.0200,10475450.000,2024-07-20 02:26:09.946
BTC,SELL,0.0018,10474920.000,2024-07-20 02:26:11.532
BTC,SELL,0.0029,10473330.000,2024-07-20 02:26:17.023
BTC,SELL,0.0008,10472800.000,2024-07-20 02:26:25.515
BTC,SELL,0.0010,10472275.000,2024-07-20 02:26:46.025
BTC,SELL,0.0017,10472285.000,2024-07-20 02:26:57.520
BTC,SELL,0.0024,10472285.000,2024-07-20 02:27:03.026
BTC,SELL,0.0023,10472290.000,2024-07-20 02:27:10.045
BTC,SELL,0.0010,10472300.000,2024-07-20 02:27:18.520
BTC,SELL,0.0220,10472275.000,2024-07-20 02:27:46.135
BTC,SELL,0.0376,10472280.000,2024-07-20 02:27:59.214
BTC,BUY,0.0010,10480000.000,2024-07-20 02:28:27.191
BTC,BUY,0.0003,10480000.000,2024-07-20 02:28:27.191
BTC,BUY,0.0017,10480530.000,2024-07-20 02:28:27.191
BTC,SELL,0.0376,10478630.000,2024-07-20 02:28:39.303
BTC,BUY,0.0500,10480640.000,2024-07-20 02:28:40.174
BTC,SELL,0.0040,10478630.000,2024-07-20 02:28:40.813
BTC,SELL,0.0075,10478100.000,2024-07-20 02:28:57.371
BTC,SELL,0.0376,10477575.000,2024-07-20 02:29:01.008
BTC,SELL,0.0376,10477580.000,2024-07-20 02:29:05.575
BTC,SELL,0.0020,10477580.000,2024-07-20 02:29:31.520
BTC,SELL,0.0199,10477575.000,2024-07-20 02:29:53.247
BTC,SELL,0.0005,10473865.000,2024-07-20 02:30:03.527
BTC,BUY,0.0006,10480000.000,2024-07-20 02:30:26.215
BTC,BUY,0.0002,10480000.000,2024-07-20 02:30:27.535
BTC,SELL,0.0162,10479690.000,2024-07-20 02:30:27.617
BTC,SELL,0.0055,10479165.000,2024-07-20 02:30:31.738
BTC,SELL,0.0445,10479160.000,2024-07-20 02:30:31.738
BTC,SELL,0.0376,10478630.000,2024-07-20 02:30:33.230
BTC,SELL,0.0376,10478100.000,2024-07-20 02:30:39.174
BTC,SELL,0.0376,10475980.000,2024-07-20 02:30:47.474
BTC,SELL,0.0580,10475450.000,2024-07-20 02:30:51.278
BTC,SELL,0.0376,10474920.000,2024-07-20 02:30:53.269
BTC,SELL,0.0376,10474390.000,2024-07-20 02:31:08.324
BTC,BUY,0.0001,10477980.000,2024-07-20 02:31:09.624
BTC,SELL,0.0013,10476510.000,2024-07-20 02:31:10.020
BTC,SELL,0.0376,10475980.000,2024-07-20 02:31:14.452
BTC,SELL,0.0329,10475450.000,2024-07-20 02:31:18.741
BTC,SELL,0.0369,10473330.000,2024-07-20 02:31:20.062
BTC,SELL,0.0399,10472800.000,2024-07-20 02:31:26.725
BTC,SELL,0.0199,10472270.000,2024-07-20 02:31:37.839
BTC,SELL,0.0024,10471210.000,2024-07-20 02:31:49.534
BTC,BUY,0.0049,10470681.000,2024-07-20 02:32:11.254
BTC,BUY,0.0001,10479760.000,2024-07-20 02:32:11.254
BTC,SELL,0.0101,10473330.000,2024-07-20 02:32:15.534
BTC,SELL,0.1000,10472800.000,2024-07-20 02:32:34.648
BTC,SELL,0.0580,10472270.000,2024-07-20 02:32:41.237
BTC,SELL,0.0199,10471210.000,2024-07-20 02:32:42.732
BTC,SELL,0.0172,10470680.000,2024-07-20 02:32:47.234
BTC,SELL,0.0376,10470150.000,2024-07-20 02:32:48.352
BTC,SELL,0.0100,10469620.000,2024-07-20 02:32:53.080
BTC,SELL,0.0234,10469090.000,2024-07-20 02:32:55.404
BTC,SELL,0.0001,10468560.000,2024-07-20 02:33:00.125
BTC,SELL,0.0030,10468030.000,2024-07-20 02:33:06.345
BTC,BUY,0.0001,10474089.000,2024-07-20 02:33:47.165
BTC,SELL,0.0199,10469620.000,2024-07-20 02:33:48.806
BTC,SELL,0.0376,10469090.000,2024-07-20 02:33:54.464
BTC,SELL,0.0050,10468030.000,2024-07-20 02:33:55.900
BTC,SELL,0.0376,10468030.000,2024-07-20 02:33:55.914
BTC,SELL,0.0057,10468031.000,2024-07-20 02:33:57.038
BTC,SELL,0.0199,10468031.000,2024-07-20 02:33:57.489
BTC,SELL,0.0376,10468031.000,2024-07-20 02:34:00.502
BTC,SELL,0.0376,10468032.000,2024-07-20 02:34:03.007
BTC,SELL,0.0199,10468032.000,2024-07-20 02:34:04.621
BTC,SELL,0.0199,10468032.000,2024-07-20 02:34:07.569
BTC,SELL,0.0019,10468032.000,2024-07-20 02:34:10.020
BTC,SELL,0.0199,10468032.000,2024-07-20 02:34:10.591
BTC,BUY,0.0001,10477590.000,2024-07-20 02:34:56.597
BTC,SELL,0.0096,10473330.000,2024-07-20 02:35:01.913
BTC,SELL,0.0199,10472800.000,2024-07-20 02:35:13.489
BTC,SELL,0.0399,10472270.000,2024-07-20 02:35:19.612
BTC,SELL,0.0399,10471740.000,2024-07-20 02:35:22.573
BTC,SELL,0.0100,10471210.000,2024-07-20 02:35:31.115
BTC,SELL,0.0096,10470680.000,2024-07-20 02:35:33.821
BTC,SELL,0.0199,10470680.000,2024-07-20 02:35:37.906
BTC,SELL,0.0376,10470150.000,2024-07-20 02:35:41.973
BTC,SELL,0.0004,10469620.000,2024-07-20 02:35:46.174
BTC,SELL,0.0372,10469620.000,2024-07-20 02:35:46.174
BTC,BUY,0.0050,10476939.000,2024-07-20 02:36:08.043
BTC,SELL,0.0109,10474390.000,2024-07-20 02:36:08.914
BTC,SELL,0.0376,10473860.000,2024-07-20 02:36:10.018
BTC,SELL,0.0199,10472270.000,2024-07-20 02:36:12.019
BTC,SELL,0.0001,10478005.000,2024-07-20 02:36:42.535
BTC,SELL,0.0041,10477040.000,2024-07-20 02:36:48.049
BTC,SELL,0.0376,10476510.000,2024-07-20 02:37:04.856
BTC,SELL,0.0083,10475980.000,2024-07-20 02:37:09.426
BTC,SELL,0.0034,10479989.000,2024-07-20 02:37:29.544
BTC,SELL,0.0038,10477040.000,2024-07-20 02:38:18.532
BTC,SELL,0.0029,10476510.000,2024-07-20 02:38:24.034
BTC,SELL,0.0096,10479909.000,2024-07-20 02:38:44.249
BTC,BUY,0.0002,10479910.000,2024-07-20 02:39:40.236
BTC,SELL,0.0004,10479909.000,2024-07-20 02:40:07.019
BTC,SELL,0.0011,10479690.000,2024-07-20 02:40:07.019
BTC,SELL,0.0110,10479160.000,2024-07-20 02:40:11.442
BTC,SELL,0.0096,10479829.000,2024-07-20 02:40:39.869
BTC,SELL,0.0100,10479829.000,2024-07-20 02:40:42.671
BTC,SELL,0.0162,10479690.000,2024-07-20 02:40:49.277
BTC,SELL,0.0017,10479160.000,2024-07-20 02:40:54.521
BTC,SELL,0.0016,10479829.000,2024-07-20 02:41:17.801
BTC,SELL,0.0384,10478630.000,2024-07-20 02:41:17.801
BTC,SELL,0.0029,10479989.000,2024-07-20 02:41:37.518
BTC,SELL,0.0047,10479989.000,2024-07-20 02:42:22.040
BTC,BUY,0.0001,10479990.000,2024-07-20 02:42:46.549
BTC,SELL,0.0007,10479989.000,2024-07-20 02:42:59.730
BTC,SELL,0.0183,10479690.000,2024-07-20 02:42:59.730
BTC,BUY,0.0099,10479990.000,2024-07-20 02:43:04.926
BTC,BUY,0.0401,10479999.000,2024-07-20 02:43:04.926
BTC,SELL,0.0044,10479690.000,2024-07-20 02:43:17.016
BTC,SELL,0.0011,10479160.000,2024-07-20 02:43:22.526
BTC,SELL,0.0023,10478630.000,2024-07-20 02:43:28.028
BTC,BUY,0.0010,10479999.000,2024-07-20 02:43:33.451
BTC,SELL,0.0022,10479160.000,2024-07-20 02:44:15.532
BTC,SELL,0.0001,10478630.000,2024-07-20 02:44:19.643
BTC,SELL,0.0028,10478630.000,2024-07-20 02:44:19.643
BTC,SELL,0.0020,10478630.000,2024-07-20 02:44:21.028
BTC,SELL,0.0030,10478630.000,2024-07-20 02:44:43.034
BTC,BUY,0.0001,10479999.000,2024-07-20 02:45:11.495
BTC,SELL,0.0010,10479160.000,2024-07-20 02:45:22.555
BTC,SELL,0.0001,10479160.000,2024-07-20 02:45:30.542
BTC,SELL,0.0001,10478630.000,2024-07-20 02:45:30.542
BTC,SELL,0.0010,10478630.000,2024-07-20 02:47:17.514
BTC,SELL,0.0019,10478630.000,2024-07-20 02:47:48.029
BTC,SELL,0.0001,10478630.000,2024-07-20 02:47:53.535
BTC,BUY,0.0076,10479998.000,2024-07-20 02:48:25.601
BTC,BUY,0.0024,10479999.000,2024-07-20 02:48:25.601
BTC,BUY,0.0029,10479999.000,2024-07-20 02:48:49.729
BTC,BUY,0.0002,10479999.000,2024-07-20 02:49:51.430
BTC,BUY,0.0001,10479791.000,2024-07-20 02:50:00.591
BTC,BUY,0.0100,10479984.000,2024-07-20 02:51:03.541
BTC,BUY,0.0900,10479999.000,2024-07-20 02:51:03.541
BTC,SELL,0.0004,10479690.000,2024-07-20 02:51:11.035
BTC,BUY,0.0593,10479999.000,2024-07-20 02:51:15.869
BTC,BUY,0.0022,10480000.000,2024-07-20 02:51:15.869
BTC,BUY,0.0010,10480000.000,2024-07-20 02:51:15.869
BTC,BUY,0.0049,10480973.000,2024-07-20 02:51:15.869
BTC,BUY,0.0326,10481612.000,2024-07-20 02:51:15.869
BTC,SELL,0.0008,10481280.000,2024-07-20 02:51:18.019
BTC,BUY,0.0001,10484836.000,2024-07-20 02:51:33.585
BTC,BUY,0.0420,10484836.000,2024-07-20 02:51:33.585
BTC,BUY,0.0001,10485897.000,2024-07-20 02:51:33.585
BTC,BUY,0.0101,10487415.000,2024-07-20 02:51:33.585
BTC,SELL,0.0500,10487110.000,2024-07-20 02:51:35.262
BTC,SELL,0.0199,10486050.000,2024-07-20 02:51:37.035
BTC,SELL,0.0199,10485520.000,2024-07-20 02:51:44.703
BTC,SELL,0.0199,10484990.000,2024-07-20 02:51:49.635
BTC,SELL,0.0086,10484460.000,2024-07-20 02:51:51.332
BTC,SELL,0.0199,10483930.000,2024-07-20 02:52:02.827
BTC,SELL,0.0199,10483400.000,2024-07-20 02:52:04.440
BTC,BUY,0.0200,10489610.000,2024-07-20 02:52:04.857
BTC,BUY,0.0100,10489611.000,2024-07-20 02:52:04.857
BTC,BUY,0.0010,10490000.000,2024-07-20 02:52:04.857
BTC,BUY,0.0003,10490000.000,2024-07-20 02:52:04.857
BTC,BUY,0.0687,10490530.000,2024-07-20 02:52:04.857
BTC,SELL,0.0148,10488700.000,2024-07-20 02:52:05.528
BTC,SELL,0.0199,10488170.000,2024-07-20 02:52:09.137
BTC,SELL,0.0028,10487110.000,2024-07-20 02:52:11.027
BTC,SELL,0.0040,10487110.000,2024-07-20 02:52:11.059
BTC,SELL,0.0199,10486050.000,2024-07-20 02:52:14.037
BTC,BUY,0.0100,10486051.000,2024-07-20 02:52:15.993
BTC,BUY,0.0100,10488422.000,2024-07-20 02:52:15.993
BTC,BUY,0.0002,10490000.000,2024-07-20 02:52:15.993
BTC,BUY,0.0161,10490980.000,2024-07-20 02:52:15.993
BTC,BUY,0.0637,10491045.000,2024-07-20 02:52:15.993
BTC,SELL,0.0124,10488700.000,2024-07-20 02:52:21.201
BTC,SELL,0.0075,10486050.000,2024-07-20 02:52:21.201
BTC,SELL,0.0199,10485525.000,2024-07-20 02:52:23.152
BTC,SELL,0.0199,10485100.000,2024-07-20 02:52:26.295
BTC,BUY,0.0500,10489230.000,2024-07-20 02:52:48.304
BTC,BUY,0.0200,10489239.000,2024-07-20 02:52:48.304
BTC,BUY,0.0300,10489375.000,2024-07-20 02:52:48.304
BTC,SELL,0.0100,10486050.000,2024-07-20 02:52:52.310
BTC,BUY,0.0001,10485521.000,2024-07-20 02:53:08.457
BTC,SELL,0.0199,10484990.000,2024-07-20 02:53:09.879
BTC,BUY,0.0049,10485521.000,2024-07-20 02:53:09.934
BTC,BUY,0.0308,10489460.000,2024-07-20 02:53:09.934
BTC,BUY,0.0100,10489652.000,2024-07-20 02:53:09.934
BTC,BUY,0.0157,10490087.000,2024-07-20 02:53:09.934
BTC,SELL,0.0100,10491203.000,2024-07-20 02:53:12.121
BTC,SELL,0.0095,10486050.000,2024-07-20 02:53:14.412
BTC,SELL,0.0001,10485520.000,2024-07-20 02:53:24.395
BTC,SELL,0.0050,10484990.000,2024-07-20 02:53:24.395
BTC,SELL,0.0049,10484990.000,2024-07-20 02:53:24.395
BTC,SELL,0.0199,10484460.000,2024-07-20 02:53:33.291
BTC,SELL,0.0003,10483930.000,2024-07-20 02:53:41.602
BTC,SELL,0.0199,10483400.000,2024-07-20 02:53:43.454
BTC,BUY,0.0100,10483931.000,2024-07-20 02:53:45.322
BTC,SELL,0.0300,10483400.000,2024-07-20 02:53:51.052
BTC,SELL,0.0259,10482870.000,2024-07-20 02:53:55.762
BTC,SELL,0.0300,10482340.000,2024-07-20 02:53:59.587
BTC,SELL,0.0100,10484459.000,2024-07-20 02:54:02.439
BTC,SELL,0.0275,10482345.000,2024-07-20 02:54:02.439
BTC,SELL,0.0088,10481810.000,2024-07-20 02:54:05.013
BTC,SELL,0.0009,10481626.000,2024-07-20 02:54:10.524
BTC,SELL,0.0017,10481636.000,2024-07-20 02:54:19.022
BTC,SELL,0.0004,10481636.000,2024-07-20 02:54:27.527
BTC,SELL,0.0009,10481636.000,2024-07-20 02:54:48.034
BTC,SELL,0.0199,10481966.000,2024-07-20 02:55:08.507
BTC,BUY,0.0001,10489510.000,2024-07-20 02:55:16.656
BTC,SELL,0.0017,10486050.000,2024-07-20 02:55:17.509
BTC,SELL,0.0199,10485520.000,2024-07-20 02:55:22.116
BTC,SELL,0.0375,10484990.000,2024-07-20 02:55:28.166
BTC,SELL,0.0007,10484460.000,2024-07-20 02:55:29.038
BTC,SELL,0.0199,10483935.000,2024-07-20 02:55:31.875
BTC,BUY,0.0050,10489510.000,2024-07-20 02:55:32.636
BTC,SELL,0.0199,10486050.000,2024-07-20 02:55:33.802
BTC,SELL,0.0199,10485520.000,2024-07-20 02:55:36.832
BTC,SELL,0.0095,10484990.000,2024-07-20 02:55:39.236
BTC,SELL,0.0199,10484460.000,2024-07-20 02:55:43.388
BTC,SELL,0.0199,10483935.000,2024-07-20 02:55:53.647
BTC,SELL,0.0199,10483400.000,2024-07-20 02:56:04.708
BTC,SELL,0.0375,10482870.000,2024-07-20 02:56:07.260
BTC,SELL,0.0579,10482340.000,2024-07-20 02:56:09.804
BTC,SELL,0.0170,10481815.000,2024-07-20 02:56:11.780
BTC,SELL,0.0029,10481815.000,2024-07-20 02:56:11.780
BTC,SELL,0.0375,10481280.000,2024-07-20 02:56:13.756
BTC,SELL,0.0010,10480750.000,2024-07-20 02:56:16.378
BTC,SELL,0.0010,10480765.000,2024-07-20 02:56:31.518
BTC,SELL,0.0199,10480765.000,2024-07-20 02:56:32.571
BTC,SELL,0.0199,10480220.000,2024-07-20 02:56:39.233
BTC,SELL,0.0199,10480225.000,2024-07-20 02:56:40.854
BTC,SELL,0.0037,10479690.000,2024-07-20 02:56:41.524
BTC,BUY,0.0001,10486800.000,2024-07-20 02:56:49.202
BTC,SELL,0.0199,10486050.000,2024-07-20 02:56:50.326
BTC,SELL,0.0001,10485520.000,2024-07-20 02:57:26.703
BTC,SELL,0.0039,10484990.000,2024-07-20 02:57:26.703
BTC,SELL,0.0001,10485520.000,2024-07-20 02:57:27.234
BTC,SELL,0.0198,10484990.000,2024-07-20 02:57:27.234
BTC,SELL,0.0199,10484460.000,2024-07-20 02:57:30.245
BTC,SELL,0.0199,10483930.000,2024-07-20 02:57:33.285
BTC,SELL,0.0199,10483400.000,2024-07-20 02:57:36.352
BTC,SELL,0.0001,10482870.000,2024-07-20 02:57:38.017
BTC,SELL,0.0001,10482340.000,2024-07-20 02:57:38.017
BTC,SELL,0.0199,10481810.000,2024-07-20 02:57:40.336
BTC,SELL,0.0298,10481280.000,2024-07-20 02:57:43.523
BTC,SELL,0.0170,10481180.000,2024-07-20 02:57:46.390
BTC,SELL,0.0001,10480750.000,2024-07-20 02:57:46.390
BTC,SELL,0.0001,10480220.000,2024-07-20 02:57:46.390
BTC,SELL,0.0048,10479999.000,2024-07-20 02:58:18.960
BTC,SELL,0.0010,10479999.000,2024-07-20 02:58:25.012
BTC,SELL,0.0042,10479999.000,2024-07-20 02:58:26.519
BTC,SELL,0.0958,10479690.000,2024-07-20 02:58:26.519
BTC,SELL,0.0021,10479160.000,2024-07-20 02:58:30.530
BTC,SELL,0.1000,10478630.000,2024-07-20 02:58:32.774
BTC,SELL,0.0050,10478630.000,2024-07-20 02:58:34.522
BTC,SELL,0.0009,10478630.000,2024-07-20 02:58:36.019
BTC,SELL,0.0199,10478630.000,2024-07-20 02:58:44.885
BTC,SELL,0.0199,10478630.000,2024-07-20 02:58:47.399
BTC,SELL,0.0199,10478630.000,2024-07-20 02:58:49.400
BTC,SELL,0.0100,10478630.000,2024-07-20 02:58:55.411
BTC,SELL,0.0003,10478630.000,2024-07-20 02:59:03.101
BTC,BUY,0.0001,10485190.000,2024-07-20 02:59:10.119
BTC,SELL,0.0010,10481810.000,2024-07-20 02:59:13.072
BTC,SELL,0.0569,10481280.000,2024-07-20 02:59:14.227
BTC,SELL,0.1000,10480750.000,2024-07-20 02:59:18.049
BTC,SELL,0.0006,10480220.000,2024-07-20 02:59:56.024
BTC,BUY,0.0002,10486040.000,2024-07-20 03:00:03.748
BTC,BUY,0.0010,10486000.000,2024-07-20 03:00:06.975
BTC,BUY,0.0010,10486000.000,2024-07-20 03:00:07.010
BTC,SELL,0.0023,10485210.000,2024-07-20 03:00:12.050
BTC,SELL,0.0001,10483135.000,2024-07-20 03:00:14.934
BTC,SELL,0.0002,10482977.000,2024-07-20 03:00:14.934
BTC,SELL,0.0727,10481280.000,2024-07-20 03:00:14.934
BTC,SELL,0.0070,10479160.000,2024-07-20 03:00:17.517
BTC,BUY,0.0019,10487376.000,2024-07-20 03:00:26.022
BTC,BUY,0.0004,10487376.000,2024-07-20 03:00:26.023
BTC,BUY,0.0001,10487978.000,2024-07-20 03:00:28.851
BTC,SELL,0.0001,10487374.000,2024-07-20 03:01:17.201
BTC,SELL,0.3699,10487110.000,2024-07-20 03:01:17.201
BTC,SELL,0.0007,10486580.000,2024-07-20 03:01:39.528
BTC,BUY,0.0010,10486580.000,2024-07-20 03:02:11.582
BTC,BUY,0.0035,10489520.000,2024-07-20 03:02:11.582
BTC,BUY,0.0465,10489520.000,2024-07-20 03:02:23.886
BTC,BUY,0.0001,10491204.000,2024-07-20 03:02:23.886
BTC,BUY,0.0001,10491204.000,2024-07-20 03:02:23.886
BTC,BUY,0.0001,10492366.000,2024-07-20 03:02:23.886
BTC,BUY,0.0001,10492574.000,2024-07-20 03:02:23.886
BTC,BUY,0.0031,10494239.000,2024-07-20 03:02:23.886
BTC,SELL,0.0011,10494278.000,2024-07-20 03:02:31.517
BTC,SELL,0.0200,10493275.000,2024-07-20 03:02:44.523
BTC,SELL,0.0110,10493463.000,2024-07-20 03:03:00.546
BTC,SELL,0.0002,10493909.000,2024-07-20 03:03:09.024
BTC,SELL,0.0010,10493647.000,2024-07-20 03:03:47.552
BTC,SELL,0.0048,10493942.000,2024-07-20 03:03:53.101
BTC,SELL,0.0010,10494012.000,2024-07-20 03:04:04.534
BTC,SELL,0.0020,10493586.000,2024-07-20 03:04:10.032
BTC,SELL,0.0020,10487285.000,2024-07-20 03:04:24.518
BTC,BUY,0.0001,10494720.000,2024-07-20 03:04:45.760
BTC,SELL,0.0010,10487110.000,2024-07-20 03:05:01.550
BTC,BUY,0.0010,10494975.000,2024-07-20 03:05:44.257
BTC,BUY,0.0001,10498240.000,2024-07-20 03:06:42.253
BTC,BUY,0.0001,10498160.000,2024-07-20 03:06:42.895
BTC,SELL,0.0010,10493492.000,2024-07-20 03:06:43.044
BTC,SELL,0.0040,10493492.000,2024-07-20 03:06:44.742
BTC,SELL,0.0250,10493492.000,2024-07-20 03:06:46.435
BTC,SELL,0.0100,10493492.000,2024-07-20 03:06:47.089
BTC,SELL,0.0040,10493492.000,2024-07-20 03:06:48.528
BTC,SELL,0.0100,10493492.000,2024-07-20 03:06:49.037
BTC,SELL,0.0089,10493492.000,2024-07-20 03:06:50.149
BTC,SELL,0.0015,10496265.000,2024-07-20 03:06:55.522
BTC,SELL,0.0100,10496265.000,2024-07-20 03:06:56.172
BTC,SELL,0.0009,10496265.000,2024-07-20 03:07:01.053
BTC,SELL,0.0010,10496204.000,2024-07-20 03:07:06.540
BTC,BUY,0.0001,10499920.000,2024-07-20 03:07:07.159
BTC,BUY,0.0001,10499920.000,2024-07-20 03:07:07.693
BTC,BUY,0.0001,10499920.000,2024-07-20 03:07:08.273
BTC,BUY,0.0001,10499920.000,2024-07-20 03:07:08.712
BTC,BUY,0.0001,10499920.000,2024-07-20 03:07:09.224
BTC,BUY,0.0001,10499920.000,2024-07-20 03:07:09.641
BTC,BUY,0.0001,10499920.000,2024-07-20 03:07:10.251
BTC,BUY,0.0001,10499920.000,2024-07-20 03:07:10.677
BTC,BUY,0.0001,10499920.000,2024-07-20 03:07:11.204
BTC,BUY,0.0001,10499920.000,2024-07-20 03:07:11.829
BTC,BUY,0.0001,10499920.000,2024-07-20 03:07:12.187
BTC,BUY,0.0001,10499920.000,2024-07-20 03:07:12.701
BTC,BUY,0.0001,10499920.000,2024-07-20 03:07:13.230
BTC,BUY,0.0001,10499920.000,2024-07-20 03:07:13.704
BTC,BUY,0.0001,10499920.000,2024-07-20 03:07:14.219
BTC,BUY,0.0001,10499920.000,2024-07-20 03:07:14.878
BTC,BUY,0.0001,10499920.000,2024-07-20 03:07:15.236
BTC,BUY,0.0001,10499920.000,2024-07-20 03:07:15.738
BTC,BUY,0.0001,10499920.000,2024-07-20 03:07:16.233
BTC,BUY,0.0001,10499920.000,2024-07-20 03:07:16.754
BTC,BUY,0.0280,10499980.000,2024-07-20 03:07:25.955
BTC,BUY,0.0200,10499980.000,2024-07-20 03:07:35.935
BTC,SELL,0.0005,10499979.000,2024-07-20 03:07:44.060
BTC,BUY,0.0200,10499980.000,2024-07-20 03:07:47.982
BTC,BUY,0.0200,10499980.000,2024-07-20 03:07:51.408
BTC,BUY,0.0120,10499980.000,2024-07-20 03:07:52.180
BTC,BUY,0.0080,10500000.000,2024-07-20 03:07:52.180
BTC,BUY,0.0100,10500000.000,2024-07-20 03:07:52.662
BTC,BUY,0.0001,10500000.000,2024-07-20 03:08:09.938
BTC,BUY,0.0043,10500000.000,2024-07-20 03:08:15.662
BTC,SELL,0.0009,10498770.000,2024-07-20 03:08:43.022
BTC,BUY,0.0010,10500000.000,2024-07-20 03:08:47.986
BTC,BUY,0.0330,10500000.000,2024-07-20 03:09:05.723
BTC,SELL,0.0006,10497180.000,2024-07-20 03:09:24.531
BTC,SELL,0.0010,10496650.000,2024-07-20 03:09:30.020
BTC,SELL,0.0010,10496120.000,2024-07-20 03:09:34.168
BTC,SELL,0.0050,10499999.000,2024-07-20 03:09:45.868
BTC,BUY,0.0036,10500000.000,2024-07-20 03:10:37.004
BTC,BUY,0.0064,10500000.000,2024-07-20 03:10:37.004
BTC,BUY,0.0100,10500000.000,2024-07-20 03:10:47.602
BTC,SELL,0.0003,10498770.000,2024-07-20 03:12:20.524
BTC,SELL,0.0003,10496734.000,2024-07-20 03:12:56.024
BTC,SELL,0.0002,10496733.000,2024-07-20 03:13:14.413
BTC,SELL,0.0070,10496733.000,2024-07-20 03:13:25.122
BTC,BUY,0.0010,10499979.000,2024-07-20 03:14:15.035
BTC,SELL,0.0033,10497710.000,2024-07-20 03:14:19.554
BTC,SELL,0.0013,10496733.000,2024-07-20 03:14:25.062
BTC,SELL,0.0015,10496733.000,2024-07-20 03:14:30.528
BTC,SELL,0.0015,10496000.000,2024-07-20 03:14:30.528
BTC,SELL,0.0003,10494000.000,2024-07-20 03:15:40.542
BTC,SELL,0.0003,10494000.000,2024-07-20 03:15:46.035
BTC,SELL,0.0013,10493500.000,2024-07-20 03:16:11.020
BTC,SELL,0.0034,10493000.000,2024-07-20 03:16:26.396
BTC,BUY,0.0010,10496233.000,2024-07-20 03:16:30.818
BTC,SELL,0.0066,10493000.000,2024-07-20 03:16:33.341
BTC,SELL,0.0021,10492950.000,2024-07-20 03:17:37.435
BTC,SELL,0.0053,10492950.000,2024-07-20 03:17:46.520
BTC,SELL,0.0100,10492950.000,2024-07-20 03:17:57.447
BTC,SELL,0.0300,10492000.000,2024-07-20 03:17:57.447
BTC,SELL,0.0027,10492000.000,2024-07-20 03:18:04.016
BTC,SELL,0.0032,10492000.000,2024-07-20 03:18:09.513
BTC,SELL,0.0039,10491500.000,2024-07-20 03:18:15.026
BTC,SELL,0.0038,10491500.000,2024-07-20 03:18:20.512
BTC,SELL,0.0040,10491000.000,2024-07-20 03:18:39.523
BTC,SELL,0.0100,10489000.000,2024-07-20 03:19:33.091
BTC,SELL,0.0038,10489000.000,2024-07-20 03:19:46.515
BTC,BUY,0.0001,10493000.000,2024-07-20 03:21:22.246
BTC,BUY,0.0004,10493000.000,2024-07-20 03:22:03.072
BTC,BUY,0.0001,10499970.000,2024-07-20 03:22:03.072
BTC,SELL,0.0100,10497180.000,2024-07-20 03:22:04.073
BTC,BUY,0.0499,10499960.000,2024-07-20 03:22:30.864
BTC,BUY,0.0501,10499960.000,2024-07-20 03:22:30.864
BTC,SELL,0.0038,10497710.000,2024-07-20 03:22:34.026
BTC,SELL,0.0045,10497180.000,2024-07-20 03:22:37.449
BTC,SELL,0.0265,10496120.000,2024-07-20 03:22:39.023
BTC,BUY,0.0279,10499960.000,2024-07-20 03:22:44.690
BTC,BUY,0.0721,10499980.000,2024-07-20 03:22:44.690
BTC,BUY,0.0279,10499980.000,2024-07-20 03:22:59.946
BTC,BUY,0.0036,10500000.000,2024-07-20 03:22:59.946
BTC,BUY,0.0010,10500000.000,2024-07-20 03:22:59.946
BTC,BUY,0.0003,10500000.000,2024-07-20 03:22:59.946
BTC,BUY,0.0008,10500000.000,2024-07-20 03:22:59.946
BTC,BUY,0.0100,10500000.000,2024-07-20 03:22:59.946
BTC,BUY,0.0001,10500000.000,2024-07-20 03:22:59.946
BTC,BUY,0.0001,10500000.000,2024-07-20 03:22:59.946
BTC,BUY,0.0562,10502113.000,2024-07-20 03:22:59.946
BTC,BUY,0.0081,10502320.000,2024-07-20 03:23:17.588
BTC,BUY,0.0726,10502399.000,2024-07-20 03:23:17.588
BTC,BUY,0.0050,10502421.000,2024-07-20 03:23:17.588
BTC,BUY,0.0002,10505000.000,2024-07-20 03:23:17.588
BTC,BUY,0.0140,10505166.000,2024-07-20 03:23:17.588
BTC,SELL,0.0014,10499300.000,2024-07-20 03:23:47.023
BTC,BUY,0.0005,10500000.000,2024-07-20 03:24:58.525
BTC,BUY,0.0500,10505790.000,2024-07-20 03:24:58.525
BTC,BUY,0.0100,10505794.000,2024-07-20 03:24:58.525
BTC,BUY,0.0200,10505999.000,2024-07-20 03:24:58.525
BTC,BUY,0.0148,10506000.000,2024-07-20 03:24:58.525
BTC,BUY,0.0047,10506769.000,2024-07-20 03:24:58.525
BTC,BUY,0.0100,10506581.000,2024-07-20 03:25:16.807
BTC,BUY,0.0001,10506871.000,2024-07-20 03:25:16.807
BTC,BUY,0.0001,10507568.000,2024-07-20 03:25:16.807
BTC,BUY,0.0398,10507716.000,2024-07-20 03:25:16.807
BTC,BUY,0.0001,10501407.000,2024-07-20 03:25:24.452
BTC,BUY,0.0002,10500240.000,2024-07-20 03:25:30.770
BTC,SELL,0.0001,10497000.000,2024-07-20 03:25:31.540
BTC,SELL,0.0050,10497000.000,2024-07-20 03:25:37.056
BTC,SELL,0.0002,10497000.000,2024-07-20 03:25:45.169
BTC,BUY,0.0097,10499521.000,2024-07-20 03:25:45.267
BTC,BUY,0.0083,10503740.000,2024-07-20 03:25:45.267
BTC,BUY,0.0020,10497267.000,2024-07-20 03:26:00.904
BTC,SELL,0.0020,10497000.000,2024-07-20 03:26:09.532
BTC,BUY,0.0010,10497267.000,2024-07-20 03:26:22.497
BTC,SELL,0.0050,10497000.000,2024-07-20 03:26:55.592
BTC,SELL,0.0009,10497000.000,2024-07-20 03:27:03.064
BTC,BUY,0.0002,10497267.000,2024-07-20 03:28:03.505
BTC,SELL,0.0006,10494600.000,2024-07-20 03:29:05.994
BTC,SELL,0.0014,10492990.000,2024-07-20 03:29:54.981
BTC,SELL,0.0015,10492410.000,2024-07-20 03:30:14.506
BTC,SELL,0.0002,10491880.000,2024-07-20 03:30:31.206
BTC,SELL,0.0038,10491880.000,2024-07-20 03:30:50.020
BTC,SELL,0.0012,10491880.000,2024-07-20 03:30:55.521
BTC,SELL,0.0038,10491475.000,2024-07-20 03:30:55.521
BTC,BUY,0.0001,10491881.000,2024-07-20 03:31:35.576
BTC,SELL,0.0061,10491350.000,2024-07-20 03:32:02.560
BTC,SELL,0.0012,10490937.000,2024-07-20 03:32:14.032
BTC,SELL,0.0100,10490937.000,2024-07-20 03:32:22.237
BTC,SELL,0.0011,10490290.000,2024-07-20 03:32:31.534
BTC,SELL,0.0020,10485520.000,2024-07-20 03:32:41.528
BTC,SELL,0.5000,10483930.000,2024-07-20 03:33:04.287
BTC,SELL,0.0011,10483930.000,2024-07-20 03:33:05.021
BTC,BUY,0.0030,10482341.000,2024-07-20 03:33:56.819
BTC,BUY,0.0037,10482341.000,2024-07-20 03:35:00.640
BTC,BUY,0.0009,10490785.000,2024-07-20 03:35:26.082
BTC,BUY,0.0041,10490785.000,2024-07-20 03:35:28.067
BTC,BUY,0.0010,10490937.000,2024-07-20 03:35:28.067
BTC,BUY,0.0149,10491030.000,2024-07-20 03:35:28.067
BTC,BUY,0.0003,10491208.000,2024-07-20 03:35:54.026
BTC,SELL,0.0108,10492429.000,2024-07-20 03:36:22.526
BTC,SELL,0.0002,10490000.000,2024-07-20 03:36:28.019
BTC,SELL,0.0100,10489336.000,2024-07-20 03:36:29.203
BTC,SELL,0.0214,10489483.000,2024-07-20 03:36:33.511
BTC,SELL,0.0010,10485000.000,2024-07-20 03:37:01.108
BTC,SELL,0.0040,10483930.000,2024-07-20 03:37:01.108
BTC,SELL,0.0006,10484032.000,2024-07-20 03:37:21.631
BTC,SELL,0.0011,10488678.000,2024-07-20 03:37:27.018
BTC,BUY,0.0100,10488743.000,2024-07-20 03:38:22.940
BTC,BUY,0.0040,10488760.000,2024-07-20 03:38:22.940
BTC,SELL,0.0025,10486064.000,2024-07-20 03:38:44.523
BTC,SELL,0.0007,10486828.000,2024-07-20 03:38:54.517
BTC,SELL,0.0012,10487670.000,2024-07-20 03:39:24.018
BTC,SELL,0.0011,10486580.000,2024-07-20 03:40:02.610
BTC,BUY,0.0001,10494160.000,2024-07-20 03:40:06.883
BTC,SELL,0.0046,10488170.000,2024-07-20 03:40:26.009
BTC,SELL,0.0010,10488619.000,2024-07-20 03:41:05.535
BTC,SELL,0.0004,10488619.000,2024-07-20 03:41:09.031
BTC,SELL,0.0300,10496021.000,2024-07-20 03:42:01.015
BTC,SELL,0.0156,10495541.000,2024-07-20 03:42:17.046
BTC,SELL,0.0006,10495540.000,2024-07-20 03:42:22.512
BTC,SELL,0.0100,10495271.000,2024-07-20 03:42:25.868
BTC,SELL,0.0010,10495271.000,2024-07-20 03:42:31.063
BTC,SELL,0.0500,10495765.000,2024-07-20 03:42:46.305
BTC,SELL,0.0100,10495223.000,2024-07-20 03:42:50.013
BTC,SELL,0.0010,10495202.000,2024-07-20 03:42:58.520
BTC,SELL,0.0158,10495198.000,2024-07-20 03:43:04.033
BTC,SELL,0.0001,10490000.000,2024-07-20 03:43:09.031
BTC,SELL,0.0899,10487640.000,2024-07-20 03:43:09.031
BTC,SELL,0.0500,10494241.000,2024-07-20 03:43:28.247
BTC,BUY,0.0003,10493490.000,2024-07-20 03:45:07.089
BTC,BUY,0.0500,10492650.000,2024-07-20 03:46:15.456
BTC,BUY,0.0500,10493075.000,2024-07-20 03:46:15.456
BTC,SELL,0.0240,10487640.000,2024-07-20 03:47:20.699
BTC,BUY,0.0100,10492270.000,2024-07-20 03:48:01.555
BTC,BUY,0.0400,10492270.000,2024-07-20 03:48:09.366
BTC,BUY,0.0700,10494886.000,2024-07-20 03:48:09.366
BTC,SELL,0.0200,10489423.000,2024-07-20 03:48:24.649
BTC,BUY,0.0001,10490000.000,2024-07-20 03:48:46.249
BTC,BUY,0.0342,10494740.000,2024-07-20 03:48:46.249
BTC,BUY,0.0539,10494825.000,2024-07-20 03:48:46.249
BTC,BUY,0.0500,10494880.000,2024-07-20 03:49:19.302
BTC,BUY,0.0204,10494886.000,2024-07-20 03:49:19.302
BTC,SELL,0.0100,10491880.000,2024-07-20 03:49:50.834
BTC,BUY,0.0396,10494886.000,2024-07-20 03:50:00.123
BTC,BUY,0.0166,10497890.000,2024-07-20 03:50:00.123
BTC,BUY,0.0440,10498370.000,2024-07-20 03:50:36.711
BTC,BUY,0.0060,10498240.000,2024-07-20 03:51:05.392
BTC,BUY,0.0040,10498245.000,2024-07-20 03:51:05.392
BTC,BUY,0.0010,10494887.000,2024-07-20 03:51:20.267
BTC,BUY,0.0001,10494887.000,2024-07-20 03:51:22.423
BTC,SELL,0.0200,10494886.000,2024-07-20 03:51:24.113
BTC,SELL,0.0116,10491880.000,2024-07-20 03:51:24.113
BTC,BUY,0.0012,10497022.000,2024-07-20 03:51:37.582
BTC,SELL,0.0100,10489765.000,2024-07-20 03:52:10.917
BTC,SELL,0.0010,10490915.000,2024-07-20 03:53:21.623
BTC,SELL,0.0200,10490925.000,2024-07-20 03:53:26.625
BTC,SELL,0.0750,10490890.000,2024-07-20 03:53:40.330
BTC,SELL,0.0500,10490885.000,2024-07-20 03:53:40.330
BTC,SELL,0.0050,10490865.000,2024-07-20 03:53:40.330
BTC,SELL,0.0125,10490320.000,2024-07-20 03:53:40.330
BTC,SELL,0.0575,10490290.000,2024-07-20 03:53:40.330
BTC,SELL,0.0050,10490724.000,2024-07-20 03:53:43.979
BTC,SELL,0.0600,10489760.000,2024-07-20 03:53:43.979
BTC,BUY,0.0006,10495000.000,2024-07-20 03:55:16.935
BTC,SELL,0.0003,10489200.000,2024-07-20 03:56:29.073
BTC,BUY,0.0001,10490916.000,2024-07-20 03:56:50.361
BTC,SELL,0.0007,10489200.000,2024-07-20 03:57:34.897
BTC,SELL,0.0008,10486580.000,2024-07-20 03:57:34.897
BTC,SELL,0.0010,10486000.000,2024-07-20 04:00:07.444
BTC,SELL,0.0100,10485800.000,2024-07-20 04:00:07.444
BTC,SELL,0.0001,10485480.000,2024-07-20 04:00:07.444
BTC,SELL,0.0001,10483930.000,2024-07-20 04:00:07.444
BTC,SELL,0.0068,10483400.000,2024-07-20 04:00:07.444
BTC,SELL,0.0001,10487371.000,2024-07-20 04:00:28.497
BTC,SELL,0.0010,10483400.000,2024-07-20 04:01:03.354
BTC,SELL,0.0001,10483000.000,2024-07-20 04:01:03.354
BTC,SELL,0.0009,10482870.000,2024-07-20 04:01:03.354
BTC,SELL,0.1500,10481280.000,2024-07-20 04:02:03.501
BTC,BUY,0.0001,10483748.000,2024-07-20 04:02:43.279
BTC,SELL,0.0050,10480890.000,2024-07-20 04:03:01.520
BTC,BUY,0.0002,10481440.000,2024-07-20 04:03:18.252
BTC,SELL,0.0497,10480647.000,2024-07-20 04:04:03.311
BTC,SELL,0.0001,10480000.000,2024-07-20 04:05:22.230
BTC,BUY,0.0020,10478631.000,2024-07-20 04:05:26.179
BTC,SELL,0.0005,10478630.000,2024-07-20 04:05:46.049
BTC,SELL,0.0006,10478630.000,2024-07-20 04:05:48.094
BTC,SELL,0.0500,10478630.000,2024-07-20 04:05:48.789
BTC,SELL,0.0002,10478630.000,2024-07-20 04:05:48.939
BTC,SELL,0.0667,10478630.000,2024-07-20 04:05:55.785
BTC,SELL,0.0100,10478630.000,2024-07-20 04:05:55.785
BTC,SELL,0.0100,10477570.000,2024-07-20 04:05:55.785
BTC,SELL,0.0020,10476000.000,2024-07-20 04:05:55.785
BTC,SELL,0.0113,10473083.000,2024-07-20 04:05:55.785
BTC,BUY,0.0125,10473120.000,2024-07-20 04:06:04.156
BTC,BUY,0.1000,10473126.000,2024-07-20 04:06:04.156
BTC,BUY,0.0075,10473665.000,2024-07-20 04:06:04.156
BTC,BUY,0.0001,10474390.000,2024-07-20 04:06:25.331
BTC,SELL,0.0002,10473930.000,2024-07-20 04:06:46.018
BTC,SELL,0.0001,10473709.000,2024-07-20 04:06:54.517
BTC,SELL,0.0125,10472320.000,2024-07-20 04:07:00.040
BTC,SELL,0.0260,10470935.000,2024-07-20 04:07:07.008
BTC,SELL,0.0014,10472603.000,2024-07-20 04:08:14.879
BTC,SELL,0.1000,10477351.000,2024-07-20 04:09:39.593
BTC,SELL,0.0075,10472614.000,2024-07-20 04:09:39.593
BTC,SELL,0.0010,10470000.000,2024-07-20 04:09:39.593
BTC,SELL,0.0700,10469102.000,2024-07-20 04:09:39.593
BTC,SELL,0.5215,10469090.000,2024-07-20 04:09:39.593
BTC,BUY,0.0003,10478640.000,2024-07-20 04:11:00.282
BTC,BUY,0.0122,10482320.000,2024-07-20 04:11:48.510
BTC,BUY,0.0078,10482398.000,2024-07-20 04:11:48.510
BTC,SELL,0.0009,10478344.000,2024-07-20 04:14:20.169
BTC,BUY,0.0001,10482167.000,2024-07-20 04:14:20.445
BTC,SELL,0.0100,10484999.000,2024-07-20 04:17:06.875
BTC,SELL,0.0780,10484999.000,2024-07-20 04:17:06.875
BTC,SELL,0.0620,10484999.000,2024-07-20 04:17:06.875
BTC,BUY,0.0001,10485000.000,2024-07-20 04:17:15.096
BTC,BUY,0.0029,10485000.000,2024-07-20 04:18:09.069
BTC,BUY,0.0001,10485000.000,2024-07-20 04:18:09.069
BTC,BUY,0.0011,10489716.000,2024-07-20 04:18:09.069
BTC,BUY,0.0020,10489716.000,2024-07-20 04:18:09.560
BTC,BUY,0.0010,10489716.000,2024-07-20 04:19:27.755
BTC,BUY,0.0023,10489716.000,2024-07-20 04:19:40.599
BTC,SELL,0.0035,10489715.000,2024-07-20 04:19:42.050
BTC,BUY,0.0010,10491900.000,2024-07-20 04:19:55.224
BTC,BUY,0.0078,10491362.000,2024-07-20 04:21:40.372
BTC,BUY,0.0001,10491949.000,2024-07-20 04:21:59.753
BTC,BUY,0.0040,10491950.000,2024-07-20 04:22:39.459
BTC,BUY,0.0460,10491950.000,2024-07-20 04:23:12.597
BTC,BUY,0.0001,10493223.000,2024-07-20 04:23:12.597
BTC,BUY,0.0001,10494745.000,2024-07-20 04:23:12.597
BTC,BUY,0.0100,10494745.000,2024-07-20 04:23:12.597
BTC,BUY,0.0438,10495000.000,2024-07-20 04:23:12.597
BTC,BUY,0.0050,10494900.000,2024-07-20 04:24:24.720
BTC,SELL,0.0070,10493520.000,2024-07-20 04:26:04.154
BTC,BUY,0.0050,10492941.000,2024-07-20 04:27:32.567
BTC,BUY,0.0050,10492941.000,2024-07-20 04:27:32.567
BTC,BUY,0.0001,10492750.000,2024-07-20 04:31:17.787
BTC,BUY,0.0005,10492101.000,2024-07-20 04:32:18.240
BTC,SELL,0.0041,10492100.000,2024-07-20 04:32:20.053
BTC,SELL,0.0020,10492100.000,2024-07-20 04:32:20.580
BTC,BUY,0.0019,10492101.000,2024-07-20 04:32:53.999
BTC,SELL,0.0003,10492100.000,2024-07-20 04:33:05.017
BTC,BUY,0.0001,10492101.000,2024-07-20 04:33:13.123
BTC,BUY,0.0333,10492101.000,2024-07-20 04:36:53.346
BTC,BUY,0.0167,10492101.000,2024-07-20 04:36:53.346
BTC,BUY,0.0142,10492101.000,2024-07-20 04:37:54.943
BTC,BUY,0.0318,10492101.000,2024-07-20 04:37:54.943
BTC,BUY,0.0050,10494527.000,2024-07-20 04:39:02.635
BTC,BUY,0.0001,10494542.000,2024-07-20 04:39:04.936
BTC,BUY,0.0001,10494539.000,2024-07-20 04:39:09.507
BTC,SELL,0.0200,10492100.000,2024-07-20 04:41:45.499
BTC,BUY,0.0001,10492612.000,2024-07-20 04:42:19.008
BTC,BUY,0.0001,10492577.000,2024-07-20 04:42:56.505
BTC,SELL,0.0008,10492100.000,2024-07-20 04:44:31.372
BTC,SELL,0.0002,10491340.000,2024-07-20 04:44:31.372
BTC,BUY,0.0002,10491341.000,2024-07-20 04:45:30.792
BTC,SELL,0.0100,10490141.000,2024-07-20 04:45:39.372
BTC,SELL,0.0012,10490041.000,2024-07-20 04:45:39.372
BTC,BUY,0.0001,10491341.000,2024-07-20 04:45:47.769
BTC,SELL,0.0003,10490041.000,2024-07-20 04:47:27.017
BTC,SELL,0.0035,10490041.000,2024-07-20 04:48:57.051
BTC,SELL,0.1000,10488439.000,2024-07-20 04:48:57.051
BTC,SELL,0.0050,10482870.000,2024-07-20 04:48:57.051
BTC,SELL,0.0200,10481863.000,2024-07-20 04:48:57.051
BTC,SELL,0.0700,10481291.000,2024-07-20 04:48:57.051
BTC,SELL,0.0001,10481280.000,2024-07-20 04:48:57.051
BTC,SELL,0.7614,10480750.000,2024-07-20 04:48:57.051
BTC,BUY,0.0041,10482463.000,2024-07-20 04:49:42.027
BTC,BUY,0.0459,10484711.000,2024-07-20 04:49:42.027
BTC,SELL,0.0048,10488694.000,2024-07-20 04:56:32.740
BTC,SELL,0.0200,10487703.000,2024-07-20 04:56:32.740
BTC,SELL,0.0142,10487702.000,2024-07-20 04:56:32.740
BTC,BUY,0.0020,10491309.000,2024-07-20 04:57:59.389
BTC,SELL,0.0002,10491308.000,2024-07-20 04:58:09.613
BTC,BUY,0.0008,10491309.000,2024-07-20 05:00:22.962
BTC,BUY,0.0001,10491309.000,2024-07-20 05:00:51.665
BTC,BUY,0.0001,10490801.000,2024-07-20 05:02:00.583
BTC,SELL,0.0001,10490800.000,2024-07-20 05:02:17.717
BTC,SELL,0.0639,10490776.000,2024-07-20 05:02:17.717
BTC,SELL,0.0100,10484464.000,2024-07-20 05:02:51.917
BTC,SELL,0.0100,10483474.000,2024-07-20 05:02:51.917
BTC,BUY,0.0015,10488788.000,2024-07-20 05:04:48.461
BTC,SELL,0.0010,10483428.000,2024-07-20 05:05:12.616
BTC,SELL,0.0017,10484081.000,2024-07-20 05:06:32.515
BTC,BUY,0.0100,10484806.000,2024-07-20 05:07:52.157
BTC,SELL,0.0022,10483584.000,2024-07-20 05:09:29.009
BTC,BUY,0.0125,10483360.000,2024-07-20 05:10:32.223
BTC,BUY,0.0048,10483436.000,2024-07-20 05:10:32.223
BTC,BUY,0.0003,10485389.000,2024-07-20 05:11:26.979
BTC,BUY,0.0005,10485653.000,2024-07-20 05:11:26.979
BTC,BUY,0.0100,10480807.000,2024-07-20 05:13:22.660
BTC,BUY,0.0010,10480576.000,2024-07-20 05:13:47.180
BTC,BUY,0.0030,10480790.000,2024-07-20 05:14:28.857
BTC,SELL,0.0100,10482836.000,2024-07-20 05:15:45.162
BTC,BUY,0.0002,10482837.000,2024-07-20 05:15:50.772
BTC,SELL,0.0100,10482561.000,2024-07-20 05:16:01.835
BTC,SELL,0.1000,10484012.000,2024-07-20 05:16:59.261
BTC,SELL,0.0001,10480002.000,2024-07-20 05:16:59.261
BTC,SELL,0.0006,10478836.000,2024-07-20 05:16:59.261
BTC,SELL,0.0700,10477175.000,2024-07-20 05:16:59.261
BTC,SELL,0.0200,10477157.000,2024-07-20 05:16:59.261
BTC,SELL,0.0050,10477040.000,2024-07-20 05:16:59.261
BTC,SELL,0.0002,10477000.000,2024-07-20 05:16:59.261
BTC,SELL,0.0200,10476209.000,2024-07-20 05:16:59.261
BTC,SELL,0.5000,10475980.000,2024-07-20 05:16:59.261
BTC,SELL,0.5000,10475450.000,2024-07-20 05:16:59.261
BTC,SELL,0.5041,10474920.000,2024-07-20 05:16:59.261
BTC,BUY,0.0090,10483172.000,2024-07-20 05:17:28.698
BTC,SELL,0.0010,10481711.000,2024-07-20 05:17:39.019
BTC,BUY,0.0019,10481957.000,2024-07-20 05:18:11.689
BTC,BUY,0.0003,10479131.000,2024-07-20 05:20:14.670
BTC,SELL,0.0002,10476000.000,2024-07-20 05:20:37.998
BTC,BUY,0.0010,10475079.000,2024-07-20 05:21:34.621
BTC,BUY,0.0008,10472661.000,2024-07-20 05:22:44.408
BTC,SELL,0.0200,10472070.000,2024-07-20 05:23:21.649
BTC,BUY,0.0007,10472000.000,2024-07-20 05:26:16.301
BTC,BUY,0.0001,10471370.000,2024-07-20 05:26:45.982
BTC,SELL,0.0700,10466951.000,2024-07-20 05:27:35.670
BTC,SELL,0.0500,10466950.000,2024-07-20 05:27:35.670
BTC,SELL,0.0100,10471999.000,2024-07-20 05:28:15.052
BTC,SELL,0.0500,10471999.000,2024-07-20 05:28:15.052
BTC,SELL,0.1000,10471999.000,2024-07-20 05:28:15.052
BTC,SELL,0.0493,10469228.000,2024-07-20 05:28:15.052
BTC,BUY,0.0001,10469200.000,2024-07-20 05:31:59.938
BTC,BUY,0.0001,10469050.000,2024-07-20 05:32:32.729
BTC,BUY,0.0001,10470500.000,2024-07-20 05:32:55.716
BTC,BUY,0.0001,10470389.000,2024-07-20 05:33:02.702
BTC,SELL,0.0026,10465460.000,2024-07-20 05:33:33.595
BTC,SELL,0.0100,10460000.000,2024-07-20 05:34:33.984
BTC,BUY,0.0040,10463000.000,2024-07-20 05:35:22.016
BTC,BUY,0.0100,10463000.000,2024-07-20 05:38:51.958
BTC,BUY,0.0005,10463000.000,2024-07-20 05:39:04.917
BTC,BUY,0.0100,10463000.000,2024-07-20 05:41:42.556
BTC,SELL,0.0200,10462999.000,2024-07-20 05:42:13.200
BTC,BUY,0.0001,10463000.000,2024-07-20 05:45:11.999
BTC,SELL,0.0002,10468308.000,2024-07-20 05:50:03.376
BTC,SELL,0.0003,10466845.000,2024-07-20 05:50:03.376
BTC,SELL,0.0850,10466759.000,2024-07-20 05:50:50.703
BTC,SELL,0.0150,10466759.000,2024-07-20 05:50:51.949
BTC,BUY,0.0010,10468309.000,2024-07-20 05:52:46.692
BTC,BUY,0.0050,10468560.000,2024-07-20 05:52:46.692
BTC,BUY,0.0040,10471965.000,2024-07-20 05:52:46.692
BTC,BUY,0.0001,10472065.000,2024-07-20 05:53:41.712
BTC,SELL,0.0020,10472000.000,2024-07-20 05:54:27.116
BTC,BUY,0.0050,10472025.000,2024-07-20 05:54:39.064
BTC,BUY,0.0049,10472065.000,2024-07-20 05:54:39.064
BTC,BUY,0.0051,10472255.000,2024-07-20 05:54:39.064
BTC,BUY,0.0007,10473050.000,2024-07-20 05:57:53.687
BTC,BUY,0.0010,10473000.000,2024-07-20 05:57:55.990
BTC,BUY,0.0007,10472750.000,2024-07-20 05:58:09.770
BTC,SELL,0.0055,10472000.000,2024-07-20 05:58:19.374
BTC,SELL,0.0045,10471964.000,2024-07-20 05:58:19.374
BTC,BUY,0.0100,10472150.000,2024-07-20 06:00:00.285
BTC,SELL,0.0001,10471818.000,2024-07-20 06:00:19.522
BTC,SELL,0.0005,10470000.000,2024-07-20 06:00:32.741
BTC,BUY,0.0001,10470299.000,2024-07-20 06:00:33.730
BTC,SELL,0.0045,10470000.000,2024-07-20 06:00:43.701
BTC,SELL,0.0125,10468080.000,2024-07-20 06:01:06.850
BTC,SELL,0.0300,10467522.000,2024-07-20 06:01:09.930
BTC,SELL,0.2659,10466440.000,2024-07-20 06:01:09.930
BTC,BUY,0.0500,10469000.000,2024-07-20 06:01:23.180
BTC,BUY,0.0333,10469000.000,2024-07-20 06:01:23.180
BTC,BUY,0.0117,10469048.000,2024-07-20 06:01:23.180
BTC,SELL,0.0050,10469050.000,2024-07-20 06:02:48.325
BTC,SELL,0.0050,10471931.000,2024-07-20 06:08:00.905
BTC,SELL,0.0410,10471896.000,2024-07-20 06:08:00.905
BTC,SELL,0.0040,10471075.000,2024-07-20 06:08:00.905
BTC,BUY,0.0002,10474999.000,2024-07-20 06:08:10.937
BTC,BUY,0.0003,10475079.000,2024-07-20 06:09:30.002
BTC,BUY,0.0007,10475079.000,2024-07-20 06:09:47.838
BTC,BUY,0.0002,10475986.000,2024-07-20 06:09:47.838
BTC,BUY,0.0014,10477149.000,2024-07-20 06:12:34.751
BTC,BUY,0.0020,10476511.000,2024-07-20 06:14:25.918
BTC,BUY,0.0011,10476511.000,2024-07-20 06:14:31.233
BTC,BUY,0.0001,10475451.000,2024-07-20 06:15:50.560
BTC,SELL,0.0043,10473330.000,2024-07-20 06:17:52.302
BTC,BUY,0.0001,10472850.000,2024-07-20 06:18:07.413
BTC,BUY,0.0001,10472550.000,2024-07-20 06:18:18.860
BTC,BUY,0.0001,10472499.000,2024-07-20 06:18:22.404
BTC,BUY,0.0001,10475988.000,2024-07-20 06:21:15.334
BTC,BUY,0.0005,10475451.000,2024-07-20 06:22:02.637
BTC,BUY,0.0003,10474921.000,2024-07-20 06:22:26.879
BTC,BUY,0.0020,10474921.000,2024-07-20 06:23:08.184
BTC,BUY,0.0002,10475551.000,2024-07-20 06:24:55.494
BTC,BUY,0.0002,10475869.000,2024-07-20 06:25:09.317
BTC,BUY,0.0001,10475951.000,2024-07-20 06:25:25.811
BTC,BUY,0.0001,10475951.000,2024-07-20 06:25:44.043
BTC,BUY,0.0001,10475951.000,2024-07-20 06:26:11.541
BTC,BUY,0.0002,10476451.000,2024-07-20 06:27:25.697
BTC,BUY,0.0009,10477007.000,2024-07-20 06:28:10.812
BTC,BUY,0.0001,10479319.000,2024-07-20 06:28:10.812
BTC,BUY,0.0001,10479319.000,2024-07-20 06:28:23.960
BTC,BUY,0.0001,10476306.000,2024-07-20 06:30:22.454
BTC,BUY,0.0050,10475514.000,2024-07-20 06:30:47.441
BTC,BUY,0.0027,10476306.000,2024-07-20 06:30:47.441
BTC,BUY,0.0001,10476240.000,2024-07-20 06:31:19.751
BTC,BUY,0.0010,10476450.000,2024-07-20 06:32:20.417
BTC,BUY,0.0027,10476511.000,2024-07-20 06:34:40.522
BTC,BUY,0.0003,10478720.000,2024-07-20 06:34:40.522
BTC,BUY,0.0020,10478700.000,2024-07-20 06:35:41.260
BTC,BUY,0.0010,10478720.000,2024-07-20 06:35:53.309
BTC,BUY,0.0001,10480000.000,2024-07-20 06:38:09.511
BTC,BUY,0.0001,10480000.000,2024-07-20 06:38:10.307
BTC,BUY,0.0001,10480000.000,2024-07-20 06:38:10.518
BTC,BUY,0.0001,10480000.000,2024-07-20 06:38:10.843
BTC,BUY,0.0001,10480000.000,2024-07-20 06:38:11.371
BTC,BUY,0.0001,10480000.000,2024-07-20 06:38:11.860
BTC,BUY,0.0001,10480000.000,2024-07-20 06:38:12.384
BTC,BUY,0.0001,10480000.000,2024-07-20 06:38:12.871
BTC,BUY,0.0001,10480000.000,2024-07-20 06:38:13.188
BTC,BUY,0.0001,10480000.000,2024-07-20 06:38:13.408
BTC,BUY,0.0019,10480000.000,2024-07-20 06:38:52.262
BTC,BUY,0.0001,10480000.000,2024-07-20 06:39:04.384
BTC,BUY,0.0170,10480000.000,2024-07-20 06:39:33.187
BTC,BUY,0.0015,10480000.000,2024-07-20 06:39:33.187
BTC,BUY,0.0815,10480000.000,2024-07-20 06:39:33.187
BTC,BUY,0.0001,10480000.000,2024-07-20 06:39:39.085
BTC,BUY,0.1000,10480000.000,2024-07-20 06:39:46.376
BTC,BUY,0.0593,10480000.000,2024-07-20 06:40:00.778
BTC,BUY,0.0047,10480000.000,2024-07-20 06:40:24.523
BTC,BUY,0.0041,10484750.000,2024-07-20 06:40:36.198
BTC,BUY,0.0790,10484789.000,2024-07-20 06:40:36.198
BTC,BUY,0.0169,10484850.000,2024-07-20 06:40:36.198
BTC,BUY,0.0831,10484750.000,2024-07-20 06:40:48.795
BTC,BUY,0.0239,10485921.000,2024-07-20 06:40:48.795
BTC,BUY,0.0333,10485350.000,2024-07-20 06:41:26.020
BTC,BUY,0.0111,10485760.000,2024-07-20 06:41:26.020
BTC,BUY,0.0187,10485929.000,2024-07-20 06:41:26.020
BTC,BUY,0.0269,10485955.000,2024-07-20 06:41:26.020
BTC,BUY,0.0100,10486000.000,2024-07-20 06:41:38.485
BTC,BUY,0.0042,10486000.000,2024-07-20 06:41:53.878
BTC,BUY,0.0008,10486600.000,2024-07-20 06:41:53.878
BTC,BUY,0.0008,10485905.000,2024-07-20 06:42:13.573
BTC,BUY,0.0001,10485000.000,2024-07-20 06:45:33.369
BTC,SELL,0.0010,10487405.000,2024-07-20 06:45:52.167
BTC,BUY,0.0700,10487406.000,2024-07-20 06:47:46.768
BTC,SELL,0.0250,10487605.000,2024-07-20 06:48:01.097
BTC,SELL,0.0100,10487405.000,2024-07-20 06:48:01.097
BTC,SELL,0.0050,10486050.000,2024-07-20 06:48:01.097
BTC,SELL,0.0050,10484990.000,2024-07-20 06:48:01.097
BTC,SELL,0.0050,10482340.000,2024-07-20 06:48:01.097
BTC,SELL,0.0040,10481947.000,2024-07-20 06:48:01.097
BTC,SELL,0.0125,10481840.000,2024-07-20 06:48:01.097
BTC,SELL,0.0340,10481810.000,2024-07-20 06:48:01.097
BTC,SELL,0.0057,10481810.000,2024-07-20 06:48:01.376
BTC,SELL,0.0057,10481815.000,2024-07-20 06:48:02.543
BTC,SELL,0.0023,10481782.000,2024-07-20 06:49:30.349
BTC,BUY,0.0001,10485603.000,2024-07-20 06:54:10.516
BTC,BUY,0.0050,10484749.000,2024-07-20 06:55:34.268
BTC,BUY,0.0002,10485603.000,2024-07-20 06:55:44.017
BTC,BUY,0.0020,10485603.000,2024-07-20 06:59:06.956
BTC,BUY,0.0125,10486240.000,2024-07-20 07:00:30.258
BTC,BUY,0.0300,10486309.000,2024-07-20 07:00:30.258
BTC,BUY,0.0162,10487000.000,2024-07-20 07:00:30.258
BTC,BUY,0.0011,10488097.000,2024-07-20 07:00:30.258
BTC,BUY,0.0001,10489017.000,2024-07-20 07:01:00.493
BTC,BUY,0.0700,10489016.000,2024-07-20 07:01:02.187
BTC,BUY,0.0001,10489021.000,2024-07-20 07:01:02.187
BTC,BUY,0.0100,10490549.000,2024-07-20 07:01:02.187
BTC,BUY,0.0199,10490550.000,2024-07-20 07:01:02.187
BTC,BUY,0.0100,10490353.000,2024-07-20 07:01:15.340
BTC,BUY,0.0223,10490353.000,2024-07-20 07:01:15.340
BTC,BUY,0.1000,10487457.000,2024-07-20 07:02:02.405
BTC,SELL,0.0018,10487234.000,2024-07-20 07:02:11.253
BTC,SELL,0.0341,10487234.000,2024-07-20 07:02:12.037
BTC,SELL,0.0100,10487234.000,2024-07-20 07:02:12.104
BTC,SELL,0.0031,10487234.000,2024-07-20 07:02:12.453
BTC,SELL,0.0149,10487234.000,2024-07-20 07:02:12.526
BTC,SELL,0.0361,10487234.000,2024-07-20 07:02:12.616
BTC,SELL,0.0080,10485603.000,2024-07-20 07:02:12.616
BTC,SELL,0.0059,10485000.000,2024-07-20 07:02:12.616
BTC,SELL,0.0200,10485000.000,2024-07-20 07:02:13.118
BTC,SELL,0.0100,10485000.000,2024-07-20 07:02:13.832
BTC,SELL,0.0200,10485000.000,2024-07-20 07:02:13.972
BTC,SELL,0.0100,10485000.000,2024-07-20 07:02:14.672
BTC,SELL,0.0100,10485000.000,2024-07-20 07:02:14.758
BTC,SELL,0.0191,10485000.000,2024-07-20 07:02:15.408
BTC,SELL,0.0009,10480000.000,2024-07-20 07:02:15.408
BTC,SELL,0.0423,10480822.000,2024-07-20 07:02:18.543
BTC,BUY,0.0057,10480301.000,2024-07-20 07:02:26.289
BTC,BUY,0.0118,10480128.000,2024-07-20 07:03:04.663
BTC,BUY,0.0482,10480128.000,2024-07-20 07:03:04.663
BTC,SELL,0.0012,10480001.000,2024-07-20 07:03:07.527
BTC,BUY,0.0100,10480126.000,2024-07-20 07:03:21.578
BTC,BUY,0.0100,10480025.000,2024-07-20 07:03:52.228
BTC,BUY,0.0020,10480030.000,2024-07-20 07:04:07.693
BTC,BUY,0.0012,10480390.000,2024-07-20 07:04:21.114
BTC,BUY,0.0014,10480500.000,2024-07-20 07:04:26.858
BTC,SELL,0.0045,10480001.000,2024-07-20 07:04:31.071
BTC,SELL,0.0044,10480000.000,2024-07-20 07:04:31.071
BTC,SELL,0.0001,10480000.000,2024-07-20 07:04:31.071
BTC,BUY,0.0001,10480110.000,2024-07-20 07:04:53.347
BTC,BUY,0.0001,10481846.000,2024-07-20 07:07:31.889
BTC,BUY,0.0001,10481846.000,2024-07-20 07:10:42.830
BTC,BUY,0.0005,10481846.000,2024-07-20 07:11:57.359
BTC,BUY,0.0001,10481846.000,2024-07-20 07:12:18.054
BTC,SELL,0.0012,10481174.000,2024-07-20 07:13:29.033
BTC,SELL,0.0008,10481329.000,2024-07-20 07:13:38.983
BTC,SELL,0.0011,10484541.000,2024-07-20 07:15:17.828
BTC,SELL,0.0022,10483758.000,2024-07-20 07:15:17.828
BTC,SELL,0.0002,10486802.000,2024-07-20 07:15:45.427
BTC,BUY,0.0100,10489785.000,2024-07-20 07:16:21.008
BTC,BUY,0.0001,10490000.000,2024-07-20 07:19:46.780
BTC,BUY,0.0099,10490000.000,2024-07-20 07:19:46.780
BTC,BUY,0.0001,10490000.000,2024-07-20 07:20:47.158
BTC,BUY,0.0002,10490000.000,2024-07-20 07:20:47.158
BTC,BUY,0.0017,10490099.000,2024-07-20 07:20:47.158
BTC,BUY,0.0063,10490099.000,2024-07-20 07:20:59.740
BTC,BUY,0.0021,10491309.000,2024-07-20 07:20:59.740
BTC,BUY,0.0016,10491341.000,2024-07-20 07:20:59.740
BTC,BUY,0.0060,10491341.000,2024-07-20 07:21:05.822
BTC,BUY,0.0054,10491341.000,2024-07-20 07:21:16.981
BTC,BUY,0.0046,10492605.000,2024-07-20 07:21:16.981
BTC,BUY,0.0200,10492605.000,2024-07-20 07:21:22.411
BTC,BUY,0.0100,10492605.000,2024-07-20 07:21:23.929
BTC,BUY,0.0100,10492605.000,2024-07-20 07:21:25.202
BTC,BUY,0.0100,10492605.000,2024-07-20 07:21:28.011
BTC,BUY,0.0054,10492605.000,2024-07-20 07:21:34.636
BTC,BUY,0.0002,10492686.000,2024-07-20 07:21:37.787
BTC,BUY,0.0001,10494360.000,2024-07-20 07:21:49.023
BTC,BUY,0.0001,10496120.000,2024-07-20 07:21:49.023
BTC,BUY,0.0049,10496120.000,2024-07-20 07:23:03.073
BTC,SELL,0.0004,10496240.000,2024-07-20 07:23:46.064
BTC,BUY,0.0001,10499999.000,2024-07-20 07:24:16.563
BTC,BUY,0.0002,10499999.000,2024-07-20 07:24:34.568
BTC,BUY,0.0001,10499999.000,2024-07-20 07:25:35.041
BTC,BUY,0.0002,10499999.000,2024-07-20 07:25:46.204
BTC,BUY,0.0016,10495614.000,2024-07-20 07:28:26.009
BTC,BUY,0.0052,10495615.000,2024-07-20 07:28:26.009
BTC,BUY,0.0121,10495230.000,2024-07-20 07:31:04.136
BTC,BUY,0.0090,10495240.000,2024-07-20 07:31:04.136
BTC,BUY,0.0022,10495438.000,2024-07-20 07:31:04.136
BTC,BUY,0.0300,10496359.000,2024-07-20 07:31:04.136
BTC,BUY,0.1000,10497077.000,2024-07-20 07:31:04.136
BTC,BUY,0.0100,10497169.000,2024-07-20 07:31:04.136
BTC,BUY,0.0367,10497180.000,2024-07-20 07:31:04.136
BTC,BUY,0.0100,10494715.000,2024-07-20 07:31:38.788
BTC,BUY,0.0140,10494716.000,2024-07-20 07:31:38.788
BTC,SELL,0.0005,10494558.000,2024-07-20 07:31:48.210
BTC,SELL,0.0500,10493322.000,2024-07-20 07:33:14.848
BTC,SELL,0.0100,10493322.000,2024-07-20 07:33:33.831
BTC,SELL,0.0500,10492512.000,2024-07-20 07:35:09.756
BTC,SELL,0.0241,10492472.000,2024-07-20 07:35:19.193
BTC,SELL,0.0009,10492472.000,2024-07-20 07:35:29.578
BTC,SELL,0.0091,10490205.000,2024-07-20 07:35:35.025
BTC,BUY,0.0010,10493270.000,2024-07-20 07:36:51.385
BTC,BUY,0.0001,10493270.000,2024-07-20 07:40:44.502
BTC,BUY,0.0003,10493270.000,2024-07-20 07:40:58.601
BTC,SELL,0.0001,10489999.000,2024-07-20 07:43:39.306
BTC,BUY,0.0120,10490000.000,2024-07-20 07:47:16.072
BTC,BUY,0.0001,10492481.000,2024-07-20 07:47:26.584
BTC,SELL,0.0002,10491879.000,2024-07-20 07:48:17.512
BTC,SELL,0.0037,10490576.000,2024-07-20 07:49:37.521
BTC,SELL,0.0024,10490621.000,2024-07-20 07:49:43.035
BTC,SELL,0.0001,10489999.000,2024-07-20 07:53:35.404
BTC,SELL,0.0009,10489590.000,2024-07-20 07:54:00.635
BTC,SELL,0.0002,10489608.000,2024-07-20 07:56:35.081
BTC,BUY,0.0001,10489760.000,2024-07-20 07:57:29.692
BTC,SELL,0.0100,10489590.000,2024-07-20 07:57:56.969
BTC,SELL,0.0040,10489590.000,2024-07-20 07:59:11.353
BTC,SELL,0.0011,10488322.000,2024-07-20 07:59:43.525
BTC,SELL,0.0030,10488322.000,2024-07-20 07:59:44.618
BTC,SELL,0.0001,10485520.000,2024-07-20 07:59:45.281
BTC,SELL,0.0009,10485520.000,2024-07-20 07:59:55.014
BTC,SELL,0.0001,10484990.000,2024-07-20 07:59:55.014
BTC,SELL,0.0009,10484990.000,2024-07-20 08:00:00.550
BTC,SELL,0.0002,10486050.000,2024-07-20 08:00:12.014
BTC,BUY,0.0002,10488640.000,2024-07-20 08:00:50.106
BTC,SELL,0.0040,10484990.000,2024-07-20 08:00:51.977
BTC,SELL,0.0790,10484990.000,2024-07-20 08:00:51.977
BTC,SELL,0.0170,10484859.000,2024-07-20 08:00:51.977
BTC,SELL,0.0007,10482023.000,2024-07-20 08:01:53.515
BTC,BUY,0.0002,10482023.000,2024-07-20 08:02:12.304
BTC,BUY,0.0007,10483416.000,2024-07-20 08:02:53.767
BTC,BUY,0.0001,10482332.000,2024-07-20 08:03:00.017
BTC,BUY,0.0001,10482363.000,2024-07-20 08:03:04.511
BTC,SELL,0.0001,10480000.000,2024-07-20 08:03:43.376
BTC,BUY,0.0002,10482227.000,2024-07-20 08:04:23.102
BTC,BUY,0.0010,10481335.000,2024-07-20 08:05:20.970
BTC,SELL,0.0009,10481444.000,2024-07-20 08:07:17.054
BTC,SELL,0.0010,10481335.000,2024-07-20 08:08:04.519
BTC,SELL,0.0013,10481330.000,2024-07-20 08:08:22.011
BTC,SELL,0.0024,10489624.000,2024-07-20 08:09:54.510
BTC,BUY,0.0010,10488772.000,2024-07-20 08:10:05.707
BTC,BUY,0.0001,10489467.000,2024-07-20 08:10:44.703
BTC,SELL,0.0004,10490521.000,2024-07-20 08:12:33.022
BTC,BUY,0.0005,10490957.000,2024-07-20 08:13:24.893
BTC,SELL,0.0022,10491621.000,2024-07-20 08:14:04.089
BTC,SELL,0.0006,10490965.000,2024-07-20 08:16:20.022
BTC,SELL,0.0031,10491037.000,2024-07-20 08:16:27.056
BTC,SELL,0.0002,10491852.000,2024-07-20 08:20:01.010
BTC,SELL,0.0300,10490652.000,2024-07-20 08:20:36.190
BTC,SELL,0.1059,10489369.000,2024-07-20 08:20:36.190
BTC,SELL,0.0050,10489313.000,2024-07-20 08:20:36.190
BTC,SELL,0.0100,10486001.000,2024-07-20 08:20:36.190
BTC,SELL,0.0121,10486000.000,2024-07-20 08:20:36.190
BTC,SELL,0.0300,10485985.000,2024-07-20 08:20:36.190
BTC,SELL,0.0070,10485910.000,2024-07-20 08:20:36.190
BTC,SELL,0.1000,10490391.000,2024-07-20 08:23:18.299
BTC,SELL,0.0015,10483800.000,2024-07-20 08:24:32.086
BTC,BUY,0.0002,10483193.000,2024-07-20 08:28:56.593
BTC,BUY,0.0081,10483193.000,2024-07-20 08:29:18.742
BTC,SELL,0.0003,10480000.000,2024-07-20 08:30:46.545
BTC,SELL,0.0001,10480000.000,2024-07-20 08:33:11.549
BTC,SELL,0.0004,10480000.000,2024-07-20 08:33:13.242
BTC,SELL,0.0123,10479060.000,2024-07-20 08:33:13.242
BTC,BUY,0.0050,10472131.000,2024-07-20 08:37:26.425
BTC,BUY,0.0035,10472133.000,2024-07-20 08:37:26.425
BTC,SELL,0.0717,10471760.000,2024-07-20 08:37:53.470
BTC,SELL,0.0299,10471000.000,2024-07-20 08:37:53.470
BTC,SELL,0.0035,10470000.000,2024-07-20 08:38:11.510
BTC,SELL,0.0002,10470000.000,2024-07-20 08:38:20.903
BTC,SELL,0.0500,10470000.000,2024-07-20 08:38:21.412
BTC,BUY,0.0100,10470001.000,2024-07-20 08:38:25.049
BTC,SELL,0.0050,10470454.000,2024-07-20 08:38:44.370
BTC,BUY,0.0003,10477201.000,2024-07-20 08:39:52.253
BTC,BUY,0.0140,10480000.000,2024-07-20 08:40:38.184
BTC,BUY,0.0002,10479920.000,2024-07-20 08:42:07.027
BTC,SELL,0.0123,10479694.000,2024-07-20 08:44:55.273
BTC,SELL,0.0002,10475000.000,2024-07-20 08:46:30.016
BTC,SELL,0.0009,10473105.000,2024-07-20 08:46:36.806
BTC,BUY,0.0001,10473280.000,2024-07-20 08:47:00.425
BTC,SELL,0.0032,10473120.000,2024-07-20 08:49:56.018
BTC,SELL,0.0081,10470000.000,2024-07-20 08:51:26.222
BTC,BUY,0.0030,10473174.000,2024-07-20 08:54:25.443
BTC,BUY,0.0007,10474225.000,2024-07-20 08:55:39.295
BTC,BUY,0.0077,10470996.000,2024-07-20 08:58:49.138
BTC,BUY,0.0005,10474000.000,2024-07-20 08:59:00.123
BTC,BUY,0.0001,10474018.000,2024-07-20 09:00:10.382
BTC,BUY,0.0004,10474568.000,2024-07-20 09:00:25.743
BTC,BUY,0.0005,10474552.000,2024-07-20 09:01:48.597
BTC,SELL,0.0001,10474552.000,2024-07-20 09:05:51.106
BTC,SELL,0.0039,10473430.000,2024-07-20 09:05:51.106
BTC,BUY,0.0002,10473979.000,2024-07-20 09:08:22.805
BTC,BUY,0.0200,10475000.000,2024-07-20 09:09:43.137
BTC,BUY,0.0100,10475000.000,2024-07-20 09:10:07.609
BTC,BUY,0.0500,10475000.000,2024-07-20 09:10:11.856
BTC,BUY,0.0100,10475000.000,2024-07-20 09:10:21.003
BTC,BUY,0.0100,10475000.000,2024-07-20 09:10:41.754
BTC,SELL,0.0069,10478901.000,2024-07-20 09:12:47.996
BTC,BUY,0.0050,10479648.000,2024-07-20 09:15:10.144
BTC,BUY,0.0050,10479649.000,2024-07-20 09:15:18.898
BTC,BUY,0.0020,10479920.000,2024-07-20 09:15:18.898
BTC,BUY,0.0009,10479998.000,2024-07-20 09:16:47.564
BTC,BUY,0.0790,10479921.000,2024-07-20 09:17:12.662
BTC,BUY,0.0635,10479928.000,2024-07-20 09:17:12.662
BTC,BUY,0.0001,10479999.000,2024-07-20 09:17:16.313
BTC,BUY,0.0001,10479999.000,2024-07-20 09:17:24.587
BTC,BUY,0.0100,10480000.000,2024-07-20 09:17:50.406
BTC,BUY,0.0005,10480000.000,2024-07-20 09:18:32.749
BTC,BUY,0.0001,10480000.000,2024-07-20 09:18:46.688
BTC,SELL,0.0010,10479999.000,2024-07-20 09:20:03.901
BTC,SELL,0.0002,10479999.000,2024-07-20 09:20:13.309
BTC,SELL,0.0010,10479920.000,2024-07-20 09:22:30.081
BTC,BUY,0.0017,10479921.000,2024-07-20 09:22:32.715
BTC,BUY,0.0001,10479921.000,2024-07-20 09:22:38.219
BTC,SELL,0.0004,10479920.000,2024-07-20 09:23:02.991
BTC,BUY,0.0015,10479960.000,2024-07-20 09:23:03.929
BTC,BUY,0.0010,10479960.000,2024-07-20 09:23:08.337
BTC,SELL,0.0030,10479920.000,2024-07-20 09:23:09.238
BTC,SELL,0.0006,10479920.000,2024-07-20 09:23:09.238
BTC,SELL,0.1000,10479284.000,2024-07-20 09:23:09.238
BTC,SELL,0.0018,10477519.000,2024-07-20 09:23:09.238
BTC,SELL,0.0043,10474641.000,2024-07-20 09:23:09.238
BTC,SELL,0.0700,10471800.000,2024-07-20 09:23:09.238
BTC,SELL,0.0090,10471799.000,2024-07-20 09:23:09.238
BTC,SELL,0.0300,10471778.000,2024-07-20 09:23:09.238
BTC,SELL,0.0200,10471471.000,2024-07-20 09:23:09.238
BTC,SELL,0.0023,10470996.000,2024-07-20 09:23:09.238
BTC,SELL,0.0590,10470680.000,2024-07-20 09:23:09.238
BTC,BUY,0.0002,10475945.000,2024-07-20 09:25:40.068
BTC,BUY,0.0010,10479840.000,2024-07-20 09:28:40.422
BTC,BUY,0.0003,10479913.000,2024-07-20 09:28:54.001
BTC,SELL,0.0071,10479999.000,2024-07-20 09:32:02.560
BTC,BUY,0.0200,10480000.000,2024-07-20 09:32:13.116
BTC,BUY,0.0100,10480000.000,2024-07-20 09:32:15.214
BTC,BUY,0.0100,10480000.000,2024-07-20 09:32:17.426
BTC,BUY,0.0100,10480000.000,2024-07-20 09:32:26.711
BTC,BUY,0.0100,10480000.000,2024-07-20 09:32:35.159
BTC,BUY,0.0100,10480000.000,2024-07-20 09:32:37.987
BTC,BUY,0.0200,10480000.000,2024-07-20 09:32:40.897
BTC,BUY,0.0010,10480000.000,2024-07-20 09:32:42.334
BTC,BUY,0.0100,10480000.000,2024-07-20 09:32:43.959
BTC,BUY,0.0127,10480000.000,2024-07-20 09:33:12.467
BTC,BUY,0.0050,10480000.000,2024-07-20 09:33:12.529
BTC,BUY,0.0020,10480000.000,2024-07-20 09:33:12.625
BTC,BUY,0.0047,10480000.000,2024-07-20 09:33:17.133
BTC,BUY,0.0010,10480000.000,2024-07-20 09:33:17.133
BTC,BUY,0.0002,10485687.000,2024-07-20 09:34:53.034
BTC,BUY,0.0004,10487121.000,2024-07-20 09:35:17.722
BTC,BUY,0.0001,10488516.000,2024-07-20 09:35:32.509
BTC,BUY,0.0849,10493270.000,2024-07-20 09:35:51.759
BTC,BUY,0.0050,10493270.000,2024-07-20 09:35:51.759
BTC,BUY,0.0001,10495000.000,2024-07-20 09:35:51.759
BTC,BUY,0.0001,10496380.000,2024-07-20 09:35:51.759
BTC,BUY,0.0362,10498006.000,2024-07-20 09:35:51.759
BTC,BUY,0.0037,10499999.000,2024-07-20 09:35:51.759
BTC,BUY,0.0001,10500000.000,2024-07-20 09:35:55.793
BTC,BUY,0.0001,10500000.000,2024-07-20 09:35:55.833
BTC,BUY,0.0050,10495400.000,2024-07-20 09:39:09.295
BTC,SELL,0.0030,10492941.000,2024-07-20 09:39:33.634
BTC,SELL,0.0063,10492410.000,2024-07-20 09:39:37.839
BTC,BUY,0.0001,10495000.000,2024-07-20 09:39:48.311
BTC,BUY,0.0700,10499523.000,2024-07-20 09:40:08.428
BTC,BUY,0.0060,10499523.000,2024-07-20 09:40:08.428
BTC,BUY,0.0240,10499770.000,2024-07-20 09:40:08.428
BTC,BUY,0.0001,10500000.000,2024-07-20 09:40:55.244
BTC,BUY,0.0002,10500000.000,2024-07-20 09:40:56.104
BTC,BUY,0.0095,10500000.000,2024-07-20 09:41:20.906
BTC,BUY,0.0005,10500000.000,2024-07-20 09:41:20.906
BTC,BUY,0.0001,10499836.000,2024-07-20 09:43:40.832
BTC,SELL,0.0001,10499770.000,2024-07-20 09:44:58.550
BTC,BUY,0.0030,10489835.000,2024-07-20 09:47:04.341
BTC,SELL,0.0010,10487121.000,2024-07-20 09:51:35.314
BTC,BUY,0.0001,10490034.000,2024-07-20 09:51:53.619
BTC,BUY,0.0001,10489093.000,2024-07-20 09:52:04.324
BTC,BUY,0.0001,10488164.000,2024-07-20 09:52:42.969
BTC,BUY,0.0066,10487184.000,2024-07-20 09:54:34.922
BTC,BUY,0.0010,10487184.000,2024-07-20 09:54:48.089
BTC,BUY,0.0002,10487182.000,2024-07-20 09:55:00.194
BTC,BUY,0.0001,10487181.000,2024-07-20 09:55:21.764
BTC,SELL,0.0002,10487121.000,2024-07-20 09:55:57.157
BTC,SELL,0.0020,10487121.000,2024-07-20 09:56:13.348
BTC,SELL,0.0050,10487121.000,2024-07-20 09:56:13.478
BTC,SELL,0.0002,10487121.000,2024-07-20 09:56:47.017
BTC,SELL,0.0019,10487121.000,2024-07-20 09:56:55.017
BTC,SELL,0.0109,10481539.000,2024-07-20 09:56:55.017
BTC,SELL,0.0342,10481538.000,2024-07-20 09:56:55.017
BTC,SELL,0.0043,10486883.000,2024-07-20 09:58:11.099
BTC,BUY,0.0029,10483510.000,2024-07-20 10:01:00.263
BTC,BUY,0.0001,10483260.000,2024-07-20 10:03:03.586
BTC,BUY,0.0002,10484004.000,2024-07-20 10:05:48.483
BTC,SELL,0.0166,10484003.000,2024-07-20 10:06:38.114
BTC,BUY,0.0001,10484004.000,2024-07-20 10:06:55.565
BTC,BUY,0.0007,10484004.000,2024-07-20 10:07:41.597
BTC,BUY,0.0010,10487419.000,2024-07-20 10:10:48.394
BTC,BUY,0.0040,10485146.000,2024-07-20 10:11:30.597
BTC,BUY,0.0010,10485046.000,2024-07-20 10:11:40.551
BTC,BUY,0.0010,10484226.000,2024-07-20 10:11:51.333
BTC,SELL,0.0019,10484226.000,2024-07-20 10:12:27.460
BTC,BUY,0.0001,10485304.000,2024-07-20 10:14:23.878
BTC,SELL,0.0018,10484225.000,2024-07-20 10:14:23.930
BTC,BUY,0.0050,10484005.000,2024-07-20 10:16:20.890
BTC,SELL,0.0006,10484004.000,2024-07-20 10:17:19.532
BTC,SELL,0.0018,10484004.000,2024-07-20 10:17:39.638
BTC,BUY,0.0001,10482248.000,2024-07-20 10:21:38.517
BTC,BUY,0.0001,10482248.000,2024-07-20 10:21:44.563
BTC,BUY,0.0017,10483119.000,2024-07-20 10:25:13.631
BTC,BUY,0.0010,10483119.000,2024-07-20 10:25:13.631
BTC,BUY,0.0099,10482783.000,2024-07-20 10:30:15.253
BTC,BUY,0.0163,10482250.000,2024-07-20 10:33:58.862
BTC,SELL,0.0001,10482247.000,2024-07-20 10:43:16.332
BTC,SELL,0.0001,10482247.000,2024-07-20 10:43:17.990
BTC,BUY,0.0080,10481552.000,2024-07-20 10:43:19.994
BTC,SELL,0.0014,10481551.000,2024-07-20 10:43:20.064
BTC,SELL,0.0003,10481070.000,2024-07-20 10:43:57.512
BTC,SELL,0.0047,10481070.000,2024-07-20 10:43:58.507
BTC,SELL,0.0001,10480000.000,2024-07-20 10:43:58.507
BTC,SELL,0.0001,10480000.000,2024-07-20 10:43:58.507
BTC,SELL,0.0050,10477570.000,2024-07-20 10:43:58.507
BTC,SELL,0.0001,10474637.000,2024-07-20 10:43:58.507
BTC,BUY,0.0013,10474644.000,2024-07-20 10:44:19.419
BTC,SELL,0.0001,10474643.000,2024-07-20 10:45:09.195
BTC,SELL,0.0030,10474643.000,2024-07-20 10:45:31.024
BTC,SELL,0.0020,10474643.000,2024-07-20 10:45:43.285
BTC,BUY,0.0100,10474644.000,2024-07-20 10:46:08.922
BTC,BUY,0.0001,10479789.000,2024-07-20 10:47:21.514
BTC,BUY,0.0004,10479789.000,2024-07-20 10:47:27.072
BTC,BUY,0.0001,10479789.000,2024-07-20 10:47:29.356
BTC,BUY,0.0001,10479789.000,2024-07-20 10:47:48.655
BTC,SELL,0.0036,10479788.000,2024-07-20 10:48:56.429
BTC,SELL,0.0964,10479788.000,2024-07-20 10:48:56.429
BTC,BUY,0.0001,10479789.000,2024-07-20 10:49:17.635
