symbol,side,size,price,timestamp
BTC,BUY,0.0010,9493600.000,2024-07-14 21:00:25.950
BTC,BUY,0.0001,9493600.000,2024-07-14 21:00:27.306
BTC,SELL,0.0027,9493360.000,2024-07-14 21:01:19.838
BTC,SELL,0.0100,9493360.000,2024-07-14 21:01:23.574
BTC,SELL,0.0200,9493360.000,2024-07-14 21:01:23.710
BTC,SELL,0.0357,9493360.000,2024-07-14 21:01:26.759
BTC,SELL,0.0307,9493360.000,2024-07-14 21:01:26.872
BTC,SELL,0.0001,9493360.000,2024-07-14 21:01:26.872
BTC,BUY,0.0295,9490001.000,2024-07-14 21:03:10.552
BTC,BUY,0.0905,9490001.000,2024-07-14 21:03:10.552
BTC,SELL,0.0050,9489830.000,2024-07-14 21:04:32.542
BTC,SELL,0.0500,9489830.000,2024-07-14 21:04:42.618
BTC,SELL,0.0450,9489830.000,2024-07-14 21:04:55.202
BTC,SELL,0.0002,9489830.000,2024-07-14 21:04:55.202
BTC,BUY,0.0001,9504752.000,2024-07-14 21:09:00.084
BTC,BUY,0.0001,9504752.000,2024-07-14 21:09:06.103
BTC,BUY,0.0002,9504752.000,2024-07-14 21:09:06.103
BTC,BUY,0.0002,9505000.000,2024-07-14 21:09:06.103
BTC,BUY,0.0004,9511120.000,2024-07-14 21:09:06.103
BTC,BUY,0.0001,9510851.000,2024-07-14 21:09:14.931
BTC,BUY,0.0045,9514080.000,2024-07-14 21:09:31.680
BTC,BUY,0.0300,9514210.000,2024-07-14 21:09:31.680
BTC,BUY,0.0487,9514555.000,2024-07-14 21:09:31.680
BTC,BUY,0.0049,9515000.000,2024-07-14 21:09:31.746
BTC,BUY,0.3000,9515000.000,2024-07-14 21:09:31.746
BTC,BUY,0.0100,9515000.000,2024-07-14 21:09:31.746
BTC,BUY,0.0002,9515000.000,2024-07-14 21:09:31.746
BTC,BUY,0.0094,9516211.000,2024-07-14 21:09:31.746
BTC,BUY,0.0399,9516211.000,2024-07-14 21:09:32.703
BTC,BUY,0.0001,9516766.000,2024-07-14 21:09:34.522
BTC,BUY,0.0167,9520000.000,2024-07-14 21:09:42.674
BTC,BUY,0.0600,9520000.000,2024-07-14 21:09:43.322
BTC,BUY,0.2000,9520000.000,2024-07-14 21:09:45.220
BTC,BUY,0.0100,9520000.000,2024-07-14 21:09:45.358
BTC,BUY,0.0100,9520000.000,2024-07-14 21:09:49.458
BTC,BUY,0.0163,9520000.000,2024-07-14 21:09:49.653
BTC,BUY,0.0011,9520000.000,2024-07-14 21:09:49.653
BTC,BUY,0.0003,9520000.000,2024-07-14 21:09:49.653
BTC,BUY,0.0100,9520000.000,2024-07-14 21:09:49.653
BTC,BUY,0.0020,9520000.000,2024-07-14 21:09:49.653
BTC,BUY,0.0500,9520000.000,2024-07-14 21:09:49.653
BTC,BUY,0.0100,9520000.000,2024-07-14 21:09:49.653
BTC,BUY,0.0333,9520000.000,2024-07-14 21:09:49.653
BTC,BUY,0.0001,9520000.000,2024-07-14 21:09:49.653
BTC,BUY,0.0200,9520000.000,2024-07-14 21:09:49.653
BTC,BUY,0.0020,9520000.000,2024-07-14 21:09:49.653
BTC,BUY,0.0010,9520000.000,2024-07-14 21:09:49.653
BTC,BUY,0.0539,9520000.000,2024-07-14 21:09:49.653
BTC,BUY,0.0061,9520000.000,2024-07-14 21:09:49.951
BTC,BUY,0.0050,9520000.000,2024-07-14 21:09:49.951
BTC,BUY,0.0001,9520000.000,2024-07-14 21:09:49.951
BTC,BUY,0.0001,9520168.000,2024-07-14 21:10:09.337
BTC,BUY,0.0009,9520521.000,2024-07-14 21:10:21.242
BTC,BUY,0.0001,9520521.000,2024-07-14 21:10:25.883
BTC,BUY,0.0013,9523077.000,2024-07-14 21:10:27.141
BTC,BUY,0.0006,9523077.000,2024-07-14 21:10:27.141
BTC,BUY,0.0020,9524120.000,2024-07-14 21:10:28.203
BTC,BUY,0.0010,9525000.000,2024-07-14 21:10:29.719
BTC,BUY,0.0002,9525000.000,2024-07-14 21:10:29.719
BTC,BUY,0.0003,9530000.000,2024-07-14 21:10:33.488
BTC,BUY,0.0001,9530000.000,2024-07-14 21:10:33.488
BTC,BUY,0.0011,9530000.000,2024-07-14 21:10:33.488
BTC,BUY,0.0190,9530000.000,2024-07-14 21:10:33.488
BTC,BUY,0.0001,9530000.000,2024-07-14 21:10:33.488
BTC,BUY,0.0001,9530000.000,2024-07-14 21:10:33.488
BTC,BUY,0.0125,9530080.000,2024-07-14 21:10:33.488
BTC,BUY,0.0010,9531977.000,2024-07-14 21:10:33.488
BTC,BUY,0.0030,9533333.000,2024-07-14 21:10:33.488
BTC,BUY,0.0700,9535838.000,2024-07-14 21:10:33.488
BTC,BUY,0.1000,9536362.000,2024-07-14 21:10:33.488
BTC,BUY,0.0039,9536385.000,2024-07-14 21:10:33.488
BTC,BUY,0.5000,9536820.000,2024-07-14 21:10:33.488
BTC,BUY,0.0524,9537557.000,2024-07-14 21:10:33.488
BTC,BUY,0.0365,9537880.000,2024-07-14 21:10:33.488
BTC,SELL,0.0010,9530001.000,2024-07-14 21:10:35.339
BTC,SELL,0.0010,9530001.000,2024-07-14 21:10:35.492
BTC,SELL,0.0010,9530001.000,2024-07-14 21:10:35.603
BTC,BUY,0.0040,9533779.000,2024-07-14 21:10:36.542
BTC,BUY,0.0010,9533779.000,2024-07-14 21:10:37.300
BTC,BUY,0.0300,9527234.000,2024-07-14 21:10:57.712
BTC,BUY,0.0002,9530000.000,2024-07-14 21:11:29.053
BTC,BUY,0.0028,9532025.000,2024-07-14 21:11:37.303
BTC,SELL,0.0050,9524632.000,2024-07-14 21:11:51.024
BTC,SELL,0.0060,9524632.000,2024-07-14 21:11:51.098
BTC,BUY,0.0001,9522188.000,2024-07-14 21:12:04.372
BTC,BUY,0.0100,9523733.000,2024-07-14 21:13:45.258
BTC,BUY,0.0200,9523733.000,2024-07-14 21:13:45.283
BTC,BUY,0.0100,9523411.000,2024-07-14 21:13:51.830
BTC,BUY,0.0100,9523411.000,2024-07-14 21:13:52.624
BTC,SELL,0.0070,9522540.000,2024-07-14 21:14:02.115
BTC,BUY,0.0100,9523379.000,2024-07-14 21:14:08.148
BTC,BUY,0.0200,9523379.000,2024-07-14 21:14:08.151
BTC,BUY,0.0100,9523561.000,2024-07-14 21:14:15.786
BTC,SELL,0.1000,9523559.000,2024-07-14 21:14:23.691
BTC,SELL,0.0003,9523379.000,2024-07-14 21:14:23.691
BTC,SELL,0.0200,9523281.000,2024-07-14 21:14:23.691
BTC,SELL,0.0123,9523205.000,2024-07-14 21:14:23.691
BTC,BUY,0.0020,9524600.000,2024-07-14 21:15:16.863
BTC,BUY,0.0010,9523516.000,2024-07-14 21:15:23.295
BTC,BUY,0.0010,9524633.000,2024-07-14 21:16:01.584
BTC,SELL,0.0005,9526461.000,2024-07-14 21:16:25.707
BTC,BUY,0.0001,9530632.000,2024-07-14 21:17:24.953
BTC,BUY,0.0001,9531750.000,2024-07-14 21:17:40.228
BTC,BUY,0.0042,9532560.000,2024-07-14 21:19:24.826
BTC,BUY,0.0005,9532560.000,2024-07-14 21:20:03.331
BTC,BUY,0.0078,9532560.000,2024-07-14 21:20:20.474
BTC,BUY,0.0001,9533614.000,2024-07-14 21:20:25.657
BTC,BUY,0.0001,9533829.000,2024-07-14 21:20:25.657
BTC,SELL,0.0020,9533440.000,2024-07-14 21:20:28.037
BTC,BUY,0.0001,9538525.000,2024-07-14 21:20:29.707
BTC,BUY,0.0010,9539000.000,2024-07-14 21:20:29.707
BTC,BUY,0.0003,9540000.000,2024-07-14 21:20:29.763
BTC,BUY,0.0001,9540000.000,2024-07-14 21:20:29.763
BTC,BUY,0.0001,9540000.000,2024-07-14 21:20:29.763
BTC,BUY,0.0011,9540000.000,2024-07-14 21:20:29.830
BTC,BUY,0.0002,9540000.000,2024-07-14 21:20:29.830
BTC,BUY,0.0522,9542315.000,2024-07-14 21:20:29.835
BTC,BUY,0.0200,9542315.000,2024-07-14 21:20:30.670
BTC,BUY,0.0050,9542315.000,2024-07-14 21:20:30.689
BTC,BUY,0.0228,9542315.000,2024-07-14 21:20:31.123
BTC,BUY,0.0013,9542830.000,2024-07-14 21:20:31.197
BTC,BUY,0.0010,9543433.000,2024-07-14 21:20:31.223
BTC,BUY,0.0050,9544825.000,2024-07-14 21:20:31.223
BTC,BUY,0.0221,9544825.000,2024-07-14 21:20:31.268
BTC,BUY,0.0010,9546260.000,2024-07-14 21:20:31.520
BTC,SELL,0.0020,9542314.000,2024-07-14 21:20:31.618
BTC,BUY,0.0026,9546260.000,2024-07-14 21:20:31.949
BTC,BUY,0.0100,9547762.000,2024-07-14 21:20:31.949
BTC,BUY,0.0003,9550000.000,2024-07-14 21:20:32.065
BTC,BUY,0.0003,9550000.000,2024-07-14 21:20:32.065
BTC,BUY,0.0004,9550000.000,2024-07-14 21:20:32.065
BTC,BUY,0.0096,9550000.000,2024-07-14 21:20:32.720
BTC,BUY,0.0004,9550000.000,2024-07-14 21:20:32.720
BTC,SELL,0.0010,9549010.000,2024-07-14 21:20:32.724
BTC,BUY,0.0016,9550000.000,2024-07-14 21:20:32.763
BTC,BUY,0.0001,9550000.000,2024-07-14 21:20:32.763
BTC,BUY,0.0033,9550000.000,2024-07-14 21:20:32.763
BTC,BUY,0.0067,9550000.000,2024-07-14 21:20:33.015
BTC,BUY,0.0005,9550000.000,2024-07-14 21:20:33.015
BTC,BUY,0.0003,9550000.000,2024-07-14 21:20:33.015
BTC,BUY,0.1000,9550000.000,2024-07-14 21:20:33.015
BTC,BUY,0.0100,9550000.000,2024-07-14 21:20:33.015
BTC,BUY,0.0050,9550000.000,2024-07-14 21:20:33.015
BTC,BUY,0.0100,9550000.000,2024-07-14 21:20:33.015
BTC,BUY,0.0001,9550000.000,2024-07-14 21:20:33.015
BTC,BUY,0.0010,9550000.000,2024-07-14 21:20:33.015
BTC,BUY,0.0001,9550000.000,2024-07-14 21:20:33.015
BTC,BUY,0.0290,9550142.000,2024-07-14 21:20:33.015
BTC,BUY,0.0100,9550898.000,2024-07-14 21:20:33.031
BTC,BUY,0.0030,9553333.000,2024-07-14 21:20:33.031
BTC,SELL,0.0004,9549010.000,2024-07-14 21:20:33.035
BTC,BUY,0.0011,9553823.000,2024-07-14 21:20:33.176
BTC,BUY,0.0089,9553823.000,2024-07-14 21:20:33.606
BTC,BUY,0.0005,9554606.000,2024-07-14 21:20:33.606
BTC,BUY,0.0010,9554888.000,2024-07-14 21:20:33.606
BTC,BUY,0.0010,9555000.000,2024-07-14 21:20:33.606
BTC,BUY,0.0005,9556000.000,2024-07-14 21:20:33.606
BTC,BUY,0.0050,9557132.000,2024-07-14 21:20:33.606
BTC,BUY,0.0031,9557445.000,2024-07-14 21:20:33.606
BTC,BUY,0.0200,9557445.000,2024-07-14 21:20:34.150
BTC,BUY,0.0020,9558019.000,2024-07-14 21:20:34.682
BTC,BUY,0.0050,9558019.000,2024-07-14 21:20:34.733
BTC,SELL,0.0010,9557040.000,2024-07-14 21:20:35.510
BTC,BUY,0.0200,9558019.000,2024-07-14 21:20:36.200
BTC,BUY,0.0200,9558019.000,2024-07-14 21:20:36.734
BTC,BUY,0.0192,9558019.000,2024-07-14 21:20:37.441
BTC,BUY,0.0003,9560000.000,2024-07-14 21:20:37.669
BTC,BUY,0.0001,9560000.000,2024-07-14 21:20:37.669
BTC,BUY,0.0001,9560000.000,2024-07-14 21:20:37.669
BTC,BUY,0.0010,9566344.000,2024-07-14 21:20:37.669
BTC,BUY,0.0001,9567060.000,2024-07-14 21:20:37.669
BTC,BUY,0.0003,9570000.000,2024-07-14 21:20:37.669
BTC,BUY,0.0001,9570000.000,2024-07-14 21:20:37.669
BTC,BUY,0.0010,9570000.000,2024-07-14 21:20:37.810
BTC,BUY,0.0001,9570000.000,2024-07-14 21:20:38.504
BTC,BUY,0.0002,9570000.000,2024-07-14 21:20:38.504
BTC,BUY,0.0007,9570000.000,2024-07-14 21:20:38.504
BTC,SELL,0.0040,9562790.000,2024-07-14 21:20:38.650
BTC,SELL,0.1000,9562331.000,2024-07-14 21:20:38.967
BTC,SELL,0.0010,9562400.000,2024-07-14 21:20:39.573
BTC,SELL,0.0010,9562400.000,2024-07-14 21:20:39.664
BTC,BUY,0.0004,9568090.000,2024-07-14 21:20:40.832
BTC,SELL,0.0166,9560379.000,2024-07-14 21:20:40.948
BTC,SELL,0.0075,9560160.000,2024-07-14 21:20:40.948
BTC,SELL,0.0300,9560155.000,2024-07-14 21:20:40.948
BTC,BUY,0.0010,9568090.000,2024-07-14 21:20:41.317
BTC,BUY,0.0040,9566450.000,2024-07-14 21:20:42.557
BTC,BUY,0.0100,9566450.000,2024-07-14 21:20:43.491
BTC,SELL,0.0003,9560000.000,2024-07-14 21:20:48.090
BTC,SELL,0.0069,9559201.000,2024-07-14 21:20:48.090
BTC,SELL,0.0125,9559280.000,2024-07-14 21:20:48.954
BTC,SELL,0.0075,9557150.000,2024-07-14 21:20:48.954
BTC,BUY,0.0002,9557136.000,2024-07-14 21:20:51.325
BTC,BUY,0.0523,9558020.000,2024-07-14 21:20:51.325
BTC,BUY,0.0860,9558500.000,2024-07-14 21:20:51.325
BTC,BUY,0.0300,9559281.000,2024-07-14 21:20:51.325
BTC,BUY,0.0069,9559599.000,2024-07-14 21:20:51.325
BTC,BUY,0.1246,9559610.000,2024-07-14 21:20:51.325
BTC,BUY,0.0076,9559400.000,2024-07-14 21:20:56.052
BTC,BUY,0.0124,9559449.000,2024-07-14 21:20:56.052
BTC,BUY,0.0100,9555100.000,2024-07-14 21:21:01.471
BTC,BUY,0.0112,9551004.000,2024-07-14 21:21:08.177
BTC,BUY,0.0002,9555000.000,2024-07-14 21:21:08.473
BTC,BUY,0.0048,9556713.000,2024-07-14 21:21:08.473
BTC,BUY,0.1000,9560489.000,2024-07-14 21:21:15.742
BTC,BUY,0.0191,9561255.000,2024-07-14 21:21:16.128
BTC,BUY,0.0050,9562770.000,2024-07-14 21:21:16.133
BTC,BUY,0.0025,9562770.000,2024-07-14 21:21:16.425
BTC,BUY,0.0001,9566482.000,2024-07-14 21:21:17.472
BTC,BUY,0.0491,9567195.000,2024-07-14 21:21:17.472
BTC,BUY,0.0509,9567195.000,2024-07-14 21:21:18.424
BTC,BUY,0.0093,9570000.000,2024-07-14 21:21:18.793
BTC,BUY,0.0073,9570000.000,2024-07-14 21:21:18.793
BTC,BUY,0.0027,9570000.000,2024-07-14 21:21:21.610
BTC,BUY,0.0001,9570000.000,2024-07-14 21:21:21.610
BTC,BUY,0.0030,9573333.000,2024-07-14 21:21:21.610
BTC,BUY,0.0042,9573578.000,2024-07-14 21:21:21.610
BTC,BUY,0.0001,9576424.000,2024-07-14 21:21:23.615
BTC,BUY,0.0010,9577800.000,2024-07-14 21:21:23.615
BTC,BUY,0.0039,9578363.000,2024-07-14 21:21:23.615
BTC,BUY,0.0010,9578363.000,2024-07-14 21:21:23.716
BTC,SELL,0.0020,9576040.000,2024-07-14 21:21:24.018
BTC,BUY,0.0226,9578363.000,2024-07-14 21:21:24.969
BTC,BUY,0.0010,9578363.000,2024-07-14 21:21:25.512
BTC,BUY,0.0010,9578363.000,2024-07-14 21:21:25.657
BTC,BUY,0.0203,9578363.000,2024-07-14 21:21:26.037
BTC,SELL,0.0001,9579330.000,2024-07-14 21:21:33.406
BTC,SELL,0.0010,9579330.000,2024-07-14 21:21:34.197
BTC,SELL,0.0001,9579920.000,2024-07-14 21:21:49.801
BTC,BUY,0.0001,9580000.000,2024-07-14 21:21:57.348
BTC,SELL,0.0132,9579651.000,2024-07-14 21:22:15.538
BTC,BUY,0.0002,9577600.000,2024-07-14 21:22:25.335
BTC,BUY,0.0024,9574207.000,2024-07-14 21:22:36.631
BTC,SELL,0.0542,9575612.000,2024-07-14 21:23:10.546
BTC,SELL,0.0100,9575612.000,2024-07-14 21:23:10.751
BTC,SELL,0.0005,9575612.000,2024-07-14 21:23:11.426
BTC,SELL,0.0053,9575612.000,2024-07-14 21:23:12.721
BTC,SELL,0.0999,9575612.000,2024-07-14 21:23:12.721
BTC,SELL,0.0099,9575612.000,2024-07-14 21:23:13.662
BTC,SELL,0.0050,9575612.000,2024-07-14 21:23:13.662
BTC,SELL,0.0100,9575612.000,2024-07-14 21:23:13.662
BTC,SELL,0.0256,9575608.000,2024-07-14 21:23:13.662
BTC,SELL,0.0321,9575612.000,2024-07-14 21:23:16.577
BTC,BUY,0.0100,9580000.000,2024-07-14 21:23:42.466
BTC,BUY,0.0399,9580000.000,2024-07-14 21:23:42.777
BTC,BUY,0.0020,9580000.000,2024-07-14 21:23:42.777
BTC,BUY,0.0001,9580000.000,2024-07-14 21:23:42.777
BTC,BUY,0.0001,9580000.000,2024-07-14 21:23:42.777
BTC,BUY,0.0100,9580000.000,2024-07-14 21:23:42.777
BTC,BUY,0.0003,9580000.000,2024-07-14 21:23:42.777
BTC,BUY,0.0476,9580000.000,2024-07-14 21:23:42.777
BTC,BUY,0.0200,9580000.000,2024-07-14 21:23:42.868
BTC,BUY,0.0434,9580000.000,2024-07-14 21:23:43.031
BTC,BUY,0.0050,9580000.000,2024-07-14 21:23:43.031
BTC,BUY,0.1000,9580745.000,2024-07-14 21:23:43.288
BTC,BUY,0.0144,9581625.000,2024-07-14 21:23:43.288
BTC,BUY,0.0010,9583000.000,2024-07-14 21:23:43.288
BTC,BUY,0.0030,9583000.000,2024-07-14 21:23:43.288
BTC,BUY,0.0010,9585387.000,2024-07-14 21:23:43.408
BTC,BUY,0.0029,9588938.000,2024-07-14 21:23:44.425
BTC,BUY,0.0050,9588938.000,2024-07-14 21:23:44.429
BTC,BUY,0.0021,9588938.000,2024-07-14 21:23:44.431
BTC,BUY,0.0010,9589255.000,2024-07-14 21:23:44.431
BTC,BUY,0.0166,9589531.000,2024-07-14 21:23:44.431
BTC,BUY,0.0003,9590000.000,2024-07-14 21:23:44.431
BTC,BUY,0.0010,9590000.000,2024-07-14 21:23:44.607
BTC,BUY,0.0017,9590000.000,2024-07-14 21:23:45.142
BTC,BUY,0.0008,9590000.000,2024-07-14 21:23:45.142
BTC,BUY,0.0001,9590000.000,2024-07-14 21:23:45.142
BTC,BUY,0.0001,9590000.000,2024-07-14 21:23:45.142
BTC,BUY,0.0010,9590000.000,2024-07-14 21:23:45.142
BTC,BUY,0.0001,9590000.000,2024-07-14 21:23:45.142
BTC,BUY,0.0003,9590000.000,2024-07-14 21:23:45.142
BTC,BUY,0.0008,9590000.000,2024-07-14 21:23:45.142
BTC,BUY,0.0400,9590000.000,2024-07-14 21:23:45.403
BTC,SELL,0.0020,9589840.000,2024-07-14 21:23:45.659
BTC,BUY,0.0930,9590000.000,2024-07-14 21:23:46.274
BTC,BUY,0.0050,9590000.000,2024-07-14 21:23:46.368
BTC,BUY,0.0400,9590000.000,2024-07-14 21:23:46.651
BTC,BUY,0.0050,9590000.000,2024-07-14 21:23:46.938
BTC,BUY,0.0162,9590000.000,2024-07-14 21:23:46.941
BTC,BUY,0.0100,9590999.000,2024-07-14 21:23:47.148
BTC,BUY,0.0100,9591360.000,2024-07-14 21:23:47.148
BTC,BUY,0.0025,9591360.000,2024-07-14 21:23:47.377
BTC,BUY,0.0001,9592974.000,2024-07-14 21:23:47.377
BTC,BUY,0.0024,9593141.000,2024-07-14 21:23:47.377
BTC,BUY,0.0020,9593141.000,2024-07-14 21:23:48.207
BTC,BUY,0.0107,9593141.000,2024-07-14 21:23:48.380
BTC,BUY,0.0030,9593333.000,2024-07-14 21:23:48.380
BTC,BUY,0.0001,9593880.000,2024-07-14 21:23:48.380
BTC,BUY,0.0020,9595000.000,2024-07-14 21:23:48.380
BTC,BUY,0.0010,9596000.000,2024-07-14 21:23:48.380
BTC,BUY,0.0050,9596969.000,2024-07-14 21:23:48.380
BTC,BUY,0.0182,9597503.000,2024-07-14 21:23:48.380
BTC,BUY,0.0471,9597503.000,2024-07-14 21:23:48.416
BTC,SELL,0.0010,9590050.000,2024-07-14 21:23:48.674
BTC,SELL,0.0040,9590050.000,2024-07-14 21:23:48.681
BTC,SELL,0.0003,9591005.000,2024-07-14 21:23:48.869
BTC,SELL,0.0004,9591005.000,2024-07-14 21:23:48.930
BTC,BUY,0.0002,9597504.000,2024-07-14 21:23:49.159
BTC,BUY,0.0050,9599000.000,2024-07-14 21:23:49.159
BTC,BUY,0.0020,9599000.000,2024-07-14 21:23:49.159
BTC,BUY,0.2000,9599114.000,2024-07-14 21:23:49.159
BTC,BUY,0.0100,9599500.000,2024-07-14 21:23:49.159
BTC,SELL,0.0010,9591005.000,2024-07-14 21:23:49.496
BTC,BUY,0.0004,9599900.000,2024-07-14 21:23:49.726
BTC,BUY,0.0140,9599999.000,2024-07-14 21:23:49.726
BTC,BUY,0.0010,9599999.000,2024-07-14 21:23:49.726
BTC,BUY,0.0003,9600000.000,2024-07-14 21:23:49.726
BTC,BUY,0.0013,9600000.000,2024-07-14 21:23:49.726
BTC,BUY,0.0001,9600000.000,2024-07-14 21:23:50.021
BTC,BUY,0.0020,9600000.000,2024-07-14 21:23:50.107
BTC,BUY,0.0016,9600000.000,2024-07-14 21:23:50.243
BTC,BUY,0.0100,9600000.000,2024-07-14 21:23:50.243
BTC,BUY,0.0084,9600000.000,2024-07-14 21:23:50.243
BTC,BUY,0.0010,9600000.000,2024-07-14 21:23:50.611
BTC,BUY,0.0006,9600000.000,2024-07-14 21:23:51.012
BTC,BUY,0.0194,9600000.000,2024-07-14 21:23:51.012
BTC,BUY,0.0132,9600000.000,2024-07-14 21:23:52.072
BTC,BUY,0.0137,9600000.000,2024-07-14 21:23:52.072
BTC,BUY,0.0037,9600000.000,2024-07-14 21:23:52.326
BTC,BUY,0.0010,9600000.000,2024-07-14 21:23:52.326
BTC,BUY,0.0100,9600000.000,2024-07-14 21:23:52.326
BTC,BUY,0.0001,9600000.000,2024-07-14 21:23:52.326
BTC,BUY,0.0050,9600000.000,2024-07-14 21:23:52.326
BTC,BUY,0.0050,9600000.000,2024-07-14 21:23:52.326
BTC,BUY,0.0006,9600000.000,2024-07-14 21:23:52.326
BTC,BUY,0.0100,9600000.000,2024-07-14 21:23:52.326
BTC,BUY,0.0100,9600000.000,2024-07-14 21:23:52.326
BTC,BUY,0.0010,9600000.000,2024-07-14 21:23:52.326
BTC,BUY,0.0001,9600000.000,2024-07-14 21:23:52.326
BTC,BUY,0.0005,9600000.000,2024-07-14 21:23:52.326
BTC,BUY,0.0050,9600000.000,2024-07-14 21:23:52.326
BTC,BUY,0.0200,9600000.000,2024-07-14 21:23:52.474
BTC,BUY,0.0010,9600000.000,2024-07-14 21:23:53.312
BTC,BUY,0.0143,9600000.000,2024-07-14 21:23:53.528
BTC,BUY,0.1000,9600000.000,2024-07-14 21:23:53.995
BTC,BUY,0.2829,9600000.000,2024-07-14 21:23:53.999
BTC,BUY,0.0200,9600000.000,2024-07-14 21:23:54.696
BTC,BUY,0.0004,9600000.000,2024-07-14 21:23:54.852
BTC,BUY,0.0410,9600000.000,2024-07-14 21:23:55.188
BTC,BUY,0.1258,9600000.000,2024-07-14 21:23:55.193
BTC,BUY,0.0200,9600000.000,2024-07-14 21:23:55.331
BTC,BUY,0.0520,9600000.000,2024-07-14 21:23:55.629
BTC,BUY,0.4000,9600000.000,2024-07-14 21:23:55.994
BTC,BUY,0.0050,9600000.000,2024-07-14 21:23:56.579
BTC,BUY,0.1000,9600000.000,2024-07-14 21:23:56.582
BTC,BUY,0.1000,9600000.000,2024-07-14 21:23:56.683
BTC,BUY,0.0330,9600000.000,2024-07-14 21:23:56.701
BTC,BUY,0.0200,9600000.000,2024-07-14 21:23:56.801
BTC,BUY,0.0200,9600000.000,2024-07-14 21:23:57.014
BTC,BUY,0.0520,9600000.000,2024-07-14 21:23:57.231
BTC,BUY,0.0014,9600000.000,2024-07-14 21:23:57.408
BTC,BUY,0.0050,9600000.000,2024-07-14 21:23:57.532
BTC,BUY,0.0200,9600000.000,2024-07-14 21:23:57.677
BTC,BUY,0.1000,9600000.000,2024-07-14 21:23:57.823
BTC,BUY,0.0006,9600000.000,2024-07-14 21:23:57.878
BTC,BUY,0.0052,9600000.000,2024-07-14 21:23:57.933
BTC,BUY,0.0050,9600000.000,2024-07-14 21:23:58.027
BTC,BUY,0.1000,9600000.000,2024-07-14 21:23:58.168
BTC,BUY,0.1000,9600000.000,2024-07-14 21:23:58.226
BTC,BUY,0.0520,9600000.000,2024-07-14 21:23:58.388
BTC,BUY,0.0100,9600000.000,2024-07-14 21:23:58.669
BTC,BUY,0.0050,9600000.000,2024-07-14 21:23:58.671
BTC,BUY,0.0200,9600000.000,2024-07-14 21:23:59.025
BTC,BUY,0.0036,9600000.000,2024-07-14 21:23:59.319
BTC,BUY,0.2300,9600000.000,2024-07-14 21:23:59.324
BTC,BUY,0.0520,9600000.000,2024-07-14 21:23:59.340
BTC,BUY,0.0020,9600000.000,2024-07-14 21:23:59.491
BTC,BUY,0.1000,9600000.000,2024-07-14 21:23:59.609
BTC,BUY,0.1000,9600000.000,2024-07-14 21:23:59.782
BTC,BUY,0.1000,9600000.000,2024-07-14 21:24:00.137
BTC,BUY,0.0010,9600000.000,2024-07-14 21:24:00.646
BTC,BUY,0.0633,9600000.000,2024-07-14 21:24:01.273
BTC,BUY,0.0410,9600000.000,2024-07-14 21:24:02.114
BTC,BUY,0.0071,9600000.000,2024-07-14 21:24:03.255
BTC,BUY,0.0100,9600000.000,2024-07-14 21:24:04.149
BTC,BUY,0.0025,9600000.000,2024-07-14 21:24:04.165
BTC,BUY,0.0100,9600000.000,2024-07-14 21:24:12.598
BTC,BUY,0.1749,9600000.000,2024-07-14 21:24:15.476
BTC,BUY,0.0251,9600000.000,2024-07-14 21:24:15.476
BTC,SELL,0.0280,9599999.000,2024-07-14 21:24:16.027
BTC,SELL,0.0228,9599999.000,2024-07-14 21:24:16.027
BTC,BUY,0.0020,9600000.000,2024-07-14 21:24:18.665
BTC,BUY,0.0010,9600000.000,2024-07-14 21:24:19.646
BTC,BUY,0.0009,9600000.000,2024-07-14 21:24:19.933
BTC,SELL,0.0100,9599999.000,2024-07-14 21:24:20.536
BTC,SELL,0.0072,9599999.000,2024-07-14 21:24:20.536
BTC,BUY,0.0010,9600000.000,2024-07-14 21:24:22.637
BTC,BUY,0.0100,9600000.000,2024-07-14 21:24:22.637
BTC,BUY,0.0003,9600000.000,2024-07-14 21:24:22.637
BTC,BUY,0.0015,9600000.000,2024-07-14 21:24:22.637
BTC,BUY,0.0003,9600000.000,2024-07-14 21:24:22.637
BTC,BUY,0.0200,9600000.000,2024-07-14 21:24:22.637
BTC,BUY,0.0001,9600000.000,2024-07-14 21:24:22.637
BTC,BUY,0.1568,9600000.000,2024-07-14 21:24:22.637
BTC,BUY,0.0300,9599904.000,2024-07-14 21:24:25.562
BTC,BUY,0.0100,9599999.000,2024-07-14 21:24:25.562
BTC,BUY,0.0020,9599999.000,2024-07-14 21:24:26.229
BTC,SELL,0.0007,9599974.000,2024-07-14 21:24:27.874
BTC,BUY,0.0002,9598237.000,2024-07-14 21:24:36.665
BTC,BUY,0.0006,9599920.000,2024-07-14 21:24:36.665
BTC,BUY,0.0001,9597153.000,2024-07-14 21:24:39.357
BTC,BUY,0.0033,9597403.000,2024-07-14 21:24:44.078
BTC,BUY,0.1000,9599999.000,2024-07-14 21:24:45.583
BTC,BUY,0.1000,9599999.000,2024-07-14 21:24:47.092
BTC,BUY,0.0080,9599999.000,2024-07-14 21:24:49.593
BTC,BUY,0.0020,9600000.000,2024-07-14 21:24:49.593
BTC,BUY,0.0002,9599999.000,2024-07-14 21:24:52.085
BTC,BUY,0.0328,9600000.000,2024-07-14 21:24:52.085
BTC,BUY,0.0170,9600000.000,2024-07-14 21:24:52.470
BTC,BUY,0.1000,9600000.000,2024-07-14 21:24:53.604
BTC,BUY,0.2000,9600000.000,2024-07-14 21:24:53.879
BTC,BUY,0.0400,9600000.000,2024-07-14 21:24:55.659
BTC,BUY,0.1000,9600000.000,2024-07-14 21:24:56.085
BTC,BUY,0.0330,9600000.000,2024-07-14 21:24:56.740
BTC,BUY,0.2000,9600000.000,2024-07-14 21:24:57.802
BTC,BUY,0.0184,9600000.000,2024-07-14 21:24:58.075
BTC,BUY,0.0100,9600000.000,2024-07-14 21:24:58.075
BTC,BUY,0.0010,9600000.000,2024-07-14 21:24:58.075
BTC,BUY,0.0100,9600000.000,2024-07-14 21:24:58.075
BTC,BUY,0.0010,9600000.000,2024-07-14 21:24:58.075
BTC,BUY,0.0096,9600000.000,2024-07-14 21:24:58.075
BTC,SELL,0.0014,9599999.000,2024-07-14 21:24:58.207
BTC,BUY,0.0004,9600000.000,2024-07-14 21:25:03.738
BTC,BUY,0.0003,9600000.000,2024-07-14 21:25:03.738
BTC,BUY,0.0002,9600000.000,2024-07-14 21:25:03.738
BTC,BUY,0.0001,9600051.000,2024-07-14 21:25:03.738
BTC,BUY,0.0010,9600711.000,2024-07-14 21:25:03.738
BTC,BUY,0.0070,9607749.000,2024-07-14 21:25:03.738
BTC,SELL,0.0010,9606879.000,2024-07-14 21:25:05.469
BTC,SELL,0.0010,9606879.000,2024-07-14 21:25:05.681
BTC,BUY,0.0010,9607749.000,2024-07-14 21:25:07.484
BTC,BUY,0.0010,9607749.000,2024-07-14 21:25:07.662
BTC,BUY,0.0050,9607651.000,2024-07-14 21:25:16.541
BTC,SELL,0.0020,9607600.000,2024-07-14 21:25:18.491
BTC,BUY,0.0027,9607748.000,2024-07-14 21:25:24.723
BTC,BUY,0.0145,9607749.000,2024-07-14 21:25:24.723
BTC,BUY,0.0276,9607749.000,2024-07-14 21:25:25.125
BTC,BUY,0.0036,9607750.000,2024-07-14 21:25:25.125
BTC,BUY,0.0088,9607923.000,2024-07-14 21:25:25.125
BTC,BUY,0.0112,9607923.000,2024-07-14 21:25:26.919
BTC,BUY,0.0001,9608766.000,2024-07-14 21:25:28.805
BTC,BUY,0.0099,9608774.000,2024-07-14 21:25:28.805
BTC,BUY,0.0001,9608774.000,2024-07-14 21:25:29.712
BTC,BUY,0.0001,9608774.000,2024-07-14 21:25:29.712
BTC,BUY,0.0003,9610000.000,2024-07-14 21:25:29.712
BTC,BUY,0.0020,9610000.000,2024-07-14 21:25:29.712
BTC,BUY,0.0001,9610000.000,2024-07-14 21:25:29.712
BTC,BUY,0.0001,9610000.000,2024-07-14 21:25:29.712
BTC,BUY,0.0010,9610000.000,2024-07-14 21:25:29.712
BTC,BUY,0.0100,9612080.000,2024-07-14 21:25:29.712
BTC,BUY,0.0010,9612166.000,2024-07-14 21:25:29.712
BTC,BUY,0.0030,9613333.000,2024-07-14 21:25:29.712
BTC,BUY,0.0100,9615000.000,2024-07-14 21:25:29.712
BTC,BUY,0.0003,9620000.000,2024-07-14 21:25:29.712
BTC,BUY,0.0001,9620000.000,2024-07-14 21:25:29.712
BTC,BUY,0.0001,9620000.000,2024-07-14 21:25:29.712
BTC,BUY,0.0001,9620000.000,2024-07-14 21:25:29.712
BTC,BUY,0.0001,9620500.000,2024-07-14 21:25:29.712
BTC,BUY,0.0010,9623622.000,2024-07-14 21:25:29.712
BTC,BUY,0.0020,9626157.000,2024-07-14 21:25:29.712
BTC,BUY,0.0014,9627162.000,2024-07-14 21:25:29.712
BTC,BUY,0.0672,9627595.000,2024-07-14 21:25:29.712
BTC,BUY,0.0021,9627595.000,2024-07-14 21:25:29.803
BTC,SELL,0.0010,9625330.000,2024-07-14 21:25:30.454
BTC,SELL,0.0004,9624800.000,2024-07-14 21:25:30.823
BTC,SELL,0.0010,9624270.000,2024-07-14 21:25:31.301
BTC,BUY,0.0010,9627720.000,2024-07-14 21:25:31.367
BTC,SELL,0.0020,9624270.000,2024-07-14 21:25:31.515
BTC,SELL,0.0020,9624320.000,2024-07-14 21:25:32.048
BTC,BUY,0.0010,9627910.000,2024-07-14 21:25:34.403
BTC,BUY,0.0040,9627719.000,2024-07-14 21:25:34.598
BTC,BUY,0.0004,9627626.000,2024-07-14 21:25:34.897
BTC,BUY,0.0010,9627600.000,2024-07-14 21:25:35.301
BTC,BUY,0.0020,9627600.000,2024-07-14 21:25:35.547
BTC,SELL,0.1000,9628850.000,2024-07-14 21:25:45.273
BTC,SELL,0.0010,9627040.000,2024-07-14 21:25:45.521
BTC,SELL,0.0010,9626400.000,2024-07-14 21:25:45.708
BTC,BUY,0.0020,9628851.000,2024-07-14 21:25:46.006
BTC,SELL,0.0700,9626392.000,2024-07-14 21:25:47.014
BTC,SELL,0.0050,9624270.000,2024-07-14 21:25:47.476
BTC,BUY,0.0010,9628800.000,2024-07-14 21:25:47.599
BTC,SELL,0.1000,9628752.000,2024-07-14 21:25:48.325
BTC,SELL,0.1000,9627040.000,2024-07-14 21:25:51.217
BTC,SELL,0.1000,9625051.000,2024-07-14 21:25:52.014
BTC,SELL,0.1000,9624959.000,2024-07-14 21:25:54.810
BTC,SELL,0.1000,9624936.000,2024-07-14 21:25:57.943
BTC,BUY,0.0001,9624936.000,2024-07-14 21:25:58.781
BTC,SELL,0.0300,9621768.000,2024-07-14 21:25:59.045
BTC,SELL,0.0700,9624019.000,2024-07-14 21:25:59.723
BTC,SELL,0.0300,9624019.000,2024-07-14 21:26:00.018
BTC,BUY,0.0001,9619551.000,2024-07-14 21:26:03.393
BTC,SELL,0.0025,9618848.000,2024-07-14 21:26:12.557
BTC,BUY,0.0002,9618051.000,2024-07-14 21:26:26.600
BTC,SELL,0.0052,9619660.000,2024-07-14 21:26:40.718
BTC,SELL,0.0048,9619660.000,2024-07-14 21:26:40.718
BTC,BUY,0.0001,9619661.000,2024-07-14 21:26:50.386
BTC,BUY,0.0001,9619661.000,2024-07-14 21:26:56.393
BTC,BUY,0.0002,9619661.000,2024-07-14 21:27:11.219
BTC,BUY,0.0001,9624033.000,2024-07-14 21:27:11.219
BTC,BUY,0.0001,9625001.000,2024-07-14 21:27:11.219
BTC,BUY,0.0161,9626510.000,2024-07-14 21:27:11.219
BTC,BUY,0.0001,9626751.000,2024-07-14 21:27:30.816
BTC,BUY,0.0002,9626751.000,2024-07-14 21:28:07.984
BTC,SELL,0.0100,9626947.000,2024-07-14 21:28:39.160
BTC,SELL,0.0200,9626751.000,2024-07-14 21:28:45.699
BTC,SELL,0.0298,9626751.000,2024-07-14 21:28:56.187
BTC,SELL,0.0700,9624944.000,2024-07-14 21:28:56.187
BTC,SELL,0.0102,9624943.000,2024-07-14 21:28:56.187
BTC,SELL,0.0044,9623760.000,2024-07-14 21:28:56.187
BTC,SELL,0.0131,9623210.000,2024-07-14 21:28:56.187
BTC,SELL,0.0700,9621092.000,2024-07-14 21:29:12.435
BTC,SELL,0.0300,9621090.000,2024-07-14 21:29:12.435
BTC,SELL,0.0200,9624563.000,2024-07-14 21:29:14.587
BTC,SELL,0.0200,9624563.000,2024-07-14 21:29:14.986
BTC,SELL,0.0050,9624563.000,2024-07-14 21:29:16.149
BTC,SELL,0.0400,9624563.000,2024-07-14 21:29:16.703
BTC,SELL,0.0118,9624563.000,2024-07-14 21:29:17.016
BTC,SELL,0.0032,9624563.000,2024-07-14 21:29:17.156
BTC,SELL,0.0018,9621090.000,2024-07-14 21:29:17.156
BTC,SELL,0.0800,9621090.000,2024-07-14 21:29:17.500
BTC,SELL,0.0051,9620421.000,2024-07-14 21:29:17.635
BTC,SELL,0.0049,9620098.000,2024-07-14 21:29:17.635
BTC,SELL,0.0200,9620098.000,2024-07-14 21:29:18.495
BTC,SELL,0.0010,9620000.000,2024-07-14 21:29:19.325
BTC,SELL,0.0040,9619660.000,2024-07-14 21:29:19.325
BTC,SELL,0.0006,9619660.000,2024-07-14 21:29:19.527
BTC,SELL,0.0954,9619660.000,2024-07-14 21:29:19.529
BTC,BUY,0.0007,9615993.000,2024-07-14 21:29:20.980
BTC,SELL,0.0010,9618970.000,2024-07-14 21:29:21.147
BTC,SELL,0.0010,9618970.000,2024-07-14 21:29:21.158
BTC,SELL,0.0146,9618940.000,2024-07-14 21:29:28.611
BTC,SELL,0.0050,9616068.000,2024-07-14 21:29:34.510
BTC,SELL,0.0403,9616068.000,2024-07-14 21:29:34.575
BTC,SELL,0.0100,9616068.000,2024-07-14 21:29:34.592
BTC,SELL,0.0050,9616068.000,2024-07-14 21:29:34.970
BTC,SELL,0.0001,9616068.000,2024-07-14 21:29:35.110
BTC,SELL,0.0223,9616068.000,2024-07-14 21:29:35.362
BTC,SELL,0.0173,9616068.000,2024-07-14 21:29:35.433
BTC,SELL,0.0011,9610000.000,2024-07-14 21:29:35.477
BTC,SELL,0.0010,9610000.000,2024-07-14 21:29:35.477
BTC,SELL,0.0029,9607013.000,2024-07-14 21:29:35.477
BTC,SELL,0.0010,9612200.000,2024-07-14 21:29:35.558
BTC,SELL,0.0060,9612200.000,2024-07-14 21:29:35.596
BTC,SELL,0.0010,9612200.000,2024-07-14 21:29:35.654
BTC,SELL,0.0010,9612200.000,2024-07-14 21:29:35.763
BTC,SELL,0.0010,9612200.000,2024-07-14 21:29:35.843
BTC,SELL,0.0100,9612200.000,2024-07-14 21:29:36.674
BTC,SELL,0.0050,9612200.000,2024-07-14 21:29:37.566
BTC,SELL,0.0113,9612200.000,2024-07-14 21:29:37.680
BTC,SELL,0.0519,9612200.000,2024-07-14 21:29:37.684
BTC,SELL,0.0118,9612200.000,2024-07-14 21:29:37.716
BTC,SELL,0.0050,9608370.000,2024-07-14 21:29:38.029
BTC,SELL,0.0113,9608370.000,2024-07-14 21:29:38.189
BTC,SELL,0.0164,9602589.000,2024-07-14 21:29:38.595
BTC,SELL,0.0011,9600000.000,2024-07-14 21:29:38.595
BTC,SELL,0.0002,9600000.000,2024-07-14 21:29:38.595
BTC,SELL,0.0023,9599891.000,2024-07-14 21:29:38.595
BTC,SELL,0.0500,9599361.000,2024-07-14 21:29:38.794
BTC,SELL,0.0030,9599361.000,2024-07-14 21:29:38.910
BTC,SELL,0.0170,9599361.000,2024-07-14 21:29:39.254
BTC,SELL,0.0267,9598858.000,2024-07-14 21:29:39.389
BTC,SELL,0.0010,9598858.000,2024-07-14 21:29:39.448
BTC,SELL,0.0723,9598858.000,2024-07-14 21:29:39.599
BTC,SELL,0.0125,9597280.000,2024-07-14 21:29:39.599
BTC,SELL,0.0152,9595650.000,2024-07-14 21:29:39.599
BTC,SELL,0.0050,9595650.000,2024-07-14 21:29:39.602
BTC,SELL,0.0010,9596753.000,2024-07-14 21:29:39.774
BTC,SELL,0.0004,9596753.000,2024-07-14 21:29:41.227
BTC,SELL,0.0025,9596180.000,2024-07-14 21:29:41.227
BTC,SELL,0.0300,9596599.000,2024-07-14 21:29:41.524
BTC,SELL,0.0003,9596599.000,2024-07-14 21:29:41.547
BTC,SELL,0.0001,9596599.000,2024-07-14 21:29:42.343
BTC,SELL,0.0200,9596599.000,2024-07-14 21:29:44.085
BTC,BUY,0.0118,9595643.000,2024-07-14 21:29:45.171
BTC,BUY,0.0098,9595643.000,2024-07-14 21:29:46.602
BTC,BUY,0.0400,9595643.000,2024-07-14 21:29:46.651
BTC,BUY,0.0005,9597549.000,2024-07-14 21:30:03.397
BTC,BUY,0.0023,9598359.000,2024-07-14 21:30:04.425
BTC,BUY,0.0133,9598359.000,2024-07-14 21:30:04.425
BTC,BUY,0.0165,9602926.000,2024-07-14 21:30:04.676
BTC,BUY,0.0060,9602926.000,2024-07-14 21:30:05.271
BTC,BUY,0.0005,9602926.000,2024-07-14 21:30:05.282
BTC,BUY,0.0100,9602926.000,2024-07-14 21:30:08.353
BTC,BUY,0.0100,9602926.000,2024-07-14 21:30:09.763
BTC,BUY,0.0024,9602926.000,2024-07-14 21:30:09.842
BTC,BUY,0.0113,9602926.000,2024-07-14 21:30:11.280
BTC,BUY,0.0010,9612149.000,2024-07-14 21:30:15.952
BTC,SELL,0.0155,9612003.000,2024-07-14 21:30:32.425
BTC,SELL,0.0245,9610494.000,2024-07-14 21:30:32.425
BTC,BUY,0.0070,9612100.000,2024-07-14 21:30:48.732
BTC,SELL,0.0020,9611117.000,2024-07-14 21:31:21.549
BTC,SELL,0.0100,9609210.000,2024-07-14 21:32:06.467
BTC,SELL,0.0287,9609210.000,2024-07-14 21:32:08.544
BTC,SELL,0.0050,9608348.000,2024-07-14 21:32:08.979
BTC,SELL,0.0060,9608348.000,2024-07-14 21:32:09.344
BTC,SELL,0.0050,9608348.000,2024-07-14 21:32:09.466
BTC,SELL,0.0153,9608348.000,2024-07-14 21:32:09.541
BTC,SELL,0.0138,9608348.000,2024-07-14 21:32:10.152
BTC,SELL,0.0150,9608348.000,2024-07-14 21:32:10.460
BTC,SELL,0.0050,9608348.000,2024-07-14 21:32:10.468
BTC,SELL,0.0174,9608348.000,2024-07-14 21:32:11.161
BTC,SELL,0.0050,9608348.000,2024-07-14 21:32:11.498
BTC,SELL,0.0162,9602540.000,2024-07-14 21:32:14.220
BTC,SELL,0.0162,9602540.000,2024-07-14 21:32:14.249
BTC,SELL,0.0002,9602385.000,2024-07-14 21:32:14.529
BTC,SELL,0.0050,9602385.000,2024-07-14 21:32:14.610
BTC,SELL,0.0001,9602385.000,2024-07-14 21:32:14.699
BTC,SELL,0.0050,9600000.000,2024-07-14 21:32:15.586
BTC,SELL,0.0010,9600000.000,2024-07-14 21:32:15.662
BTC,SELL,0.0050,9600000.000,2024-07-14 21:32:16.088
BTC,SELL,0.0206,9600000.000,2024-07-14 21:32:16.272
BTC,SELL,0.0050,9600000.000,2024-07-14 21:32:16.612
BTC,SELL,0.0050,9600000.000,2024-07-14 21:32:17.619
BTC,SELL,0.0050,9600000.000,2024-07-14 21:32:18.646
BTC,SELL,0.0050,9600000.000,2024-07-14 21:32:20.186
BTC,SELL,0.0320,9600000.000,2024-07-14 21:32:20.822
BTC,SELL,0.0050,9600000.000,2024-07-14 21:32:21.707
BTC,SELL,0.0100,9600000.000,2024-07-14 21:32:23.223
BTC,SELL,0.0014,9600000.000,2024-07-14 21:32:23.371
BTC,BUY,0.0028,9599679.000,2024-07-14 21:32:26.652
BTC,SELL,0.0050,9604497.000,2024-07-14 21:32:51.170
BTC,BUY,0.0167,9605350.000,2024-07-14 21:33:02.207
BTC,SELL,0.0020,9604660.000,2024-07-14 21:33:36.152
BTC,BUY,0.0001,9605965.000,2024-07-14 21:34:52.851
BTC,SELL,0.0050,9605200.000,2024-07-14 21:35:03.568
BTC,SELL,0.0050,9603040.000,2024-07-14 21:35:03.991
BTC,SELL,0.0002,9595000.000,2024-07-14 21:36:01.030
BTC,SELL,0.0010,9590000.000,2024-07-14 21:36:01.086
BTC,SELL,0.0001,9590000.000,2024-07-14 21:36:01.290
BTC,SELL,0.0073,9588542.000,2024-07-14 21:36:01.290
BTC,BUY,0.0015,9592072.000,2024-07-14 21:36:19.675
BTC,SELL,0.0100,9591115.000,2024-07-14 21:36:35.212
BTC,SELL,0.0050,9591115.000,2024-07-14 21:36:35.453
BTC,SELL,0.0150,9591115.000,2024-07-14 21:36:35.592
BTC,SELL,0.0422,9591115.000,2024-07-14 21:36:35.601
BTC,SELL,0.0050,9586562.000,2024-07-14 21:36:35.911
BTC,SELL,0.0200,9582187.000,2024-07-14 21:36:36.223
BTC,SELL,0.0030,9582187.000,2024-07-14 21:36:36.327
BTC,SELL,0.0098,9582187.000,2024-07-14 21:36:37.813
BTC,SELL,0.0001,9581692.000,2024-07-14 21:36:41.475
BTC,SELL,0.0011,9580000.000,2024-07-14 21:36:41.475
BTC,SELL,0.0003,9580000.000,2024-07-14 21:36:41.475
BTC,SELL,0.0001,9580000.000,2024-07-14 21:36:41.475
BTC,SELL,0.0009,9578400.000,2024-07-14 21:36:41.475
BTC,BUY,0.0001,9589894.000,2024-07-14 21:37:43.232
BTC,BUY,0.0199,9591922.000,2024-07-14 21:37:43.232
BTC,BUY,0.0170,9599759.000,2024-07-14 21:37:51.350
BTC,SELL,0.0006,9600001.000,2024-07-14 21:38:39.854
BTC,SELL,0.0001,9600001.000,2024-07-14 21:38:41.681
BTC,BUY,0.0002,9596480.000,2024-07-14 21:38:52.899
BTC,SELL,0.0008,9592100.000,2024-07-14 21:39:06.726
BTC,BUY,0.0005,9594875.000,2024-07-14 21:40:02.702
BTC,BUY,0.0001,9594800.000,2024-07-14 21:40:33.650
BTC,BUY,0.0500,9594231.000,2024-07-14 21:40:45.910
BTC,BUY,0.0002,9594081.000,2024-07-14 21:40:48.269
BTC,BUY,0.0060,9594081.000,2024-07-14 21:40:48.412
BTC,BUY,0.0050,9594081.000,2024-07-14 21:40:48.515
BTC,BUY,0.0200,9594081.000,2024-07-14 21:40:48.771
BTC,BUY,0.0050,9594081.000,2024-07-14 21:40:49.346
BTC,BUY,0.0187,9594081.000,2024-07-14 21:40:49.683
BTC,BUY,0.0002,9605000.000,2024-07-14 21:41:24.322
BTC,BUY,0.0003,9606355.000,2024-07-14 21:41:24.322
BTC,SELL,0.0001,9608279.000,2024-07-14 21:42:13.020
BTC,BUY,0.1000,9603100.000,2024-07-14 21:44:26.098
BTC,BUY,0.0003,9603840.000,2024-07-14 21:44:30.287
BTC,SELL,0.0880,9604400.000,2024-07-14 21:45:46.223
BTC,SELL,0.0050,9605200.000,2024-07-14 21:45:59.869
BTC,SELL,0.0021,9609376.000,2024-07-14 21:46:38.425
BTC,SELL,0.0050,9608150.000,2024-07-14 21:47:30.428
BTC,BUY,0.0001,9608200.000,2024-07-14 21:47:40.269
BTC,BUY,0.0113,9608160.000,2024-07-14 21:48:18.214
BTC,BUY,0.0006,9608160.000,2024-07-14 21:48:18.285
BTC,BUY,0.0044,9608200.000,2024-07-14 21:48:18.285
BTC,BUY,0.1956,9608200.000,2024-07-14 21:48:18.389
BTC,BUY,0.0100,9610000.000,2024-07-14 21:48:18.738
BTC,BUY,0.0011,9610000.000,2024-07-14 21:48:18.738
BTC,BUY,0.0006,9610980.000,2024-07-14 21:48:18.738
BTC,BUY,0.0115,9610980.000,2024-07-14 21:48:18.834
BTC,BUY,0.0400,9610980.000,2024-07-14 21:48:18.893
BTC,BUY,0.0479,9610980.000,2024-07-14 21:48:18.899
BTC,BUY,0.0030,9616199.000,2024-07-14 21:48:19.539
BTC,BUY,0.0002,9615000.000,2024-07-14 21:48:20.531
BTC,BUY,0.0011,9620000.000,2024-07-14 21:48:33.949
BTC,BUY,0.0003,9620000.000,2024-07-14 21:48:33.949
BTC,BUY,0.0002,9620000.000,2024-07-14 21:48:33.949
BTC,BUY,0.0700,9629010.000,2024-07-14 21:48:33.955
BTC,BUY,0.0164,9629620.000,2024-07-14 21:48:34.501
BTC,BUY,0.0003,9630000.000,2024-07-14 21:48:34.571
BTC,BUY,0.0001,9630000.000,2024-07-14 21:48:34.571
BTC,BUY,0.0001,9630000.000,2024-07-14 21:48:34.571
BTC,BUY,0.0011,9630000.000,2024-07-14 21:48:34.571
BTC,BUY,0.0034,9631655.000,2024-07-14 21:48:34.571
BTC,BUY,0.0076,9631655.000,2024-07-14 21:48:34.578
BTC,BUY,0.0400,9631655.000,2024-07-14 21:48:34.958
BTC,SELL,0.0001,9631160.000,2024-07-14 21:48:35.402
BTC,BUY,0.0010,9635078.000,2024-07-14 21:48:36.461
BTC,BUY,0.0030,9639880.000,2024-07-14 21:48:36.845
BTC,BUY,0.0050,9639880.000,2024-07-14 21:48:37.089
BTC,BUY,0.0215,9639880.000,2024-07-14 21:48:37.192
BTC,BUY,0.0400,9639880.000,2024-07-14 21:48:37.535
BTC,BUY,0.0235,9639880.000,2024-07-14 21:48:37.567
BTC,BUY,0.0003,9640000.000,2024-07-14 21:48:37.567
BTC,BUY,0.0020,9640000.000,2024-07-14 21:48:37.567
BTC,BUY,0.0001,9640000.000,2024-07-14 21:48:37.567
BTC,BUY,0.0001,9640000.000,2024-07-14 21:48:37.567
BTC,BUY,0.0011,9640000.000,2024-07-14 21:48:37.567
BTC,BUY,0.0200,9640215.000,2024-07-14 21:48:37.567
BTC,BUY,0.0014,9641000.000,2024-07-14 21:48:38.918
BTC,BUY,0.0010,9646533.000,2024-07-14 21:48:38.918
BTC,BUY,0.0026,9648648.000,2024-07-14 21:48:38.918
BTC,SELL,0.3301,9648120.000,2024-07-14 21:48:39.657
BTC,SELL,0.0050,9648125.000,2024-07-14 21:48:40.518
BTC,SELL,0.0046,9648125.000,2024-07-14 21:48:40.897
BTC,SELL,0.0050,9648125.000,2024-07-14 21:48:41.110
BTC,SELL,0.0060,9647060.000,2024-07-14 21:48:41.466
BTC,SELL,0.0100,9647060.000,2024-07-14 21:48:41.610
BTC,SELL,0.0050,9647060.000,2024-07-14 21:48:41.638
BTC,SELL,0.0100,9647060.000,2024-07-14 21:48:41.695
BTC,SELL,0.1000,9646604.000,2024-07-14 21:48:41.896
BTC,SELL,0.0100,9646150.000,2024-07-14 21:48:42.059
BTC,SELL,0.0484,9646150.000,2024-07-14 21:48:42.089
BTC,SELL,0.0050,9646150.000,2024-07-14 21:48:42.142
BTC,SELL,0.0200,9645470.000,2024-07-14 21:48:42.237
BTC,SELL,0.0030,9639759.000,2024-07-14 21:48:43.960
BTC,SELL,0.0020,9639641.000,2024-07-14 21:48:43.960
BTC,SELL,0.0050,9641825.000,2024-07-14 21:48:55.862
BTC,SELL,0.0050,9639397.000,2024-07-14 21:48:56.345
BTC,SELL,0.0175,9635157.000,2024-07-14 21:49:05.078
BTC,SELL,0.0050,9635157.000,2024-07-14 21:49:05.081
BTC,SELL,0.0175,9635157.000,2024-07-14 21:49:05.132
BTC,SELL,0.0050,9635157.000,2024-07-14 21:49:05.558
BTC,SELL,0.0050,9632588.000,2024-07-14 21:49:06.158
BTC,SELL,0.0050,9629189.000,2024-07-14 21:49:11.639
BTC,SELL,0.0143,9627909.000,2024-07-14 21:49:11.820
BTC,BUY,0.0010,9625268.000,2024-07-14 21:49:14.871
BTC,BUY,0.0090,9625267.000,2024-07-14 21:49:16.056
BTC,BUY,0.0010,9625110.000,2024-07-14 21:49:18.075
BTC,BUY,0.0005,9628351.000,2024-07-14 21:49:29.135
BTC,BUY,0.0002,9630000.000,2024-07-14 21:49:35.114
BTC,BUY,0.0198,9632588.000,2024-07-14 21:49:35.114
BTC,BUY,0.0191,9632588.000,2024-07-14 21:49:35.380
BTC,BUY,0.0242,9632588.000,2024-07-14 21:49:35.930
BTC,BUY,0.0050,9632588.000,2024-07-14 21:49:36.016
BTC,BUY,0.0060,9632588.000,2024-07-14 21:49:36.178
BTC,BUY,0.0267,9632588.000,2024-07-14 21:49:36.232
BTC,BUY,0.0250,9632588.000,2024-07-14 21:49:36.311
BTC,BUY,0.0518,9632588.000,2024-07-14 21:49:36.314
BTC,BUY,0.0166,9632588.000,2024-07-14 21:49:36.471
BTC,BUY,0.0050,9632588.000,2024-07-14 21:49:36.514
BTC,BUY,0.0008,9632588.000,2024-07-14 21:49:44.922
BTC,BUY,0.0002,9635000.000,2024-07-14 21:49:49.036
BTC,BUY,0.0398,9643835.000,2024-07-14 21:49:49.036
BTC,BUY,0.0001,9644770.000,2024-07-14 21:50:04.316
BTC,BUY,0.0099,9644770.000,2024-07-14 21:50:16.167
BTC,BUY,0.0002,9645000.000,2024-07-14 21:50:16.167
BTC,BUY,0.0100,9645335.000,2024-07-14 21:50:16.167
BTC,BUY,0.0078,9647665.000,2024-07-14 21:50:16.167
BTC,BUY,0.0050,9649000.000,2024-07-14 21:50:16.167
BTC,BUY,0.0001,9649206.000,2024-07-14 21:50:16.167
BTC,BUY,0.0003,9650000.000,2024-07-14 21:50:16.167
BTC,BUY,0.0003,9650000.000,2024-07-14 21:50:16.167
BTC,BUY,0.0100,9650000.000,2024-07-14 21:50:16.167
BTC,BUY,0.0050,9650000.000,2024-07-14 21:50:16.167
BTC,BUY,0.0003,9650000.000,2024-07-14 21:50:16.167
BTC,BUY,0.0001,9650000.000,2024-07-14 21:50:16.167
BTC,BUY,0.0010,9650000.000,2024-07-14 21:50:16.167
BTC,BUY,0.0010,9650000.000,2024-07-14 21:50:16.167
BTC,BUY,0.0001,9650000.000,2024-07-14 21:50:16.167
BTC,BUY,0.0100,9650000.000,2024-07-14 21:50:16.167
BTC,BUY,0.0001,9650000.000,2024-07-14 21:50:16.167
BTC,BUY,0.0010,9650000.000,2024-07-14 21:50:16.167
BTC,BUY,0.0005,9650000.000,2024-07-14 21:50:16.167
BTC,BUY,0.0010,9650000.000,2024-07-14 21:50:16.167
BTC,BUY,0.1363,9650000.000,2024-07-14 21:50:16.167
BTC,BUY,0.0050,9650000.000,2024-07-14 21:50:18.752
BTC,BUY,0.0001,9650000.000,2024-07-14 21:50:22.244
BTC,BUY,0.0002,9649711.000,2024-07-14 21:50:25.053
BTC,BUY,0.0098,9649843.000,2024-07-14 21:50:25.053
BTC,BUY,0.0150,9649843.000,2024-07-14 21:50:25.566
BTC,BUY,0.0400,9649841.000,2024-07-14 21:50:42.889
BTC,BUY,0.0302,9649841.000,2024-07-14 21:50:45.728
BTC,BUY,0.0678,9650000.000,2024-07-14 21:50:45.728
BTC,BUY,0.0003,9650000.000,2024-07-14 21:51:03.659
BTC,BUY,0.0010,9650000.000,2024-07-14 21:51:17.278
BTC,BUY,0.0042,9649999.000,2024-07-14 21:51:47.460
BTC,BUY,0.0001,9649999.000,2024-07-14 21:51:50.769
BTC,BUY,0.0010,9649550.000,2024-07-14 21:52:12.152
BTC,SELL,0.0001,9648100.000,2024-07-14 21:52:31.762
BTC,BUY,0.0010,9645945.000,2024-07-14 21:52:33.230
BTC,SELL,0.0036,9645943.000,2024-07-14 21:52:34.709
BTC,BUY,0.0016,9640805.000,2024-07-14 21:52:43.436
BTC,SELL,0.0010,9640804.000,2024-07-14 21:52:43.484
BTC,SELL,0.0009,9646504.000,2024-07-14 21:52:57.800
BTC,BUY,0.0010,9645654.000,2024-07-14 21:53:17.584
BTC,BUY,0.0010,9647039.000,2024-07-14 21:54:10.647
BTC,BUY,0.0010,9647279.000,2024-07-14 21:54:20.619
BTC,BUY,0.0010,9647279.000,2024-07-14 21:54:30.725
BTC,BUY,0.0010,9647279.000,2024-07-14 21:54:56.911
BTC,BUY,0.0001,9647199.000,2024-07-14 21:55:27.804
BTC,SELL,0.0047,9646813.000,2024-07-14 21:55:33.053
BTC,SELL,0.0055,9646813.000,2024-07-14 21:55:33.053
BTC,SELL,0.0048,9646813.000,2024-07-14 21:55:33.053
BTC,SELL,0.0005,9646855.000,2024-07-14 21:56:22.988
BTC,SELL,0.0016,9646871.000,2024-07-14 21:56:40.113
BTC,BUY,0.0027,9647279.000,2024-07-14 21:57:23.373
BTC,BUY,0.0500,9647279.000,2024-07-14 21:57:30.001
BTC,BUY,0.0151,9647279.000,2024-07-14 21:57:30.828
BTC,BUY,0.0050,9647279.000,2024-07-14 21:57:30.948
BTC,BUY,0.0149,9647279.000,2024-07-14 21:57:31.750
BTC,BUY,0.0100,9647279.000,2024-07-14 21:57:31.818
BTC,BUY,0.0023,9647279.000,2024-07-14 21:57:31.962
BTC,BUY,0.0027,9647279.000,2024-07-14 21:57:31.962
BTC,BUY,0.0100,9647279.000,2024-07-14 21:57:32.040
BTC,BUY,0.0050,9647279.000,2024-07-14 21:57:35.984
BTC,BUY,0.1000,9647279.000,2024-07-14 21:57:36.925
BTC,BUY,0.0050,9647279.000,2024-07-14 21:57:37.004
BTC,BUY,0.0050,9647279.000,2024-07-14 21:57:37.510
BTC,BUY,0.0050,9647279.000,2024-07-14 21:57:38.535
BTC,BUY,0.0050,9647279.000,2024-07-14 21:57:39.467
BTC,BUY,0.0050,9647279.000,2024-07-14 21:57:40.549
BTC,BUY,0.0050,9647279.000,2024-07-14 21:57:42.088
BTC,BUY,0.0100,9647279.000,2024-07-14 21:57:42.405
BTC,BUY,0.0050,9647279.000,2024-07-14 21:57:43.580
BTC,BUY,0.0050,9647279.000,2024-07-14 21:57:44.119
BTC,BUY,0.0050,9647279.000,2024-07-14 21:57:45.617
BTC,BUY,0.0050,9647279.000,2024-07-14 21:57:46.134
BTC,BUY,0.0100,9647279.000,2024-07-14 21:57:47.120
BTC,BUY,0.0123,9647279.000,2024-07-14 21:57:47.598
BTC,BUY,0.0077,9648467.000,2024-07-14 21:57:47.598
BTC,BUY,0.0050,9648467.000,2024-07-14 21:57:47.640
BTC,BUY,0.0050,9648467.000,2024-07-14 21:57:48.642
BTC,BUY,0.0050,9648467.000,2024-07-14 21:57:49.147
BTC,BUY,0.0273,9648467.000,2024-07-14 21:57:49.358
BTC,BUY,0.1727,9650000.000,2024-07-14 21:57:49.358
BTC,BUY,0.0020,9650000.000,2024-07-14 21:57:50.012
BTC,BUY,0.0050,9650000.000,2024-07-14 21:57:50.194
BTC,BUY,0.0050,9650000.000,2024-07-14 21:57:50.698
BTC,BUY,0.1000,9650000.000,2024-07-14 21:57:50.744
BTC,BUY,0.0050,9650000.000,2024-07-14 21:57:51.222
BTC,BUY,0.0100,9650000.000,2024-07-14 21:57:52.430
BTC,BUY,0.0171,9650000.000,2024-07-14 21:57:52.557
BTC,BUY,0.0050,9650000.000,2024-07-14 21:57:52.721
BTC,BUY,0.0374,9650000.000,2024-07-14 21:57:52.724
BTC,BUY,0.0176,9650000.000,2024-07-14 21:57:53.492
BTC,BUY,0.0527,9650000.000,2024-07-14 21:57:53.737
BTC,BUY,0.1473,9650000.000,2024-07-14 21:57:53.737
BTC,BUY,0.0200,9650000.000,2024-07-14 21:57:54.522
BTC,BUY,0.0108,9650000.000,2024-07-14 21:57:54.578
BTC,BUY,0.0619,9650000.000,2024-07-14 21:57:54.638
BTC,BUY,0.0001,9650032.000,2024-07-14 21:57:54.790
BTC,BUY,0.0014,9651000.000,2024-07-14 21:57:54.790
BTC,BUY,0.0035,9655900.000,2024-07-14 21:57:54.790
BTC,BUY,0.0065,9655900.000,2024-07-14 21:57:55.287
BTC,BUY,0.0010,9657989.000,2024-07-14 21:57:55.287
BTC,BUY,0.0425,9659199.000,2024-07-14 21:57:55.287
BTC,BUY,0.0228,9659199.000,2024-07-14 21:57:55.828
BTC,BUY,0.0050,9659199.000,2024-07-14 21:57:56.448
BTC,SELL,0.0010,9659198.000,2024-07-14 21:57:56.486
BTC,SELL,0.0005,9659198.000,2024-07-14 21:57:56.620
BTC,SELL,0.0035,9659198.000,2024-07-14 21:57:56.620
BTC,SELL,0.0004,9659198.000,2024-07-14 21:57:56.897
BTC,BUY,0.0003,9660000.000,2024-07-14 21:57:57.166
BTC,BUY,0.0001,9660000.000,2024-07-14 21:57:57.166
BTC,BUY,0.0001,9660000.000,2024-07-14 21:57:57.166
BTC,BUY,0.0002,9661129.000,2024-07-14 21:57:57.166
BTC,SELL,0.0010,9659199.000,2024-07-14 21:57:57.274
BTC,BUY,0.0020,9666000.000,2024-07-14 21:57:57.348
BTC,BUY,0.0002,9666700.000,2024-07-14 21:57:57.348
BTC,BUY,0.0005,9669445.000,2024-07-14 21:57:57.348
BTC,BUY,0.0005,9669445.000,2024-07-14 21:57:57.348
BTC,BUY,0.0018,9669640.000,2024-07-14 21:57:57.348
BTC,SELL,0.0020,9668790.000,2024-07-14 21:57:57.752
BTC,SELL,0.0020,9668904.000,2024-07-14 21:57:58.098
BTC,BUY,0.0004,9669640.000,2024-07-14 21:57:58.808
BTC,BUY,0.0010,9669640.000,2024-07-14 21:57:59.275
BTC,BUY,0.0004,9669640.000,2024-07-14 21:57:59.496
BTC,BUY,0.0003,9670000.000,2024-07-14 21:57:59.496
BTC,BUY,0.0003,9670000.000,2024-07-14 21:57:59.496
BTC,BUY,0.0017,9670000.000,2024-07-14 21:57:59.613
BTC,BUY,0.0003,9670000.000,2024-07-14 21:57:59.613
BTC,BUY,0.0007,9670000.000,2024-07-14 21:57:59.700
BTC,BUY,0.0001,9670000.000,2024-07-14 21:57:59.700
BTC,BUY,0.0002,9670000.000,2024-07-14 21:57:59.700
BTC,BUY,0.0020,9670000.000,2024-07-14 21:58:00.062
BTC,BUY,0.0010,9670000.000,2024-07-14 21:58:00.395
BTC,SELL,0.0090,9669950.000,2024-07-14 21:58:05.094
BTC,SELL,0.0529,9669949.000,2024-07-14 21:58:05.094
BTC,SELL,0.0200,9665187.000,2024-07-14 21:58:13.530
BTC,SELL,0.0001,9664149.000,2024-07-14 21:58:16.554
BTC,SELL,0.0010,9664149.000,2024-07-14 21:58:17.618
BTC,BUY,0.0001,9663910.000,2024-07-14 21:58:23.085
BTC,BUY,0.0001,9669425.000,2024-07-14 21:58:31.052
BTC,BUY,0.0050,9669425.000,2024-07-14 21:58:31.419
BTC,BUY,0.0188,9669956.000,2024-07-14 21:58:54.453
BTC,BUY,0.0002,9669956.000,2024-07-14 21:58:54.453
BTC,BUY,0.0018,9670000.000,2024-07-14 21:58:54.453
BTC,BUY,0.0001,9670000.000,2024-07-14 21:58:54.453
BTC,BUY,0.0791,9674240.000,2024-07-14 21:58:54.453
BTC,BUY,0.0002,9669345.000,2024-07-14 21:59:17.586
BTC,BUY,0.0150,9674611.000,2024-07-14 21:59:17.751
BTC,BUY,0.0050,9676105.000,2024-07-14 21:59:29.409
BTC,BUY,0.0050,9676105.000,2024-07-14 21:59:29.876
BTC,BUY,0.0001,9677000.000,2024-07-14 21:59:35.524
BTC,BUY,0.0025,9677000.000,2024-07-14 21:59:37.779
BTC,BUY,0.0002,9677000.000,2024-07-14 21:59:37.779
BTC,BUY,0.0001,9677050.000,2024-07-14 21:59:37.779
BTC,BUY,0.0003,9680000.000,2024-07-14 21:59:37.779
BTC,BUY,0.0010,9680000.000,2024-07-14 21:59:37.779
BTC,BUY,0.0010,9680000.000,2024-07-14 21:59:37.779
BTC,BUY,0.0001,9680000.000,2024-07-14 21:59:37.779
BTC,BUY,0.0001,9680000.000,2024-07-14 21:59:37.779
BTC,BUY,0.0001,9680000.000,2024-07-14 21:59:37.779
BTC,BUY,0.0010,9680900.000,2024-07-14 21:59:37.779
BTC,BUY,0.0010,9683000.000,2024-07-14 21:59:37.779
BTC,BUY,0.0003,9683968.000,2024-07-14 21:59:37.779
BTC,BUY,0.0123,9686865.000,2024-07-14 21:59:37.779
BTC,BUY,0.0050,9686865.000,2024-07-14 21:59:38.512
BTC,BUY,0.0050,9686865.000,2024-07-14 21:59:38.991
BTC,BUY,0.0100,9684425.000,2024-07-14 21:59:58.828
BTC,BUY,0.0008,9686809.000,2024-07-14 22:00:03.661
BTC,BUY,0.0300,9688295.000,2024-07-14 22:00:04.327
BTC,BUY,0.0692,9688875.000,2024-07-14 22:00:04.327
BTC,BUY,0.0125,9689920.000,2024-07-14 22:00:04.327
BTC,BUY,0.0003,9690000.000,2024-07-14 22:00:04.327
BTC,BUY,0.0009,9690000.000,2024-07-14 22:00:04.327
BTC,BUY,0.0250,9690000.000,2024-07-14 22:00:04.327
BTC,BUY,0.0001,9690000.000,2024-07-14 22:00:04.327
BTC,BUY,0.0001,9690000.000,2024-07-14 22:00:04.327
BTC,BUY,0.0100,9690000.000,2024-07-14 22:00:04.327
BTC,BUY,0.0001,9690000.000,2024-07-14 22:00:04.327
BTC,BUY,0.0100,9690000.000,2024-07-14 22:00:04.327
BTC,BUY,0.0100,9691579.000,2024-07-14 22:00:04.327
BTC,BUY,0.0010,9692356.000,2024-07-14 22:00:04.327
BTC,BUY,0.0930,9692390.000,2024-07-14 22:00:04.327
BTC,BUY,0.0100,9692495.000,2024-07-14 22:00:04.327
BTC,BUY,0.0065,9692773.000,2024-07-14 22:00:04.327
BTC,BUY,0.0515,9692800.000,2024-07-14 22:00:04.327
BTC,BUY,0.0698,9694365.000,2024-07-14 22:00:04.327
BTC,BUY,0.0228,9694365.000,2024-07-14 22:00:04.452
BTC,SELL,0.0010,9692640.000,2024-07-14 22:00:05.324
BTC,SELL,0.0010,9692640.000,2024-07-14 22:00:05.531
BTC,SELL,0.0020,9692640.000,2024-07-14 22:00:05.635
BTC,SELL,0.0010,9692645.000,2024-07-14 22:00:05.721
BTC,BUY,0.0001,9695999.000,2024-07-14 22:00:05.863
BTC,SELL,0.0020,9692645.000,2024-07-14 22:00:06.194
BTC,SELL,0.0010,9692737.000,2024-07-14 22:00:06.400
BTC,BUY,0.0040,9695999.000,2024-07-14 22:00:06.642
BTC,SELL,0.0004,9692737.000,2024-07-14 22:00:06.834
BTC,BUY,0.0010,9696000.000,2024-07-14 22:00:07.305
BTC,BUY,0.0010,9696000.000,2024-07-14 22:00:07.495
BTC,BUY,0.0020,9699000.000,2024-07-14 22:00:08.051
BTC,BUY,0.0010,9699000.000,2024-07-14 22:00:08.387
BTC,BUY,0.0004,9699000.000,2024-07-14 22:00:08.809
BTC,SELL,0.0003,9698999.000,2024-07-14 22:00:08.849
BTC,BUY,0.0010,9699000.000,2024-07-14 22:00:09.637
BTC,BUY,0.0006,9699000.000,2024-07-14 22:00:09.966
BTC,SELL,0.0001,9698999.000,2024-07-14 22:00:16.583
BTC,SELL,0.0009,9698999.000,2024-07-14 22:00:17.596
BTC,SELL,0.0290,9698999.000,2024-07-14 22:00:18.164
BTC,SELL,0.0516,9698470.000,2024-07-14 22:00:18.376
BTC,SELL,0.0254,9698470.000,2024-07-14 22:00:18.438
BTC,SELL,0.0030,9698470.000,2024-07-14 22:00:18.536
BTC,SELL,0.0194,9698470.000,2024-07-14 22:00:18.568
BTC,SELL,0.0060,9697940.000,2024-07-14 22:00:18.815
BTC,SELL,0.0050,9697940.000,2024-07-14 22:00:18.862
BTC,SELL,0.0200,9697940.000,2024-07-14 22:00:19.060
BTC,SELL,0.0001,9697940.000,2024-07-14 22:00:19.097
BTC,SELL,0.0050,9694142.000,2024-07-14 22:00:20.382
BTC,SELL,0.0050,9694142.000,2024-07-14 22:00:20.772
BTC,SELL,0.0290,9693115.000,2024-07-14 22:00:20.918
BTC,SELL,0.0001,9693323.000,2024-07-14 22:00:21.893
BTC,SELL,0.0050,9693323.000,2024-07-14 22:00:21.929
BTC,SELL,0.0175,9693323.000,2024-07-14 22:00:22.101
BTC,SELL,0.0050,9693323.000,2024-07-14 22:00:22.428
BTC,SELL,0.0211,9693323.000,2024-07-14 22:00:22.539
BTC,SELL,0.0168,9693323.000,2024-07-14 22:00:22.617
BTC,SELL,0.0200,9693323.000,2024-07-14 22:00:22.936
BTC,SELL,0.0050,9693323.000,2024-07-14 22:00:23.438
BTC,SELL,0.0030,9693323.000,2024-07-14 22:00:23.603
BTC,SELL,0.0050,9693323.000,2024-07-14 22:00:23.900
BTC,BUY,0.0004,9691794.000,2024-07-14 22:00:26.390
BTC,SELL,0.0010,9690000.000,2024-07-14 22:00:27.883
BTC,SELL,0.0172,9689460.000,2024-07-14 22:00:27.883
BTC,SELL,0.0010,9689460.000,2024-07-14 22:00:27.993
BTC,SELL,0.0030,9688930.000,2024-07-14 22:00:28.704
BTC,SELL,0.0001,9688930.000,2024-07-14 22:00:28.902
BTC,BUY,0.0010,9688401.000,2024-07-14 22:00:30.231
BTC,BUY,0.0001,9686950.000,2024-07-14 22:00:43.454
BTC,SELL,0.0017,9686949.000,2024-07-14 22:00:51.449
BTC,SELL,0.0016,9686880.000,2024-07-14 22:00:59.262
BTC,SELL,0.0182,9686809.000,2024-07-14 22:00:59.262
BTC,SELL,0.5000,9685750.000,2024-07-14 22:00:59.340
BTC,SELL,0.0004,9685484.000,2024-07-14 22:00:59.421
BTC,SELL,0.8298,9685220.000,2024-07-14 22:00:59.587
BTC,SELL,0.0267,9684545.000,2024-07-14 22:01:00.004
BTC,SELL,0.0050,9684545.000,2024-07-14 22:01:00.585
BTC,SELL,0.0001,9684545.000,2024-07-14 22:01:00.590
BTC,SELL,0.0602,9684545.000,2024-07-14 22:01:00.690
BTC,SELL,0.0010,9680000.000,2024-07-14 22:01:00.869
BTC,SELL,0.0190,9679136.000,2024-07-14 22:01:00.869
BTC,SELL,0.0163,9675534.000,2024-07-14 22:01:00.912
BTC,SELL,0.0005,9675402.000,2024-07-14 22:01:00.912
BTC,SELL,0.0032,9673701.000,2024-07-14 22:01:00.912
BTC,SELL,0.0010,9673701.000,2024-07-14 22:01:00.983
BTC,SELL,0.0030,9674091.000,2024-07-14 22:01:00.992
BTC,SELL,0.0050,9674091.000,2024-07-14 22:01:01.062
BTC,SELL,0.0320,9674091.000,2024-07-14 22:01:01.125
BTC,SELL,0.0080,9673701.000,2024-07-14 22:01:01.125
BTC,SELL,0.0010,9673701.000,2024-07-14 22:01:01.258
BTC,BUY,0.0002,9675000.000,2024-07-14 22:01:07.326
BTC,BUY,0.0198,9675000.000,2024-07-14 22:01:07.326
BTC,BUY,0.0077,9675000.000,2024-07-14 22:01:07.718
BTC,BUY,0.0050,9683459.000,2024-07-14 22:01:09.383
BTC,SELL,0.0200,9683100.000,2024-07-14 22:01:18.966
BTC,SELL,0.0050,9683100.000,2024-07-14 22:01:19.135
BTC,BUY,0.0100,9683600.000,2024-07-14 22:01:23.094
BTC,BUY,0.0005,9683600.000,2024-07-14 22:01:23.299
BTC,SELL,0.0001,9681040.000,2024-07-14 22:01:32.828
BTC,BUY,0.0001,9677901.000,2024-07-14 22:01:39.751
BTC,SELL,0.0004,9677899.000,2024-07-14 22:01:41.358
BTC,BUY,0.0001,9677900.000,2024-07-14 22:01:41.363
BTC,SELL,0.0050,9677899.000,2024-07-14 22:01:42.321
BTC,SELL,0.0050,9677840.000,2024-07-14 22:01:42.746
BTC,SELL,0.0050,9677840.000,2024-07-14 22:01:43.268
BTC,SELL,0.0024,9677840.000,2024-07-14 22:01:44.896
BTC,SELL,0.0176,9677728.000,2024-07-14 22:01:44.896
BTC,SELL,0.0412,9677728.000,2024-07-14 22:01:45.164
BTC,SELL,0.0412,9677728.000,2024-07-14 22:01:45.196
BTC,SELL,0.0301,9676786.000,2024-07-14 22:01:45.325
BTC,SELL,0.0507,9676786.000,2024-07-14 22:01:46.262
BTC,SELL,0.0050,9676786.000,2024-07-14 22:01:46.316
BTC,SELL,0.0142,9676786.000,2024-07-14 22:01:46.486
BTC,SELL,0.0008,9670000.000,2024-07-14 22:01:46.486
BTC,SELL,0.0011,9670000.000,2024-07-14 22:01:46.486
BTC,SELL,0.0700,9667731.000,2024-07-14 22:01:46.486
BTC,SELL,0.0014,9667200.000,2024-07-14 22:01:46.486
BTC,SELL,0.0010,9670960.000,2024-07-14 22:01:46.634
BTC,SELL,0.0010,9670960.000,2024-07-14 22:01:46.835
BTC,SELL,0.0010,9670960.000,2024-07-14 22:01:47.009
BTC,SELL,0.0050,9669401.000,2024-07-14 22:01:48.367
BTC,SELL,0.0050,9669401.000,2024-07-14 22:01:49.356
BTC,SELL,0.0095,9668320.000,2024-07-14 22:01:54.499
BTC,SELL,0.0005,9667730.000,2024-07-14 22:01:54.499
BTC,SELL,0.0010,9667730.000,2024-07-14 22:01:54.664
BTC,BUY,0.0010,9668907.000,2024-07-14 22:01:58.750
BTC,SELL,0.0010,9665715.000,2024-07-14 22:02:03.923
BTC,SELL,0.0040,9665610.000,2024-07-14 22:02:03.923
BTC,BUY,0.0001,9669800.000,2024-07-14 22:02:24.995
BTC,BUY,0.0010,9669703.000,2024-07-14 22:02:28.901
BTC,BUY,0.0200,9673472.000,2024-07-14 22:02:33.793
BTC,SELL,0.0050,9669850.000,2024-07-14 22:02:49.390
BTC,SELL,0.0050,9669800.000,2024-07-14 22:02:49.914
BTC,SELL,0.0050,9673631.000,2024-07-14 22:02:55.470
BTC,SELL,0.0050,9673631.000,2024-07-14 22:02:57.037
BTC,SELL,0.0050,9673245.000,2024-07-14 22:02:58.072
BTC,SELL,0.0367,9672500.000,2024-07-14 22:03:00.501
BTC,SELL,0.0050,9672500.000,2024-07-14 22:03:00.643
BTC,SELL,0.0267,9672500.000,2024-07-14 22:03:00.713
BTC,SELL,0.0050,9670610.000,2024-07-14 22:03:02.654
BTC,SELL,0.0100,9670610.000,2024-07-14 22:03:02.658
BTC,SELL,0.0267,9670610.000,2024-07-14 22:03:02.684
BTC,SELL,0.0050,9670610.000,2024-07-14 22:03:03.213
BTC,SELL,0.0145,9670888.000,2024-07-14 22:03:03.463
BTC,SELL,0.0050,9670888.000,2024-07-14 22:03:03.732
BTC,SELL,0.0050,9670380.000,2024-07-14 22:03:08.803
BTC,BUY,0.0010,9670850.000,2024-07-14 22:03:09.806
BTC,SELL,0.0100,9670889.000,2024-07-14 22:03:15.113
BTC,SELL,0.0100,9670752.000,2024-07-14 22:03:15.113
BTC,BUY,0.0001,9670995.000,2024-07-14 22:03:27.957
BTC,SELL,0.0050,9669800.000,2024-07-14 22:03:32.238
BTC,SELL,0.0050,9670000.000,2024-07-14 22:03:35.780
BTC,SELL,0.0053,9670000.000,2024-07-14 22:03:36.913
BTC,SELL,0.0047,9669800.000,2024-07-14 22:03:36.913
BTC,BUY,0.0010,9669801.000,2024-07-14 22:03:47.267
BTC,SELL,0.0287,9669800.000,2024-07-14 22:03:48.455
BTC,SELL,0.0050,9669800.000,2024-07-14 22:03:48.482
BTC,SELL,0.0227,9669800.000,2024-07-14 22:03:48.596
BTC,SELL,0.0050,9669800.000,2024-07-14 22:03:50.537
BTC,SELL,0.0050,9669800.000,2024-07-14 22:03:51.032
BTC,SELL,0.0050,9669800.000,2024-07-14 22:03:51.544
BTC,SELL,0.0139,9669800.000,2024-07-14 22:03:52.418
BTC,SELL,0.0873,9667200.000,2024-07-14 22:03:52.418
BTC,BUY,0.0065,9669800.000,2024-07-14 22:03:53.852
BTC,SELL,0.0050,9666140.000,2024-07-14 22:04:18.987
BTC,SELL,0.0050,9665610.000,2024-07-14 22:04:25.029
BTC,BUY,0.0100,9665611.000,2024-07-14 22:04:26.273
BTC,BUY,0.0350,9665611.000,2024-07-14 22:04:26.273
BTC,SELL,0.0030,9665080.000,2024-07-14 22:04:46.504
BTC,BUY,0.0052,9669353.000,2024-07-14 22:05:04.567
BTC,SELL,0.0100,9668790.000,2024-07-14 22:05:06.131
BTC,SELL,0.0050,9667730.000,2024-07-14 22:05:06.716
BTC,SELL,0.0200,9667200.000,2024-07-14 22:05:11.143
BTC,SELL,0.0200,9666670.000,2024-07-14 22:05:15.608
BTC,SELL,0.0050,9666140.000,2024-07-14 22:05:16.032
BTC,SELL,0.0050,9665610.000,2024-07-14 22:05:17.022
BTC,BUY,0.0300,9665520.000,2024-07-14 22:05:19.280
BTC,SELL,0.0050,9665080.000,2024-07-14 22:05:20.073
BTC,SELL,0.0050,9665080.000,2024-07-14 22:05:20.564
BTC,SELL,0.0475,9665080.000,2024-07-14 22:05:21.136
BTC,SELL,0.0050,9665080.000,2024-07-14 22:05:21.534
BTC,BUY,0.0013,9665081.000,2024-07-14 22:05:24.078
BTC,SELL,0.0018,9665080.000,2024-07-14 22:05:24.507
BTC,BUY,0.1000,9665081.000,2024-07-14 22:05:27.156
BTC,BUY,0.1000,9665081.000,2024-07-14 22:05:27.156
BTC,BUY,0.0030,9665449.000,2024-07-14 22:05:30.087
BTC,SELL,0.0050,9665080.000,2024-07-14 22:05:36.766
BTC,SELL,0.0050,9665080.000,2024-07-14 22:05:38.280
BTC,SELL,0.0050,9665080.000,2024-07-14 22:05:39.783
BTC,SELL,0.0050,9665080.000,2024-07-14 22:05:40.323
BTC,SELL,0.0100,9665080.000,2024-07-14 22:05:42.712
BTC,SELL,0.0057,9665080.000,2024-07-14 22:05:44.558
BTC,SELL,0.0002,9665000.000,2024-07-14 22:05:44.558
BTC,SELL,0.0141,9664598.000,2024-07-14 22:05:44.558
BTC,SELL,0.0010,9664598.000,2024-07-14 22:05:44.657
BTC,SELL,0.0050,9661370.000,2024-07-14 22:05:45.447
BTC,SELL,0.0011,9660000.000,2024-07-14 22:06:24.775
BTC,SELL,0.0010,9660000.000,2024-07-14 22:06:24.775
BTC,SELL,0.0179,9659875.000,2024-07-14 22:06:24.775
BTC,SELL,0.0100,9659875.000,2024-07-14 22:06:26.271
BTC,SELL,0.0400,9656070.000,2024-07-14 22:06:53.298
BTC,SELL,0.0020,9655540.000,2024-07-14 22:06:53.999
BTC,BUY,0.0050,9655540.000,2024-07-14 22:07:21.218
BTC,BUY,0.0187,9655540.000,2024-07-14 22:07:21.224
BTC,BUY,0.0050,9657914.000,2024-07-14 22:07:23.731
BTC,BUY,0.0500,9657350.000,2024-07-14 22:07:43.761
BTC,BUY,0.0002,9657189.000,2024-07-14 22:07:48.409
BTC,BUY,0.0003,9657189.000,2024-07-14 22:07:48.409
BTC,BUY,0.1000,9653950.000,2024-07-14 22:07:54.868
BTC,SELL,0.0011,9650000.000,2024-07-14 22:08:14.050
BTC,SELL,0.0003,9650000.000,2024-07-14 22:08:14.050
BTC,SELL,0.0086,9650000.000,2024-07-14 22:08:14.050
BTC,SELL,0.0014,9650000.000,2024-07-14 22:08:19.567
BTC,SELL,0.0186,9649864.000,2024-07-14 22:08:19.567
BTC,SELL,0.0050,9646785.000,2024-07-14 22:08:30.721
BTC,SELL,0.0002,9646543.000,2024-07-14 22:08:42.252
BTC,SELL,0.0008,9646543.000,2024-07-14 22:08:43.480
BTC,SELL,0.0192,9642987.000,2024-07-14 22:08:43.480
BTC,SELL,0.0270,9642987.000,2024-07-14 22:08:43.751
BTC,SELL,0.0050,9642987.000,2024-07-14 22:08:43.960
BTC,BUY,0.0002,9644410.000,2024-07-14 22:08:44.225
BTC,BUY,0.0300,9641860.000,2024-07-14 22:09:08.774
BTC,BUY,0.0100,9642355.000,2024-07-14 22:09:08.774
BTC,BUY,0.0010,9640001.000,2024-07-14 22:09:39.500
BTC,SELL,0.0001,9640000.000,2024-07-14 22:09:47.522
BTC,SELL,0.0011,9640000.000,2024-07-14 22:09:47.522
BTC,SELL,0.0003,9640000.000,2024-07-14 22:09:47.522
BTC,SELL,0.0010,9640000.000,2024-07-14 22:09:47.522
BTC,SELL,0.0175,9640000.000,2024-07-14 22:09:47.522
BTC,SELL,0.0002,9640000.000,2024-07-14 22:09:54.400
BTC,SELL,0.0002,9639999.000,2024-07-14 22:10:02.482
BTC,SELL,0.0992,9639110.000,2024-07-14 22:10:02.482
BTC,SELL,0.0002,9639999.000,2024-07-14 22:10:05.735
BTC,SELL,0.0096,9639999.000,2024-07-14 22:10:05.735
BTC,BUY,0.0004,9640001.000,2024-07-14 22:10:08.324
BTC,BUY,0.0006,9640001.000,2024-07-14 22:10:21.196
BTC,BUY,0.0004,9645310.000,2024-07-14 22:10:21.196
BTC,BUY,0.0090,9651300.000,2024-07-14 22:11:06.460
BTC,BUY,0.0010,9651350.000,2024-07-14 22:11:16.081
BTC,SELL,0.0050,9650770.000,2024-07-14 22:11:22.399
BTC,BUY,0.0067,9650730.000,2024-07-14 22:11:23.358
BTC,BUY,0.0033,9650850.000,2024-07-14 22:11:23.358
BTC,BUY,0.0930,9643665.000,2024-07-14 22:11:48.972
BTC,BUY,0.0070,9645439.000,2024-07-14 22:11:48.972
BTC,BUY,0.0106,9645470.000,2024-07-14 22:11:51.272
BTC,BUY,0.0099,9645471.000,2024-07-14 22:11:51.272
BTC,BUY,0.1000,9646348.000,2024-07-14 22:11:51.272
BTC,BUY,0.0020,9646720.000,2024-07-14 22:11:51.272
BTC,BUY,0.0700,9646798.000,2024-07-14 22:11:51.272
BTC,BUY,0.0100,9648255.000,2024-07-14 22:11:51.272
BTC,BUY,0.0050,9648457.000,2024-07-14 22:11:51.272
BTC,BUY,0.0025,9649605.000,2024-07-14 22:11:51.272
BTC,SELL,0.0001,9646344.000,2024-07-14 22:11:54.472
BTC,SELL,0.0002,9645520.000,2024-07-14 22:12:13.736
BTC,SELL,0.0050,9645926.000,2024-07-14 22:12:20.412
BTC,BUY,0.0010,9646438.000,2024-07-14 22:12:22.503
BTC,BUY,0.0003,9643800.000,2024-07-14 22:12:34.784
BTC,BUY,0.0010,9640960.000,2024-07-14 22:12:40.804
BTC,BUY,0.0010,9642674.000,2024-07-14 22:12:50.828
BTC,SELL,0.0050,9644036.000,2024-07-14 22:13:05.022
BTC,SELL,0.0001,9642800.000,2024-07-14 22:13:19.986
BTC,SELL,0.0001,9642960.000,2024-07-14 22:13:22.330
BTC,SELL,0.0100,9642960.000,2024-07-14 22:13:23.438
BTC,SELL,0.0100,9642800.000,2024-07-14 22:13:29.036
BTC,SELL,0.0022,9642800.000,2024-07-14 22:13:29.040
BTC,SELL,0.0050,9640907.000,2024-07-14 22:13:29.444
BTC,SELL,0.0950,9640907.000,2024-07-14 22:13:29.602
BTC,SELL,0.0002,9640000.000,2024-07-14 22:13:29.728
BTC,SELL,0.0001,9638431.000,2024-07-14 22:13:29.728
BTC,SELL,0.0016,9636990.000,2024-07-14 22:13:29.728
BTC,SELL,0.0981,9635930.000,2024-07-14 22:13:29.728
BTC,SELL,0.0030,9635036.000,2024-07-14 22:13:30.491
BTC,SELL,0.0050,9635036.000,2024-07-14 22:13:30.494
BTC,SELL,0.0100,9635036.000,2024-07-14 22:13:30.902
BTC,SELL,0.0120,9635036.000,2024-07-14 22:13:30.931
BTC,SELL,0.0080,9634000.000,2024-07-14 22:13:30.931
BTC,SELL,0.0020,9634000.000,2024-07-14 22:13:30.938
BTC,SELL,0.0013,9632588.000,2024-07-14 22:13:30.938
BTC,SELL,0.0001,9630243.000,2024-07-14 22:13:30.938
BTC,SELL,0.0016,9630101.000,2024-07-14 22:13:30.938
BTC,SELL,0.0109,9630101.000,2024-07-14 22:13:31.110
BTC,SELL,0.0011,9630000.000,2024-07-14 22:13:31.110
BTC,SELL,0.0003,9630000.000,2024-07-14 22:13:31.110
BTC,SELL,0.0500,9622274.000,2024-07-14 22:13:31.181
BTC,SELL,0.0050,9622274.000,2024-07-14 22:13:31.191
BTC,SELL,0.0200,9622274.000,2024-07-14 22:13:31.307
BTC,SELL,0.0200,9622274.000,2024-07-14 22:13:31.375
BTC,SELL,0.0050,9622274.000,2024-07-14 22:13:31.514
BTC,SELL,0.0100,9622151.000,2024-07-14 22:13:31.514
BTC,SELL,0.1000,9620772.000,2024-07-14 22:13:33.953
BTC,SELL,0.0003,9620000.000,2024-07-14 22:13:33.953
BTC,SELL,0.0011,9620000.000,2024-07-14 22:13:33.953
BTC,SELL,0.0788,9620000.000,2024-07-14 22:13:33.953
BTC,SELL,0.0050,9620773.000,2024-07-14 22:13:34.270
BTC,BUY,0.0010,9620125.000,2024-07-14 22:13:40.845
BTC,SELL,0.2900,9618970.000,2024-07-14 22:13:44.881
BTC,BUY,0.0066,9619629.000,2024-07-14 22:13:48.959
BTC,BUY,0.0284,9619800.000,2024-07-14 22:13:48.959
BTC,BUY,0.0010,9619600.000,2024-07-14 22:13:50.842
BTC,SELL,0.0400,9619598.000,2024-07-14 22:13:52.286
BTC,SELL,0.0007,9619598.000,2024-07-14 22:13:52.339
BTC,BUY,0.0007,9619600.000,2024-07-14 22:13:56.854
BTC,BUY,0.0010,9616960.000,2024-07-14 22:14:10.819
BTC,BUY,0.0010,9616960.000,2024-07-14 22:14:20.835
BTC,BUY,0.0004,9618457.000,2024-07-14 22:14:30.888
BTC,BUY,0.0006,9619600.000,2024-07-14 22:14:30.888
BTC,BUY,0.0004,9618509.000,2024-07-14 22:15:00.997
BTC,BUY,0.0006,9619600.000,2024-07-14 22:15:00.997
BTC,BUY,0.0001,9620600.000,2024-07-14 22:15:03.628
BTC,BUY,0.0020,9623920.000,2024-07-14 22:15:22.116
BTC,SELL,0.0050,9620000.000,2024-07-14 22:15:28.522
BTC,BUY,0.0100,9620001.000,2024-07-14 22:15:34.248
BTC,BUY,0.0400,9620001.000,2024-07-14 22:15:34.248
BTC,SELL,0.0050,9620000.000,2024-07-14 22:15:39.464
BTC,SELL,0.0002,9620000.000,2024-07-14 22:15:39.464
BTC,BUY,0.0022,9616546.000,2024-07-14 22:15:44.629
BTC,SELL,0.0050,9615172.000,2024-07-14 22:15:48.782
BTC,SELL,0.0050,9615172.000,2024-07-14 22:15:49.172
BTC,SELL,0.0900,9615172.000,2024-07-14 22:15:49.173
BTC,SELL,0.0048,9614751.000,2024-07-14 22:16:13.025
BTC,SELL,0.0100,9616751.000,2024-07-14 22:16:17.132
BTC,SELL,0.0050,9621857.000,2024-07-14 22:16:27.414
BTC,SELL,0.0050,9620617.000,2024-07-14 22:16:27.917
BTC,SELL,0.0088,9620560.000,2024-07-14 22:16:39.245
BTC,SELL,0.0912,9619976.000,2024-07-14 22:16:39.245
BTC,SELL,0.0088,9619976.000,2024-07-14 22:16:39.343
BTC,BUY,0.1000,9617588.000,2024-07-14 22:16:40.037
BTC,SELL,0.0002,9617439.000,2024-07-14 22:16:47.817
BTC,SELL,0.1988,9617380.000,2024-07-14 22:16:47.817
BTC,SELL,0.0001,9615792.000,2024-07-14 22:17:14.475
BTC,SELL,0.0050,9615792.000,2024-07-14 22:17:14.715
BTC,SELL,0.0002,9615000.000,2024-07-14 22:17:15.191
BTC,SELL,0.0048,9613692.000,2024-07-14 22:17:15.191
BTC,BUY,0.0001,9612880.000,2024-07-14 22:17:26.130
BTC,BUY,0.0200,9614074.000,2024-07-14 22:17:41.711
BTC,SELL,0.0050,9614959.000,2024-07-14 22:17:48.546
BTC,SELL,0.0540,9614943.000,2024-07-14 22:17:48.546
BTC,BUY,0.0001,9613004.000,2024-07-14 22:18:04.784
BTC,BUY,0.0050,9613680.000,2024-07-14 22:18:10.287
BTC,BUY,0.0002,9619539.000,2024-07-14 22:19:32.564
BTC,SELL,0.0009,9619506.000,2024-07-14 22:19:49.170
BTC,BUY,0.0001,9620000.000,2024-07-14 22:20:08.768
BTC,BUY,0.0010,9620000.000,2024-07-14 22:20:40.699
BTC,BUY,0.0030,9616231.000,2024-07-14 22:21:03.126
BTC,SELL,0.0001,9617467.000,2024-07-14 22:21:17.527
BTC,SELL,0.0100,9611897.000,2024-07-14 22:21:54.395
BTC,BUY,0.0001,9613357.000,2024-07-14 22:22:02.574
BTC,BUY,0.0010,9615120.000,2024-07-14 22:22:47.835
BTC,BUY,0.0001,9614749.000,2024-07-14 22:23:06.379
BTC,BUY,0.0024,9615040.000,2024-07-14 22:23:06.379
BTC,BUY,0.0025,9615189.000,2024-07-14 22:23:06.379
BTC,BUY,0.0010,9615189.000,2024-07-14 22:23:06.574
BTC,SELL,0.0294,9614642.000,2024-07-14 22:23:25.673
BTC,SELL,0.0706,9614642.000,2024-07-14 22:23:25.729
BTC,SELL,0.0330,9613000.000,2024-07-14 22:23:32.529
BTC,SELL,0.0163,9613000.000,2024-07-14 22:23:32.586
BTC,BUY,0.0010,9613770.000,2024-07-14 22:23:39.694
BTC,BUY,0.0003,9614408.000,2024-07-14 22:23:51.793
BTC,SELL,0.0027,9614407.000,2024-07-14 22:23:53.588
BTC,BUY,0.0010,9614400.000,2024-07-14 22:23:56.200
BTC,BUY,0.0010,9613923.000,2024-07-14 22:24:20.308
BTC,SELL,0.0002,9614151.000,2024-07-14 22:24:45.945
BTC,BUY,0.0050,9620000.000,2024-07-14 22:25:20.344
BTC,BUY,0.0001,9620000.000,2024-07-14 22:25:54.710
BTC,BUY,0.0038,9620000.000,2024-07-14 22:26:00.907
BTC,BUY,0.0012,9620000.000,2024-07-14 22:26:00.907
BTC,BUY,0.0088,9620000.000,2024-07-14 22:26:01.272
BTC,BUY,0.0012,9625723.000,2024-07-14 22:26:01.272
BTC,BUY,0.0001,9626710.000,2024-07-14 22:26:02.696
BTC,BUY,0.0059,9626943.000,2024-07-14 22:26:02.696
BTC,BUY,0.0030,9626943.000,2024-07-14 22:26:02.999
BTC,BUY,0.0050,9629790.000,2024-07-14 22:26:03.757
BTC,SELL,0.0700,9629601.000,2024-07-14 22:26:06.318
BTC,SELL,0.0300,9629600.000,2024-07-14 22:26:06.318
BTC,BUY,0.0001,9631855.000,2024-07-14 22:26:09.259
BTC,BUY,0.0005,9633105.000,2024-07-14 22:26:24.161
BTC,BUY,0.0002,9634105.000,2024-07-14 22:26:31.364
BTC,BUY,0.0001,9635380.000,2024-07-14 22:26:42.136
BTC,BUY,0.0050,9638192.000,2024-07-14 22:26:53.803
BTC,SELL,0.1000,9642850.000,2024-07-14 22:27:10.857
BTC,SELL,0.1000,9642567.000,2024-07-14 22:27:13.283
BTC,SELL,0.0003,9637000.000,2024-07-14 22:27:42.355
BTC,BUY,0.0001,9638484.000,2024-07-14 22:27:44.759
BTC,BUY,0.0001,9638193.000,2024-07-14 22:27:59.516
BTC,BUY,0.0158,9638582.000,2024-07-14 22:27:59.516
BTC,BUY,0.0106,9638582.000,2024-07-14 22:27:59.573
BTC,BUY,0.0001,9638715.000,2024-07-14 22:27:59.573
BTC,SELL,0.0098,9638901.000,2024-07-14 22:28:08.507
BTC,SELL,0.0700,9638901.000,2024-07-14 22:28:08.507
BTC,SELL,0.0202,9638900.000,2024-07-14 22:28:08.507
BTC,SELL,0.0001,9638900.000,2024-07-14 22:28:19.493
BTC,SELL,0.0090,9638900.000,2024-07-14 22:28:20.447
BTC,SELL,0.0144,9638192.000,2024-07-14 22:29:18.219
BTC,BUY,0.0046,9638193.000,2024-07-14 22:29:30.101
BTC,BUY,0.0002,9638193.000,2024-07-14 22:29:30.101
BTC,BUY,0.0992,9638193.000,2024-07-14 22:29:30.101
BTC,SELL,0.0100,9638192.000,2024-07-14 22:29:43.322
BTC,SELL,0.0100,9638192.000,2024-07-14 22:29:57.837
BTC,SELL,0.0275,9638192.000,2024-07-14 22:30:04.561
BTC,BUY,0.0002,9637551.000,2024-07-14 22:30:50.032
BTC,BUY,0.0028,9638192.000,2024-07-14 22:30:50.032
BTC,BUY,0.0050,9638192.000,2024-07-14 22:31:01.017
BTC,BUY,0.0323,9638192.000,2024-07-14 22:31:11.438
BTC,SELL,0.1000,9638191.000,2024-07-14 22:31:28.759
BTC,SELL,0.0300,9638191.000,2024-07-14 22:31:28.759
BTC,BUY,0.0162,9638192.000,2024-07-14 22:31:34.512
BTC,BUY,0.0100,9638192.000,2024-07-14 22:32:48.985
BTC,BUY,0.0062,9638192.000,2024-07-14 22:32:51.453
BTC,BUY,0.0001,9638192.000,2024-07-14 22:32:51.453
BTC,BUY,0.0033,9638383.000,2024-07-14 22:32:54.617
BTC,BUY,0.0100,9642900.000,2024-07-14 22:33:38.052
BTC,BUY,0.0011,9643988.000,2024-07-14 22:33:38.052
BTC,BUY,0.0002,9645000.000,2024-07-14 22:33:38.052
BTC,BUY,0.0287,9646367.000,2024-07-14 22:33:38.052
BTC,SELL,0.0044,9648769.000,2024-07-14 22:33:58.435
BTC,BUY,0.0002,9645406.000,2024-07-14 22:34:10.231
BTC,BUY,0.0050,9646651.000,2024-07-14 22:34:15.541
BTC,SELL,0.0590,9647760.000,2024-07-14 22:34:23.099
BTC,BUY,0.0001,9645440.000,2024-07-14 22:34:32.613
BTC,BUY,0.0002,9645693.000,2024-07-14 22:34:56.427
BTC,BUY,0.0005,9647325.000,2024-07-14 22:35:02.914
BTC,BUY,0.0002,9646139.000,2024-07-14 22:35:24.974
BTC,BUY,0.0001,9646027.000,2024-07-14 22:35:54.638
BTC,BUY,0.0001,9646163.000,2024-07-14 22:36:04.768
BTC,BUY,0.0004,9646436.000,2024-07-14 22:36:11.878
BTC,BUY,0.0046,9646533.000,2024-07-14 22:36:11.878
BTC,BUY,0.0001,9646339.000,2024-07-14 22:36:13.279
BTC,BUY,0.0001,9647280.000,2024-07-14 22:36:17.020
BTC,SELL,0.1000,9646550.000,2024-07-14 22:36:25.771
BTC,SELL,0.0493,9646550.000,2024-07-14 22:36:25.771
BTC,BUY,0.0001,9647325.000,2024-07-14 22:36:32.393
BTC,BUY,0.0001,9647228.000,2024-07-14 22:36:39.442
BTC,BUY,0.0001,9647287.000,2024-07-14 22:36:54.324
BTC,BUY,0.0037,9647228.000,2024-07-14 22:37:42.987
BTC,BUY,0.0019,9647325.000,2024-07-14 22:37:42.987
BTC,BUY,0.1944,9647590.000,2024-07-14 22:37:42.987
BTC,SELL,0.0100,9642040.000,2024-07-14 22:38:05.622
BTC,BUY,0.0100,9642290.000,2024-07-14 22:38:24.688
BTC,BUY,0.0100,9640566.000,2024-07-14 22:38:29.449
BTC,BUY,0.0100,9639925.000,2024-07-14 22:38:31.175
BTC,BUY,0.0100,9639925.000,2024-07-14 22:38:32.649
BTC,BUY,0.0011,9640080.000,2024-07-14 22:38:35.705
BTC,BUY,0.0100,9640486.000,2024-07-14 22:38:38.880
BTC,BUY,0.0026,9640600.000,2024-07-14 22:38:40.394
BTC,BUY,0.0001,9640600.000,2024-07-14 22:38:41.342
BTC,BUY,0.0100,9640600.000,2024-07-14 22:38:41.881
BTC,BUY,0.0300,9640050.000,2024-07-14 22:38:57.224
BTC,SELL,0.0071,9634847.000,2024-07-14 22:39:31.407
BTC,SELL,0.0016,9634847.000,2024-07-14 22:39:32.140
BTC,BUY,0.0100,9634848.000,2024-07-14 22:39:35.372
BTC,SELL,0.0024,9634847.000,2024-07-14 22:39:36.791
BTC,SELL,0.0002,9634847.000,2024-07-14 22:39:48.381
BTC,SELL,0.0007,9634847.000,2024-07-14 22:39:48.735
BTC,SELL,0.0400,9634847.000,2024-07-14 22:39:54.795
BTC,BUY,0.0300,9634848.000,2024-07-14 22:40:03.128
BTC,BUY,0.0200,9634848.000,2024-07-14 22:40:03.128
BTC,SELL,0.0012,9634847.000,2024-07-14 22:40:06.334
BTC,SELL,0.0050,9634847.000,2024-07-14 22:40:13.792
BTC,SELL,0.0050,9634847.000,2024-07-14 22:40:14.290
BTC,SELL,0.0050,9634847.000,2024-07-14 22:40:15.363
BTC,SELL,0.0050,9634847.000,2024-07-14 22:40:16.335
BTC,SELL,0.0100,9634847.000,2024-07-14 22:40:17.138
BTC,SELL,0.0050,9634847.000,2024-07-14 22:40:17.872
BTC,SELL,0.0006,9634847.000,2024-07-14 22:40:17.964
BTC,SELL,0.0050,9634847.000,2024-07-14 22:40:18.375
BTC,SELL,0.0062,9634847.000,2024-07-14 22:40:18.769
BTC,SELL,0.0002,9630000.000,2024-07-14 22:40:18.769
BTC,SELL,0.0036,9626974.000,2024-07-14 22:40:18.769
BTC,SELL,0.0700,9624586.000,2024-07-14 22:42:34.617
BTC,SELL,0.0164,9624505.000,2024-07-14 22:42:34.617
BTC,SELL,0.1122,9622873.000,2024-07-14 22:42:34.617
BTC,SELL,0.1000,9622699.000,2024-07-14 22:42:34.617
BTC,SELL,0.0014,9622542.000,2024-07-14 22:42:34.617
BTC,SELL,0.0060,9619800.000,2024-07-14 22:44:11.835
BTC,SELL,0.0100,9620151.000,2024-07-14 22:45:06.641
BTC,BUY,0.0007,9624484.000,2024-07-14 22:46:44.067
BTC,BUY,0.0022,9624951.000,2024-07-14 22:46:44.067
BTC,BUY,0.0022,9626293.000,2024-07-14 22:47:09.175
BTC,BUY,0.0178,9626390.000,2024-07-14 22:47:09.175
BTC,BUY,0.0004,9626097.000,2024-07-14 22:47:20.088
BTC,BUY,0.0044,9626466.000,2024-07-14 22:47:56.876
BTC,BUY,0.0006,9626857.000,2024-07-14 22:47:56.876
BTC,SELL,0.0200,9626465.000,2024-07-14 22:48:15.571
BTC,BUY,0.0003,9627341.000,2024-07-14 22:48:35.773
BTC,BUY,0.0007,9627341.000,2024-07-14 22:48:35.805
BTC,BUY,0.0001,9629376.000,2024-07-14 22:50:09.585
BTC,BUY,0.0054,9629520.000,2024-07-14 22:50:09.585
BTC,BUY,0.0001,9635269.000,2024-07-14 22:51:29.322
BTC,BUY,0.0060,9638821.000,2024-07-14 22:51:34.366
BTC,BUY,0.0001,9641075.000,2024-07-14 22:51:39.677
BTC,BUY,0.0055,9641967.000,2024-07-14 22:51:39.863
BTC,BUY,0.0097,9643451.000,2024-07-14 22:51:39.863
BTC,BUY,0.0003,9643540.000,2024-07-14 22:51:50.469
BTC,BUY,0.0010,9639338.000,2024-07-14 22:52:17.519
BTC,SELL,0.0001,9637405.000,2024-07-14 22:52:32.512
BTC,BUY,0.0200,9640503.000,2024-07-14 22:53:15.595
BTC,BUY,0.0282,9643311.000,2024-07-14 22:53:15.722
BTC,BUY,0.0050,9643311.000,2024-07-14 22:53:15.842
BTC,BUY,0.0156,9643311.000,2024-07-14 22:53:15.999
BTC,BUY,0.0030,9643311.000,2024-07-14 22:53:16.234
BTC,BUY,0.0184,9643311.000,2024-07-14 22:53:16.372
BTC,BUY,0.0001,9644410.000,2024-07-14 22:54:59.953
BTC,BUY,0.0002,9645000.000,2024-07-14 22:55:01.555
BTC,BUY,0.0004,9645798.000,2024-07-14 22:55:01.555
BTC,BUY,0.0040,9645951.000,2024-07-14 22:55:01.555
BTC,BUY,0.1123,9646461.000,2024-07-14 22:55:01.555
BTC,BUY,0.2831,9646530.000,2024-07-14 22:55:01.555
BTC,BUY,0.1000,9647590.000,2024-07-14 22:55:18.732
BTC,BUY,0.0010,9647829.000,2024-07-14 22:56:28.248
BTC,BUY,0.0011,9650000.000,2024-07-14 22:57:04.446
BTC,BUY,0.0050,9650000.000,2024-07-14 22:57:04.446
BTC,BUY,0.0119,9650240.000,2024-07-14 22:57:04.446
BTC,SELL,0.0020,9647000.000,2024-07-14 22:58:16.572
BTC,SELL,0.0130,9640004.000,2024-07-14 22:58:16.572
BTC,BUY,0.0002,9641133.000,2024-07-14 22:59:22.831
BTC,BUY,0.0004,9641934.000,2024-07-14 23:00:26.168
BTC,BUY,0.0002,9644934.000,2024-07-14 23:00:26.364
BTC,BUY,0.0003,9644383.000,2024-07-14 23:00:57.342
BTC,SELL,0.0040,9646934.000,2024-07-14 23:01:33.566
BTC,BUY,0.0001,9649902.000,2024-07-14 23:01:35.458
BTC,SELL,0.0100,9647848.000,2024-07-14 23:01:35.848
BTC,SELL,0.0050,9647268.000,2024-07-14 23:01:35.848
BTC,SELL,0.0139,9646800.000,2024-07-14 23:01:35.848
BTC,SELL,0.0002,9644215.000,2024-07-14 23:02:13.190
BTC,SELL,0.0010,9640100.000,2024-07-14 23:02:18.486
BTC,SELL,0.0002,9640050.000,2024-07-14 23:04:28.403
BTC,SELL,0.0098,9640000.000,2024-07-14 23:04:28.403
BTC,SELL,0.0002,9640000.000,2024-07-14 23:04:38.781
BTC,SELL,0.0310,9638000.000,2024-07-14 23:04:51.109
BTC,BUY,0.0100,9638886.000,2024-07-14 23:05:27.465
BTC,BUY,0.0071,9643840.000,2024-07-14 23:06:45.787
BTC,BUY,0.0269,9644520.000,2024-07-14 23:06:45.787
BTC,SELL,0.0052,9644550.000,2024-07-14 23:07:16.314
BTC,SELL,0.0200,9646150.000,2024-07-14 23:07:49.305
BTC,BUY,0.0030,9648396.000,2024-07-14 23:09:56.689
BTC,BUY,0.0010,9649836.000,2024-07-14 23:10:13.479
BTC,SELL,0.0002,9648395.000,2024-07-14 23:10:40.032
BTC,BUY,0.1000,9647237.000,2024-07-14 23:11:12.417
BTC,BUY,0.0036,9649399.000,2024-07-14 23:11:12.417
BTC,BUY,0.0100,9649856.000,2024-07-14 23:11:50.392
BTC,BUY,0.0070,9650000.000,2024-07-14 23:11:55.769
BTC,SELL,0.0050,9651667.000,2024-07-14 23:12:09.282
BTC,BUY,0.0001,9651668.000,2024-07-14 23:12:41.737
BTC,BUY,0.0001,9651668.000,2024-07-14 23:12:45.208
BTC,BUY,0.0002,9651668.000,2024-07-14 23:12:49.970
BTC,BUY,0.0044,9656649.000,2024-07-14 23:13:19.031
BTC,BUY,0.0700,9658075.000,2024-07-14 23:13:19.031
BTC,BUY,0.2256,9659780.000,2024-07-14 23:13:19.031
BTC,BUY,0.0200,9659331.000,2024-07-14 23:13:24.563
BTC,BUY,0.0018,9658943.000,2024-07-14 23:13:29.560
BTC,BUY,0.0082,9659000.000,2024-07-14 23:13:29.560
BTC,BUY,0.0001,9656473.000,2024-07-14 23:13:51.582
BTC,BUY,0.0001,9655986.000,2024-07-14 23:15:16.654
BTC,BUY,0.0001,9656277.000,2024-07-14 23:16:05.502
BTC,SELL,0.0015,9656686.000,2024-07-14 23:16:15.474
BTC,BUY,0.0010,9656687.000,2024-07-14 23:16:16.040
BTC,BUY,0.0003,9660000.000,2024-07-14 23:16:58.816
BTC,BUY,0.0007,9660000.000,2024-07-14 23:16:58.816
BTC,BUY,0.0004,9660000.000,2024-07-14 23:17:20.265
BTC,BUY,0.0146,9660155.000,2024-07-14 23:17:20.265
BTC,BUY,0.0002,9660000.000,2024-07-14 23:17:42.138
BTC,BUY,0.0001,9660135.000,2024-07-14 23:17:42.138
BTC,BUY,0.0010,9660155.000,2024-07-14 23:17:42.138
BTC,BUY,0.0001,9659304.000,2024-07-14 23:17:58.403
BTC,BUY,0.0001,9660155.000,2024-07-14 23:18:06.936
BTC,BUY,0.0093,9660155.000,2024-07-14 23:18:46.436
BTC,BUY,0.0007,9660155.000,2024-07-14 23:18:46.436
BTC,BUY,0.0093,9660155.000,2024-07-14 23:18:52.802
BTC,BUY,0.0002,9665000.000,2024-07-14 23:18:52.802
BTC,BUY,0.0005,9666796.000,2024-07-14 23:18:52.802
BTC,BUY,0.0044,9667529.000,2024-07-14 23:18:54.081
BTC,BUY,0.0056,9667530.000,2024-07-14 23:18:54.081
BTC,BUY,0.0011,9670000.000,2024-07-14 23:19:18.665
BTC,BUY,0.0003,9670000.000,2024-07-14 23:19:18.665
BTC,BUY,0.0100,9670000.000,2024-07-14 23:19:18.665
BTC,BUY,0.0001,9670880.000,2024-07-14 23:19:44.883
BTC,SELL,0.0350,9670850.000,2024-07-14 23:19:54.957
BTC,BUY,0.0002,9670851.000,2024-07-14 23:20:09.831
BTC,BUY,0.0048,9670880.000,2024-07-14 23:20:09.831
BTC,BUY,0.0076,9670880.000,2024-07-14 23:20:10.886
BTC,BUY,0.0001,9671747.000,2024-07-14 23:20:12.454
BTC,BUY,0.0001,9672632.000,2024-07-14 23:20:13.825
BTC,BUY,0.0150,9675246.000,2024-07-14 23:20:23.305
BTC,BUY,0.0009,9679759.000,2024-07-14 23:20:38.153
BTC,BUY,0.0100,9679759.000,2024-07-14 23:20:38.703
BTC,BUY,0.0021,9679759.000,2024-07-14 23:20:43.825
BTC,BUY,0.0011,9680000.000,2024-07-14 23:20:43.825
BTC,BUY,0.0003,9680000.000,2024-07-14 23:20:43.825
BTC,BUY,0.0065,9680000.000,2024-07-14 23:20:43.825
BTC,BUY,0.0001,9680000.000,2024-07-14 23:20:44.373
BTC,BUY,0.0034,9680000.000,2024-07-14 23:20:44.673
BTC,BUY,0.0002,9681403.000,2024-07-14 23:20:46.331
BTC,SELL,0.0111,9688270.000,2024-07-14 23:20:50.440
BTC,BUY,0.0100,9688040.000,2024-07-14 23:20:57.543
BTC,BUY,0.0001,9688449.000,2024-07-14 23:21:05.092
BTC,BUY,0.0004,9689244.000,2024-07-14 23:21:05.092
BTC,BUY,0.0472,9689360.000,2024-07-14 23:21:05.092
BTC,BUY,0.0011,9690000.000,2024-07-14 23:21:05.092
BTC,BUY,0.0003,9690000.000,2024-07-14 23:21:05.092
BTC,BUY,0.0100,9691255.000,2024-07-14 23:21:23.428
BTC,SELL,0.0001,9693120.000,2024-07-14 23:21:35.413
BTC,SELL,0.0002,9693120.000,2024-07-14 23:21:36.377
BTC,BUY,0.0001,9693121.000,2024-07-14 23:21:37.376
BTC,SELL,0.0050,9693120.000,2024-07-14 23:21:48.789
BTC,BUY,0.0001,9693024.000,2024-07-14 23:21:56.942
BTC,BUY,0.0001,9693121.000,2024-07-14 23:21:56.942
BTC,SELL,0.0050,9688720.000,2024-07-14 23:22:01.476
BTC,BUY,0.0001,9689988.000,2024-07-14 23:22:14.842
BTC,BUY,0.0044,9689699.000,2024-07-14 23:22:16.477
BTC,BUY,0.0390,9689700.000,2024-07-14 23:22:16.477
BTC,SELL,0.0001,9690000.000,2024-07-14 23:22:18.749
BTC,SELL,0.0160,9690000.000,2024-07-14 23:22:20.254
BTC,SELL,0.0048,9690000.000,2024-07-14 23:22:26.089
BTC,SELL,0.0200,9690000.000,2024-07-14 23:22:26.752
BTC,SELL,0.0200,9690000.000,2024-07-14 23:22:26.808
BTC,BUY,0.0010,9690001.000,2024-07-14 23:22:31.508
BTC,SELL,0.0348,9690000.000,2024-07-14 23:22:38.145
BTC,BUY,0.0001,9684035.000,2024-07-14 23:23:02.539
BTC,BUY,0.0151,9683723.000,2024-07-14 23:23:19.413
BTC,BUY,0.0424,9683723.000,2024-07-14 23:23:20.293
BTC,BUY,0.0050,9683723.000,2024-07-14 23:23:20.691
BTC,BUY,0.0187,9683723.000,2024-07-14 23:23:21.009
BTC,BUY,0.0188,9683723.000,2024-07-14 23:23:21.327
BTC,BUY,0.0002,9685000.000,2024-07-14 23:23:21.327
BTC,BUY,0.0010,9688400.000,2024-07-14 23:23:21.327
BTC,BUY,0.0001,9686529.000,2024-07-14 23:23:46.769
BTC,BUY,0.0001,9688969.000,2024-07-14 23:23:57.524
BTC,SELL,0.0022,9686880.000,2024-07-14 23:24:02.361
BTC,SELL,0.0028,9686805.000,2024-07-14 23:24:02.361
BTC,SELL,0.0002,9687130.000,2024-07-14 23:25:38.930
BTC,SELL,0.0918,9683160.000,2024-07-14 23:26:19.498
BTC,SELL,0.0082,9683020.000,2024-07-14 23:26:19.498
BTC,SELL,0.0005,9681276.000,2024-07-14 23:26:24.666
BTC,BUY,0.0001,9677711.000,2024-07-14 23:26:55.289
BTC,SELL,0.0049,9677710.000,2024-07-14 23:27:03.691
BTC,BUY,0.0005,9679920.000,2024-07-14 23:27:15.697
BTC,BUY,0.0002,9679700.000,2024-07-14 23:27:18.603
BTC,BUY,0.0050,9676937.000,2024-07-14 23:28:02.336
BTC,BUY,0.1000,9680347.000,2024-07-14 23:28:15.522
BTC,BUY,0.0245,9683965.000,2024-07-14 23:28:15.522
BTC,BUY,0.0920,9684090.000,2024-07-14 23:28:15.522
BTC,BUY,0.0700,9684573.000,2024-07-14 23:28:15.522
BTC,BUY,0.0051,9684591.000,2024-07-14 23:28:15.522
BTC,BUY,0.1084,9684690.000,2024-07-14 23:28:15.522
BTC,BUY,0.0001,9679251.000,2024-07-14 23:30:13.268
BTC,BUY,0.0002,9680450.000,2024-07-14 23:30:19.302
BTC,BUY,0.0100,9679749.000,2024-07-14 23:30:50.589
BTC,BUY,0.0100,9679750.000,2024-07-14 23:30:50.589
BTC,BUY,0.0002,9683050.000,2024-07-14 23:31:21.231
BTC,SELL,0.0125,9676320.000,2024-07-14 23:32:14.852
BTC,SELL,0.0700,9676241.000,2024-07-14 23:32:14.852
BTC,SELL,0.1127,9674311.000,2024-07-14 23:32:14.852
BTC,SELL,0.0148,9673800.000,2024-07-14 23:32:30.377
BTC,SELL,0.0002,9678470.000,2024-07-14 23:33:18.109
BTC,SELL,0.0100,9683850.000,2024-07-14 23:34:11.608
BTC,BUY,0.0100,9684364.000,2024-07-14 23:34:33.917
BTC,BUY,0.0100,9685875.000,2024-07-14 23:34:40.793
BTC,BUY,0.0900,9687408.000,2024-07-14 23:34:40.793
BTC,BUY,0.0100,9688724.000,2024-07-14 23:35:42.228
BTC,BUY,0.0099,9688969.000,2024-07-14 23:35:42.228
BTC,BUY,0.0002,9690000.000,2024-07-14 23:35:42.228
BTC,BUY,0.0029,9691482.000,2024-07-14 23:35:42.228
BTC,BUY,0.0770,9691559.000,2024-07-14 23:35:42.228
BTC,BUY,0.0091,9689506.000,2024-07-14 23:36:03.153
BTC,BUY,0.0409,9689600.000,2024-07-14 23:36:03.153
BTC,BUY,0.0008,9685304.000,2024-07-14 23:36:14.238
BTC,BUY,0.0002,9688087.000,2024-07-14 23:36:26.313
BTC,BUY,0.0002,9688499.000,2024-07-14 23:36:35.373
BTC,BUY,0.0002,9688947.000,2024-07-14 23:36:59.357
BTC,BUY,0.0022,9689127.000,2024-07-14 23:37:26.445
BTC,BUY,0.0028,9691280.000,2024-07-14 23:37:26.445
BTC,BUY,0.0001,9690410.000,2024-07-14 23:37:37.352
BTC,BUY,0.0001,9691440.000,2024-07-14 23:37:37.352
BTC,BUY,0.0098,9690661.000,2024-07-14 23:37:53.698
BTC,BUY,0.0052,9690720.000,2024-07-14 23:37:53.698
BTC,BUY,0.0500,9688500.000,2024-07-14 23:38:07.491
BTC,SELL,0.0183,9688499.000,2024-07-14 23:38:27.695
BTC,BUY,0.0010,9688402.000,2024-07-14 23:38:29.687
BTC,BUY,0.0029,9688305.000,2024-07-14 23:38:32.600
BTC,BUY,0.0017,9688499.000,2024-07-14 23:38:32.600
BTC,BUY,0.0027,9688702.000,2024-07-14 23:38:32.600
BTC,BUY,0.0357,9688827.000,2024-07-14 23:38:32.600
BTC,BUY,0.0070,9689460.000,2024-07-14 23:38:32.600
BTC,SELL,0.2500,9685044.000,2024-07-14 23:38:46.675
BTC,SELL,0.0009,9684364.000,2024-07-14 23:38:46.675
BTC,SELL,0.0700,9682081.000,2024-07-14 23:38:46.675
BTC,SELL,0.0111,9680660.000,2024-07-14 23:38:46.675
BTC,SELL,0.0011,9680000.000,2024-07-14 23:38:46.675
BTC,SELL,0.6000,9680000.000,2024-07-14 23:38:46.675
BTC,SELL,0.0002,9680000.000,2024-07-14 23:38:46.675
BTC,SELL,0.0298,9679533.000,2024-07-14 23:38:46.675
BTC,SELL,0.0369,9679024.000,2024-07-14 23:38:46.675
BTC,BUY,0.0001,9679920.000,2024-07-14 23:40:18.646
BTC,BUY,0.0050,9675678.000,2024-07-14 23:40:47.746
BTC,BUY,0.0100,9676901.000,2024-07-14 23:40:47.746
BTC,BUY,0.0050,9680238.000,2024-07-14 23:40:47.746
BTC,BUY,0.0050,9674085.000,2024-07-14 23:40:58.642
BTC,BUY,0.0050,9674085.000,2024-07-14 23:40:59.178
BTC,BUY,0.0155,9674085.000,2024-07-14 23:40:59.352
BTC,BUY,0.0155,9674085.000,2024-07-14 23:40:59.499
BTC,BUY,0.0050,9674085.000,2024-07-14 23:40:59.613
BTC,BUY,0.0095,9676051.000,2024-07-14 23:41:02.246
BTC,BUY,0.0071,9676367.000,2024-07-14 23:41:02.246
BTC,BUY,0.0150,9676367.000,2024-07-14 23:41:02.369
BTC,BUY,0.0050,9678496.000,2024-07-14 23:41:08.894
BTC,BUY,0.0050,9682034.000,2024-07-14 23:41:10.900
BTC,SELL,0.0009,9682106.000,2024-07-14 23:41:34.775
BTC,BUY,0.0003,9682349.000,2024-07-14 23:42:22.469
BTC,SELL,0.0100,9682000.000,2024-07-14 23:42:32.167
BTC,BUY,0.0026,9682349.000,2024-07-14 23:42:53.202
BTC,BUY,0.0274,9683100.000,2024-07-14 23:42:53.202
BTC,SELL,0.0008,9678250.000,2024-07-14 23:43:47.678
BTC,BUY,0.0001,9680980.000,2024-07-14 23:44:43.244
BTC,BUY,0.0100,9681790.000,2024-07-14 23:45:06.337
BTC,BUY,0.0004,9683308.000,2024-07-14 23:45:12.056
BTC,BUY,0.0096,9683416.000,2024-07-14 23:45:12.056
BTC,SELL,0.0009,9682039.000,2024-07-14 23:45:20.779
BTC,SELL,0.0100,9682039.000,2024-07-14 23:45:32.103
BTC,SELL,0.0001,9682039.000,2024-07-14 23:45:32.283
BTC,SELL,0.0041,9676303.000,2024-07-14 23:45:32.283
BTC,SELL,0.0058,9676145.000,2024-07-14 23:45:32.283
BTC,BUY,0.0002,9679390.000,2024-07-14 23:45:38.301
BTC,SELL,0.0002,9675000.000,2024-07-14 23:46:41.655
BTC,SELL,0.0098,9675000.000,2024-07-14 23:47:05.815
BTC,SELL,0.0002,9671701.000,2024-07-14 23:47:05.815
BTC,SELL,0.0038,9670993.000,2024-07-14 23:47:05.815
BTC,SELL,0.0028,9670086.000,2024-07-14 23:47:05.815
BTC,SELL,0.0002,9670000.000,2024-07-14 23:47:05.815
BTC,SELL,0.0100,9669813.000,2024-07-14 23:47:05.815
BTC,SELL,0.0072,9669812.000,2024-07-14 23:47:05.815
BTC,BUY,0.0120,9671440.000,2024-07-14 23:47:07.958
BTC,BUY,0.0001,9673560.000,2024-07-14 23:48:47.513
BTC,SELL,0.1000,9671200.000,2024-07-14 23:49:08.998
BTC,SELL,0.0500,9671200.000,2024-07-14 23:49:23.677
BTC,SELL,0.0030,9670000.000,2024-07-14 23:50:08.494
BTC,SELL,0.0700,9666984.000,2024-07-14 23:50:08.494
BTC,SELL,0.0517,9666564.000,2024-07-14 23:50:08.494
BTC,SELL,0.0002,9666000.000,2024-07-14 23:50:08.494
BTC,SELL,0.0001,9665680.000,2024-07-14 23:50:08.494
BTC,SELL,0.0002,9665000.000,2024-07-14 23:50:08.494
BTC,SELL,0.0050,9663932.000,2024-07-14 23:50:08.494
BTC,SELL,0.0300,9663291.000,2024-07-14 23:50:08.494
BTC,SELL,0.0100,9662382.000,2024-07-14 23:50:08.494
BTC,SELL,0.0280,9662381.000,2024-07-14 23:50:08.494
BTC,BUY,0.0001,9666792.000,2024-07-14 23:50:33.721
BTC,BUY,0.0059,9666986.000,2024-07-14 23:50:33.721
BTC,BUY,0.0050,9667192.000,2024-07-14 23:50:34.099
BTC,BUY,0.0001,9666695.000,2024-07-14 23:50:34.472
BTC,BUY,0.0019,9667192.000,2024-07-14 23:50:34.472
BTC,SELL,0.0102,9662950.000,2024-07-14 23:50:54.737
BTC,BUY,0.0007,9663337.000,2024-07-14 23:51:07.365
BTC,BUY,0.0070,9663337.000,2024-07-14 23:51:09.205
BTC,SELL,0.0010,9660155.000,2024-07-14 23:51:46.614
BTC,SELL,0.0011,9660000.000,2024-07-14 23:51:46.614
BTC,SELL,0.0900,9660000.000,2024-07-14 23:51:46.614
BTC,SELL,0.0004,9656149.000,2024-07-14 23:51:46.614
BTC,SELL,0.0028,9656145.000,2024-07-14 23:51:46.614
BTC,SELL,0.0002,9655000.000,2024-07-14 23:51:46.614
BTC,SELL,0.1000,9654807.000,2024-07-14 23:51:46.614
BTC,SELL,0.0002,9654000.000,2024-07-14 23:51:46.614
BTC,SELL,0.0100,9653199.000,2024-07-14 23:51:46.614
BTC,SELL,0.1143,9652360.000,2024-07-14 23:51:46.614
BTC,SELL,0.0100,9656700.000,2024-07-14 23:51:51.933
BTC,BUY,0.0001,9657007.000,2024-07-14 23:52:20.495
BTC,BUY,0.0019,9658190.000,2024-07-14 23:52:20.495
BTC,SELL,0.0107,9654093.000,2024-07-14 23:53:29.707
BTC,BUY,0.0003,9655562.000,2024-07-14 23:53:52.901
BTC,BUY,0.0005,9656902.000,2024-07-14 23:54:07.736
BTC,BUY,0.0050,9655527.000,2024-07-14 23:54:27.481
BTC,BUY,0.0009,9656637.000,2024-07-14 23:54:47.966
BTC,SELL,0.0014,9655050.000,2024-07-14 23:55:14.428
BTC,SELL,0.0131,9655050.000,2024-07-14 23:55:14.428
BTC,SELL,0.0405,9654685.000,2024-07-14 23:55:14.428
BTC,SELL,0.0113,9650505.000,2024-07-14 23:56:21.681
BTC,SELL,0.0050,9650505.000,2024-07-14 23:56:21.684
BTC,SELL,0.0060,9650505.000,2024-07-14 23:56:21.862
BTC,SELL,0.0261,9650505.000,2024-07-14 23:56:22.090
BTC,SELL,0.0050,9650505.000,2024-07-14 23:56:22.200
BTC,SELL,0.0396,9650505.000,2024-07-14 23:56:22.263
BTC,SELL,0.0193,9650460.000,2024-07-14 23:56:22.265
BTC,SELL,0.0058,9650460.000,2024-07-14 23:56:22.646
BTC,SELL,0.0030,9650460.000,2024-07-14 23:56:22.648
BTC,SELL,0.0239,9650460.000,2024-07-14 23:56:22.649
BTC,SELL,0.0003,9650000.000,2024-07-14 23:56:22.649
BTC,SELL,0.0011,9650000.000,2024-07-14 23:56:22.649
BTC,SELL,0.0003,9650000.000,2024-07-14 23:56:22.649
BTC,SELL,0.0144,9650000.000,2024-07-14 23:56:22.649
BTC,SELL,0.0050,9650000.000,2024-07-14 23:56:22.743
BTC,SELL,0.1806,9650000.000,2024-07-14 23:56:22.806
BTC,SELL,0.0002,9650000.000,2024-07-14 23:56:22.806
BTC,SELL,0.0020,9648000.000,2024-07-14 23:56:22.872
BTC,SELL,0.0001,9647413.000,2024-07-14 23:56:22.872
BTC,SELL,0.0001,9645947.000,2024-07-14 23:56:22.872
BTC,SELL,0.0058,9645001.000,2024-07-14 23:56:22.872
BTC,SELL,0.0942,9645001.000,2024-07-14 23:56:23.061
BTC,SELL,0.0009,9642166.000,2024-07-14 23:56:23.238
BTC,SELL,0.0400,9642028.000,2024-07-14 23:56:23.238
BTC,SELL,0.0400,9640171.000,2024-07-14 23:56:23.238
BTC,SELL,0.0011,9640000.000,2024-07-14 23:56:23.238
BTC,SELL,0.0003,9640000.000,2024-07-14 23:56:23.238
BTC,SELL,0.0191,9640000.000,2024-07-14 23:56:23.238
BTC,SELL,0.0009,9640000.000,2024-07-14 23:56:23.548
BTC,SELL,0.0125,9638640.000,2024-07-14 23:56:23.548
BTC,SELL,0.0066,9638000.000,2024-07-14 23:56:23.548
BTC,SELL,0.0418,9638000.000,2024-07-14 23:56:23.593
BTC,SELL,0.0002,9638000.000,2024-07-14 23:56:23.648
BTC,SELL,0.0050,9638000.000,2024-07-14 23:56:24.035
BTC,SELL,0.0002,9638000.000,2024-07-14 23:56:24.571
BTC,SELL,0.1213,9638000.000,2024-07-14 23:56:29.516
BTC,SELL,0.0411,9638000.000,2024-07-14 23:56:33.460
BTC,SELL,0.0178,9638000.000,2024-07-14 23:56:33.655
BTC,SELL,0.0002,9638000.000,2024-07-14 23:56:33.655
BTC,SELL,0.0020,9635000.000,2024-07-14 23:56:33.655
BTC,SELL,0.0200,9635000.000,2024-07-14 23:56:33.799
BTC,BUY,0.0099,9635001.000,2024-07-14 23:56:49.176
BTC,SELL,0.0200,9635000.000,2024-07-14 23:56:50.110
BTC,SELL,0.0080,9635000.000,2024-07-14 23:56:50.159
BTC,SELL,0.0002,9635000.000,2024-07-14 23:56:50.159
BTC,SELL,0.0003,9630000.000,2024-07-14 23:56:50.159
BTC,SELL,0.0003,9630000.000,2024-07-14 23:56:50.159
BTC,SELL,0.0011,9630000.000,2024-07-14 23:56:50.159
BTC,SELL,0.0101,9626306.000,2024-07-14 23:56:50.159
BTC,SELL,0.1000,9626000.000,2024-07-14 23:57:03.869
BTC,SELL,0.0001,9625993.000,2024-07-14 23:57:03.869
BTC,SELL,0.0337,9624761.000,2024-07-14 23:57:03.869
BTC,SELL,0.0003,9620000.000,2024-07-14 23:57:03.869
BTC,SELL,0.0011,9620000.000,2024-07-14 23:57:03.869
BTC,SELL,0.0100,9619721.000,2024-07-14 23:57:03.869
BTC,SELL,0.0099,9619720.000,2024-07-14 23:57:03.869
BTC,SELL,0.0449,9617469.000,2024-07-14 23:57:03.869
BTC,BUY,0.0050,9618873.000,2024-07-14 23:57:04.875
BTC,BUY,0.0942,9618873.000,2024-07-14 23:57:05.059
BTC,BUY,0.0008,9618873.000,2024-07-14 23:57:05.362
BTC,BUY,0.0052,9622338.000,2024-07-14 23:57:05.362
BTC,BUY,0.0050,9622338.000,2024-07-14 23:57:05.400
BTC,BUY,0.0009,9622338.000,2024-07-14 23:57:09.364
BTC,BUY,0.0044,9622400.000,2024-07-14 23:57:09.364
BTC,BUY,0.0147,9622474.000,2024-07-14 23:57:09.364
BTC,SELL,0.0010,9622473.000,2024-07-14 23:57:10.957
BTC,BUY,0.0050,9623210.000,2024-07-14 23:57:11.348
BTC,BUY,0.0028,9623980.000,2024-07-14 23:57:16.345
BTC,SELL,0.0002,9623679.000,2024-07-14 23:57:20.445
BTC,BUY,0.0001,9621251.000,2024-07-14 23:57:41.251
BTC,BUY,0.1608,9621620.000,2024-07-14 23:57:47.016
BTC,BUY,0.0058,9623193.000,2024-07-14 23:58:20.422
BTC,BUY,0.0322,9623210.000,2024-07-14 23:58:20.422
BTC,SELL,0.0002,9624250.000,2024-07-14 23:58:25.644
BTC,BUY,0.0100,9624800.000,2024-07-14 23:58:36.444
BTC,BUY,0.0110,9625182.000,2024-07-14 23:59:38.693
BTC,BUY,0.0110,9625182.000,2024-07-14 23:59:38.776
BTC,BUY,0.0224,9625182.000,2024-07-14 23:59:39.645
BTC,BUY,0.0224,9625182.000,2024-07-14 23:59:39.786
BTC,BUY,0.0112,9625182.000,2024-07-14 23:59:40.544
BTC,BUY,0.0050,9626399.000,2024-07-15 00:00:14.587
BTC,BUY,0.0060,9628526.000,2024-07-15 00:00:17.673
BTC,BUY,0.0428,9628591.000,2024-07-15 00:00:19.618
BTC,BUY,0.0050,9628591.000,2024-07-15 00:00:19.621
BTC,BUY,0.0012,9629570.000,2024-07-15 00:00:25.799
BTC,SELL,0.0001,9630000.000,2024-07-15 00:00:41.473
BTC,BUY,0.0001,9630001.000,2024-07-15 00:00:44.850
BTC,BUY,0.0005,9628959.000,2024-07-15 00:00:46.625
BTC,BUY,0.0010,9628052.000,2024-07-15 00:00:53.403
BTC,BUY,0.0261,9623592.000,2024-07-15 00:01:11.008
BTC,BUY,0.0050,9623592.000,2024-07-15 00:01:11.012
BTC,BUY,0.0335,9623592.000,2024-07-15 00:01:11.125
BTC,BUY,0.0050,9623592.000,2024-07-15 00:01:11.487
BTC,BUY,0.0030,9623592.000,2024-07-15 00:01:12.492
BTC,BUY,0.0050,9623592.000,2024-07-15 00:01:12.535
BTC,BUY,0.0112,9623592.000,2024-07-15 00:01:13.039
BTC,BUY,0.0050,9624866.000,2024-07-15 00:01:13.559
BTC,BUY,0.0119,9624866.000,2024-07-15 00:01:13.999
BTC,BUY,0.0050,9624866.000,2024-07-15 00:01:14.563
BTC,BUY,0.0133,9624866.000,2024-07-15 00:01:15.002
BTC,BUY,0.0050,9624866.000,2024-07-15 00:01:15.599
BTC,BUY,0.0050,9627545.000,2024-07-15 00:01:18.692
BTC,BUY,0.0100,9629040.000,2024-07-15 00:01:35.828
BTC,BUY,0.0001,9630080.000,2024-07-15 00:01:45.249
BTC,BUY,0.0050,9629411.000,2024-07-15 00:01:52.685
BTC,BUY,0.0050,9629411.000,2024-07-15 00:01:53.132
BTC,BUY,0.0050,9629411.000,2024-07-15 00:01:54.125
BTC,BUY,0.0500,9629411.000,2024-07-15 00:01:55.333
BTC,BUY,0.0050,9630753.000,2024-07-15 00:01:55.653
BTC,BUY,0.0050,9630753.000,2024-07-15 00:01:56.675
BTC,BUY,0.0050,9630753.000,2024-07-15 00:01:57.717
BTC,BUY,0.0050,9630753.000,2024-07-15 00:01:58.205
BTC,BUY,0.0400,9630753.000,2024-07-15 00:01:58.298
BTC,BUY,0.0124,9630960.000,2024-07-15 00:01:59.810
BTC,BUY,0.0050,9631040.000,2024-07-15 00:02:03.279
BTC,BUY,0.0050,9631395.000,2024-07-15 00:02:10.894
BTC,BUY,0.0050,9631395.000,2024-07-15 00:02:11.207
BTC,BUY,0.0050,9631395.000,2024-07-15 00:02:13.411
BTC,BUY,0.0035,9633163.000,2024-07-15 00:02:13.946
BTC,BUY,0.0015,9633280.000,2024-07-15 00:02:13.946
BTC,BUY,0.0020,9633810.000,2024-07-15 00:02:17.162
BTC,BUY,0.0050,9632202.000,2024-07-15 00:02:29.200
BTC,BUY,0.0050,9632202.000,2024-07-15 00:02:29.691
BTC,BUY,0.0007,9634870.000,2024-07-15 00:02:34.128
BTC,BUY,0.0050,9632553.000,2024-07-15 00:02:35.287
BTC,BUY,0.0050,9632553.000,2024-07-15 00:02:35.775
BTC,BUY,0.0050,9632553.000,2024-07-15 00:02:36.293
BTC,BUY,0.0050,9632553.000,2024-07-15 00:02:37.313
BTC,BUY,0.0050,9632599.000,2024-07-15 00:02:38.361
BTC,BUY,0.0050,9632599.000,2024-07-15 00:02:39.343
BTC,BUY,0.0050,9632599.000,2024-07-15 00:02:40.344
BTC,BUY,0.0050,9632599.000,2024-07-15 00:02:41.345
BTC,BUY,0.0050,9632599.000,2024-07-15 00:02:42.394
BTC,BUY,0.0005,9632599.000,2024-07-15 00:02:43.065
BTC,BUY,0.0050,9632660.000,2024-07-15 00:02:43.877
BTC,BUY,0.0050,9632660.000,2024-07-15 00:02:44.425
BTC,BUY,0.0050,9632660.000,2024-07-15 00:02:45.432
BTC,BUY,0.0050,9632660.000,2024-07-15 00:02:46.437
BTC,BUY,0.0200,9632660.000,2024-07-15 00:02:46.715
BTC,BUY,0.0050,9632660.000,2024-07-15 00:02:47.988
BTC,BUY,0.0050,9632660.000,2024-07-15 00:02:48.489
BTC,BUY,0.0050,9633122.000,2024-07-15 00:02:50.486
BTC,BUY,0.0050,9633122.000,2024-07-15 00:02:51.055
BTC,BUY,0.0050,9633122.000,2024-07-15 00:02:51.574
BTC,BUY,0.0100,9633122.000,2024-07-15 00:02:51.680
BTC,BUY,0.0050,9633122.000,2024-07-15 00:02:52.237
BTC,BUY,0.0050,9633894.000,2024-07-15 00:02:57.327
BTC,BUY,0.0002,9635227.000,2024-07-15 00:03:43.818
BTC,BUY,0.0050,9635602.000,2024-07-15 00:03:44.407
BTC,BUY,0.0050,9635602.000,2024-07-15 00:03:44.880
BTC,BUY,0.0050,9635602.000,2024-07-15 00:03:45.405
BTC,BUY,0.0050,9635602.000,2024-07-15 00:03:46.408
BTC,BUY,0.0050,9637440.000,2024-07-15 00:04:05.703
BTC,BUY,0.0075,9637440.000,2024-07-15 00:04:06.067
BTC,BUY,0.0001,9639098.000,2024-07-15 00:04:06.186
BTC,BUY,0.0002,9640000.000,2024-07-15 00:04:06.186
BTC,BUY,0.0047,9640699.000,2024-07-15 00:04:06.186
BTC,BUY,0.0050,9638178.000,2024-07-15 00:04:08.708
BTC,BUY,0.0050,9638178.000,2024-07-15 00:04:09.194
BTC,BUY,0.0050,9638744.000,2024-07-15 00:04:11.251
BTC,BUY,0.0050,9638744.000,2024-07-15 00:04:12.296
BTC,BUY,0.0050,9638744.000,2024-07-15 00:04:12.804
BTC,BUY,0.0050,9638744.000,2024-07-15 00:04:13.302
BTC,BUY,0.0050,9640195.000,2024-07-15 00:04:16.336
BTC,SELL,0.0001,9638750.000,2024-07-15 00:05:06.507
BTC,SELL,0.0156,9639000.000,2024-07-15 00:05:18.644
BTC,SELL,0.0168,9639000.000,2024-07-15 00:05:26.403
BTC,BUY,0.0001,9639110.000,2024-07-15 00:05:33.133
BTC,SELL,0.0010,9639000.000,2024-07-15 00:05:35.936
BTC,SELL,0.0012,9638750.000,2024-07-15 00:05:35.936
BTC,SELL,0.0125,9632880.000,2024-07-15 00:05:35.936
BTC,SELL,0.0019,9632701.000,2024-07-15 00:05:35.936
BTC,BUY,0.0010,9633280.000,2024-07-15 00:05:43.869
BTC,SELL,0.0125,9632750.000,2024-07-15 00:06:12.670
BTC,SELL,0.0041,9632306.000,2024-07-15 00:06:12.670
BTC,BUY,0.0005,9633760.000,2024-07-15 00:07:05.560
BTC,BUY,0.0019,9631165.000,2024-07-15 00:07:25.587
BTC,BUY,0.0044,9632019.000,2024-07-15 00:07:25.587
BTC,BUY,0.0120,9633520.000,2024-07-15 00:07:25.587
BTC,BUY,0.0097,9633669.000,2024-07-15 00:07:25.587
BTC,BUY,0.0001,9633668.000,2024-07-15 00:07:26.801
BTC,BUY,0.0030,9633523.000,2024-07-15 00:07:31.173
BTC,SELL,0.0005,9630000.000,2024-07-15 00:08:15.051
BTC,BUY,0.0033,9626173.000,2024-07-15 00:09:28.222
BTC,SELL,0.0010,9623250.000,2024-07-15 00:09:39.796
BTC,SELL,0.0125,9622720.000,2024-07-15 00:09:39.796
BTC,BUY,0.0011,9621760.000,2024-07-15 00:10:24.473
BTC,SELL,0.0001,9621500.000,2024-07-15 00:10:38.992
BTC,SELL,0.0020,9620500.000,2024-07-15 00:10:38.992
BTC,SELL,0.0179,9620114.000,2024-07-15 00:10:38.992
BTC,SELL,0.0100,9620114.000,2024-07-15 00:10:40.162
BTC,SELL,0.0200,9620114.000,2024-07-15 00:10:41.129
BTC,SELL,0.0019,9620114.000,2024-07-15 00:10:41.303
BTC,SELL,0.0400,9620114.000,2024-07-15 00:10:41.714
BTC,BUY,0.0001,9620115.000,2024-07-15 00:10:54.599
BTC,SELL,0.0009,9620114.000,2024-07-15 00:11:06.182
BTC,SELL,0.0001,9620114.000,2024-07-15 00:11:06.632
BTC,SELL,0.0001,9620114.000,2024-07-15 00:11:10.290
BTC,SELL,0.0100,9620114.000,2024-07-15 00:11:10.832
BTC,SELL,0.0100,9620114.000,2024-07-15 00:11:12.201
BTC,SELL,0.0200,9620114.000,2024-07-15 00:11:12.291
BTC,SELL,0.0018,9620114.000,2024-07-15 00:11:13.010
BTC,SELL,0.0673,9620114.000,2024-07-15 00:11:13.632
BTC,SELL,0.0002,9620114.000,2024-07-15 00:11:13.632
BTC,BUY,0.0110,9620492.000,2024-07-15 00:11:59.441
BTC,SELL,0.0002,9620000.000,2024-07-15 00:12:21.467
BTC,BUY,0.0024,9620560.000,2024-07-15 00:12:47.398
BTC,SELL,0.0001,9619326.000,2024-07-15 00:12:49.731
BTC,SELL,0.0002,9619041.000,2024-07-15 00:12:57.744
BTC,SELL,0.0100,9619120.000,2024-07-15 00:12:59.894
BTC,BUY,0.0001,9623210.000,2024-07-15 00:13:20.301
BTC,BUY,0.0005,9618605.000,2024-07-15 00:14:24.592
BTC,BUY,0.0100,9616518.000,2024-07-15 00:15:24.775
BTC,BUY,0.0007,9616895.000,2024-07-15 00:15:32.451
BTC,BUY,0.0040,9617380.000,2024-07-15 00:15:48.447
BTC,BUY,0.0114,9617120.000,2024-07-15 00:18:04.660
BTC,BUY,0.0537,9617295.000,2024-07-15 00:18:05.002
BTC,SELL,0.0017,9621424.000,2024-07-15 00:19:16.535
BTC,SELL,0.0001,9617592.000,2024-07-15 00:20:01.531
BTC,BUY,0.0421,9619765.000,2024-07-15 00:20:37.653
BTC,BUY,0.0067,9619765.000,2024-07-15 00:20:38.150
BTC,BUY,0.0030,9620395.000,2024-07-15 00:20:49.836
BTC,BUY,0.0030,9619860.000,2024-07-15 00:20:56.191
BTC,BUY,0.0020,9620000.000,2024-07-15 00:21:03.080
BTC,BUY,0.0002,9620000.000,2024-07-15 00:21:14.815
BTC,BUY,0.0001,9620000.000,2024-07-15 00:21:20.755
BTC,BUY,0.0002,9620000.000,2024-07-15 00:21:51.954
BTC,BUY,0.0030,9620000.000,2024-07-15 00:22:16.330
BTC,BUY,0.0045,9620000.000,2024-07-15 00:22:36.142
BTC,BUY,0.0002,9631544.000,2024-07-15 00:26:35.467
BTC,SELL,0.0025,9632640.000,2024-07-15 00:27:04.580
BTC,SELL,0.0053,9632611.000,2024-07-15 00:27:04.580
BTC,SELL,0.0322,9632611.000,2024-07-15 00:27:04.580
BTC,BUY,0.0100,9632720.000,2024-07-15 00:27:15.472
BTC,BUY,0.0025,9632720.000,2024-07-15 00:27:15.757
BTC,BUY,0.0035,9634548.000,2024-07-15 00:27:15.757
BTC,BUY,0.0070,9634548.000,2024-07-15 00:27:15.762
BTC,BUY,0.0115,9634548.000,2024-07-15 00:27:17.036
BTC,BUY,0.0049,9640338.000,2024-07-15 00:27:18.452
BTC,BUY,0.0001,9641556.000,2024-07-15 00:27:22.640
BTC,BUY,0.0001,9642289.000,2024-07-15 00:27:22.640
BTC,BUY,0.0400,9642197.000,2024-07-15 00:27:24.675
BTC,BUY,0.0400,9642197.000,2024-07-15 00:27:24.679
BTC,BUY,0.0053,9648119.000,2024-07-15 00:27:31.119
BTC,SELL,0.0005,9649983.000,2024-07-15 00:28:42.182
BTC,BUY,0.0009,9650000.000,2024-07-15 00:29:05.577
BTC,BUY,0.0002,9650000.000,2024-07-15 00:29:47.034
BTC,BUY,0.0050,9653749.000,2024-07-15 00:29:48.867
BTC,SELL,0.0125,9653760.000,2024-07-15 00:29:51.558
BTC,SELL,0.0095,9653748.000,2024-07-15 00:29:51.558
BTC,SELL,0.0112,9653748.000,2024-07-15 00:29:51.558
