symbol,side,size,price,timestamp
BTC,BUY,0.0011,9076479.000,2024-07-05 21:00:26.261
BTC,SELL,0.0050,9078878.000,2024-07-05 21:01:10.482
BTC,BUY,0.0033,9079999.000,2024-07-05 21:01:55.774
BTC,BUY,0.0033,9079999.000,2024-07-05 21:01:55.774
BTC,BUY,0.0002,9080000.000,2024-07-05 21:01:55.774
BTC,BUY,0.0010,9081520.000,2024-07-05 21:02:11.675
BTC,BUY,0.0001,9087370.000,2024-07-05 21:05:56.104
BTC,BUY,0.0009,9088880.000,2024-07-05 21:05:56.104
BTC,SELL,0.0200,9091000.000,2024-07-05 21:09:22.379
BTC,SELL,0.0033,9091001.000,2024-07-05 21:10:25.953
BTC,SELL,0.0067,9091000.000,2024-07-05 21:10:25.953
BTC,BUY,0.0002,9091001.000,2024-07-05 21:10:32.201
BTC,BUY,0.0002,9090000.000,2024-07-05 21:12:51.371
BTC,BUY,0.0153,9094737.000,2024-07-05 21:15:04.441
BTC,BUY,0.0050,9089095.000,2024-07-05 21:16:30.223
BTC,SELL,0.0100,9088885.000,2024-07-05 21:17:21.707
BTC,SELL,0.0010,9088885.000,2024-07-05 21:17:22.235
BTC,BUY,0.0100,9080079.000,2024-07-05 21:18:06.121
BTC,BUY,0.0106,9080560.000,2024-07-05 21:18:06.121
BTC,BUY,0.0300,9080633.000,2024-07-05 21:18:06.121
BTC,BUY,0.0794,9080636.000,2024-07-05 21:18:06.121
BTC,SELL,0.0200,9082867.000,2024-07-05 21:18:59.288
BTC,SELL,0.0800,9082867.000,2024-07-05 21:18:59.970
BTC,SELL,0.0200,9082867.000,2024-07-05 21:18:59.970
BTC,BUY,0.0009,9082564.000,2024-07-05 21:20:20.362
BTC,BUY,0.0006,9082564.000,2024-07-05 21:20:25.942
BTC,BUY,0.0500,9087755.000,2024-07-05 21:21:16.048
BTC,BUY,0.0001,9085699.000,2024-07-05 21:22:46.051
BTC,BUY,0.0100,9085700.000,2024-07-05 21:23:18.271
BTC,SELL,0.0210,9084500.000,2024-07-05 21:24:28.528
BTC,SELL,0.0300,9084500.000,2024-07-05 21:24:45.785
BTC,BUY,0.0001,9086195.000,2024-07-05 21:24:56.659
BTC,BUY,0.0004,9086195.000,2024-07-05 21:27:03.300
BTC,BUY,0.0005,9084663.000,2024-07-05 21:27:22.478
BTC,BUY,0.0261,9085016.000,2024-07-05 21:27:23.189
BTC,BUY,0.0246,9085016.000,2024-07-05 21:27:23.190
BTC,BUY,0.0100,9092732.000,2024-07-05 21:30:05.129
BTC,BUY,0.0002,9095401.000,2024-07-05 21:30:33.836
BTC,BUY,0.0067,9096864.000,2024-07-05 21:30:33.836
BTC,BUY,0.0015,9096863.000,2024-07-05 21:30:34.349
BTC,BUY,0.0050,9099728.000,2024-07-05 21:30:38.730
BTC,BUY,0.0031,9099728.000,2024-07-05 21:30:41.002
BTC,BUY,0.0060,9099728.000,2024-07-05 21:30:41.292
BTC,BUY,0.0003,9100000.000,2024-07-05 21:30:41.454
BTC,BUY,0.0047,9100000.000,2024-07-05 21:30:41.454
BTC,BUY,0.0053,9100000.000,2024-07-05 21:30:41.641
BTC,BUY,0.0047,9100187.000,2024-07-05 21:30:41.641
BTC,BUY,0.0500,9100187.000,2024-07-05 21:30:42.088
BTC,BUY,0.0453,9100187.000,2024-07-05 21:30:42.214
BTC,BUY,0.0001,9103277.000,2024-07-05 21:30:43.158
BTC,BUY,0.0092,9104623.000,2024-07-05 21:30:43.158
BTC,BUY,0.0674,9104670.000,2024-07-05 21:30:43.158
BTC,BUY,0.0233,9107922.000,2024-07-05 21:30:43.158
BTC,BUY,0.0050,9108827.000,2024-07-05 21:30:43.990
BTC,BUY,0.0003,9110000.000,2024-07-05 21:31:19.400
BTC,BUY,0.0050,9115192.000,2024-07-05 21:31:20.663
BTC,BUY,0.0050,9115192.000,2024-07-05 21:31:21.193
BTC,BUY,0.0050,9115192.000,2024-07-05 21:31:21.692
BTC,BUY,0.0850,9115192.000,2024-07-05 21:31:21.966
BTC,BUY,0.0030,9117060.000,2024-07-05 21:31:21.968
BTC,BUY,0.0126,9117576.000,2024-07-05 21:31:22.582
BTC,BUY,0.0003,9120000.000,2024-07-05 21:31:22.582
BTC,BUY,0.0385,9121000.000,2024-07-05 21:31:22.582
BTC,BUY,0.0100,9121800.000,2024-07-05 21:31:22.582
BTC,BUY,0.0100,9122027.000,2024-07-05 21:31:22.582
BTC,BUY,0.0286,9123074.000,2024-07-05 21:31:22.582
BTC,BUY,0.0014,9123074.000,2024-07-05 21:31:22.726
BTC,BUY,0.0036,9127013.000,2024-07-05 21:31:22.726
BTC,BUY,0.0064,9127013.000,2024-07-05 21:31:22.785
BTC,BUY,0.0016,9128740.000,2024-07-05 21:31:22.785
BTC,BUY,0.0050,9121962.000,2024-07-05 21:31:23.731
BTC,BUY,0.0050,9121962.000,2024-07-05 21:31:24.212
BTC,BUY,0.0034,9121962.000,2024-07-05 21:31:24.544
BTC,BUY,0.0050,9121962.000,2024-07-05 21:31:24.758
BTC,BUY,0.0050,9121962.000,2024-07-05 21:31:25.776
BTC,BUY,0.0766,9121962.000,2024-07-05 21:31:25.780
BTC,BUY,0.0002,9121962.000,2024-07-05 21:31:25.780
BTC,BUY,0.0001,9122686.000,2024-07-05 21:31:26.426
BTC,BUY,0.0050,9122686.000,2024-07-05 21:31:26.838
BTC,BUY,0.0050,9122686.000,2024-07-05 21:31:27.337
BTC,BUY,0.0050,9122686.000,2024-07-05 21:31:28.357
BTC,SELL,0.0111,9129718.000,2024-07-05 21:31:33.183
BTC,SELL,0.0739,9129717.000,2024-07-05 21:31:33.183
BTC,BUY,0.1000,9120358.000,2024-07-05 21:31:39.797
BTC,BUY,0.0002,9110001.000,2024-07-05 21:32:07.232
BTC,BUY,0.1000,9114208.000,2024-07-05 21:32:22.398
BTC,BUY,0.0050,9115605.000,2024-07-05 21:32:22.724
BTC,SELL,0.0100,9115109.000,2024-07-05 21:32:40.661
BTC,SELL,0.0870,9115109.000,2024-07-05 21:32:40.661
BTC,SELL,0.0100,9115000.000,2024-07-05 21:33:01.833
BTC,SELL,0.0100,9115000.000,2024-07-05 21:33:03.108
BTC,SELL,0.0030,9115000.000,2024-07-05 21:33:07.124
BTC,BUY,0.0050,9110136.000,2024-07-05 21:34:11.042
BTC,BUY,0.0010,9110001.000,2024-07-05 21:34:27.896
BTC,BUY,0.0010,9110001.000,2024-07-05 21:34:36.693
BTC,BUY,0.0002,9115000.000,2024-07-05 21:35:47.607
BTC,BUY,0.0002,9120000.000,2024-07-05 21:35:50.291
BTC,BUY,0.0048,9123702.000,2024-07-05 21:35:50.291
BTC,BUY,0.0020,9121538.000,2024-07-05 21:36:13.106
BTC,BUY,0.0010,9124300.000,2024-07-05 21:36:32.051
BTC,BUY,0.1000,9122862.000,2024-07-05 21:37:01.740
BTC,BUY,0.0700,9124270.000,2024-07-05 21:37:01.740
BTC,BUY,0.0700,9129765.000,2024-07-05 21:37:48.476
BTC,BUY,0.0003,9130000.000,2024-07-05 21:37:48.476
BTC,BUY,0.0100,9130000.000,2024-07-05 21:37:48.476
BTC,BUY,0.0197,9131180.000,2024-07-05 21:37:48.476
BTC,BUY,0.0002,9130544.000,2024-07-05 21:38:04.079
BTC,BUY,0.0003,9130644.000,2024-07-05 21:38:11.453
BTC,BUY,0.0001,9130448.000,2024-07-05 21:38:32.261
BTC,BUY,0.0005,9131377.000,2024-07-05 21:39:07.592
BTC,BUY,0.0100,9125001.000,2024-07-05 21:40:05.780
BTC,BUY,0.0050,9125001.000,2024-07-05 21:41:17.174
BTC,BUY,0.0010,9126100.000,2024-07-05 21:41:42.264
BTC,BUY,0.0005,9126969.000,2024-07-05 21:42:03.533
BTC,SELL,0.0050,9125000.000,2024-07-05 21:43:16.567
BTC,SELL,0.0200,9125000.000,2024-07-05 21:43:17.033
BTC,SELL,0.1000,9125000.000,2024-07-05 21:43:17.314
BTC,SELL,0.0050,9125000.000,2024-07-05 21:43:17.505
BTC,SELL,0.0200,9125000.000,2024-07-05 21:43:17.508
BTC,SELL,0.0400,9125000.000,2024-07-05 21:43:17.559
BTC,SELL,0.1000,9125000.000,2024-07-05 21:43:17.756
BTC,SELL,0.0125,9125000.000,2024-07-05 21:43:17.902
BTC,SELL,0.0125,9125000.000,2024-07-05 21:43:18.023
BTC,SELL,0.0200,9125000.000,2024-07-05 21:43:18.025
BTC,SELL,0.0050,9125000.000,2024-07-05 21:43:18.027
BTC,SELL,0.0050,9125000.000,2024-07-05 21:43:18.499
BTC,SELL,0.0349,9125000.000,2024-07-05 21:43:18.885
BTC,SELL,0.0261,9125000.000,2024-07-05 21:43:18.888
BTC,SELL,0.1000,9125000.000,2024-07-05 21:43:19.135
BTC,SELL,0.1000,9125000.000,2024-07-05 21:43:19.232
BTC,SELL,0.0050,9125000.000,2024-07-05 21:43:20.034
BTC,SELL,0.0200,9125000.000,2024-07-05 21:43:20.210
BTC,SELL,0.0050,9125000.000,2024-07-05 21:43:20.524
BTC,SELL,0.0100,9125000.000,2024-07-05 21:43:20.729
BTC,SELL,0.0060,9125000.000,2024-07-05 21:43:22.067
BTC,SELL,0.0050,9125000.000,2024-07-05 21:43:22.069
BTC,SELL,0.0050,9125000.000,2024-07-05 21:43:24.069
BTC,SELL,0.0491,9125000.000,2024-07-05 21:43:24.421
BTC,SELL,0.0050,9125000.000,2024-07-05 21:43:24.594
BTC,SELL,0.0050,9125000.000,2024-07-05 21:43:25.597
BTC,SELL,0.0050,9125000.000,2024-07-05 21:43:26.625
BTC,SELL,0.0100,9125000.000,2024-07-05 21:43:28.383
BTC,SELL,0.0050,9125000.000,2024-07-05 21:43:29.675
BTC,SELL,0.0100,9125000.000,2024-07-05 21:43:32.412
BTC,SELL,0.0050,9125000.000,2024-07-05 21:43:37.320
BTC,SELL,0.0050,9125000.000,2024-07-05 21:43:37.811
BTC,SELL,0.0050,9125000.000,2024-07-05 21:43:38.338
BTC,SELL,0.0050,9125000.000,2024-07-05 21:43:48.510
BTC,SELL,0.0050,9125000.000,2024-07-05 21:43:49.000
BTC,SELL,0.0294,9125000.000,2024-07-05 21:43:49.315
BTC,SELL,0.0050,9125000.000,2024-07-05 21:43:49.503
BTC,SELL,0.0122,9125000.000,2024-07-05 21:43:49.689
BTC,SELL,0.0050,9125000.000,2024-07-05 21:43:54.035
BTC,SELL,0.0023,9125000.000,2024-07-05 21:44:00.715
BTC,SELL,0.0041,9110007.000,2024-07-05 21:44:01.645
BTC,SELL,0.0002,9110000.000,2024-07-05 21:44:02.788
BTC,SELL,0.0018,9107412.000,2024-07-05 21:44:02.788
BTC,BUY,0.0005,9110900.000,2024-07-05 21:44:27.620
BTC,BUY,0.0020,9108415.000,2024-07-05 21:45:09.581
BTC,BUY,0.0100,9113585.000,2024-07-05 21:45:36.626
BTC,BUY,0.0100,9116343.000,2024-07-05 21:46:08.080
BTC,BUY,0.0261,9116715.000,2024-07-05 21:46:12.340
BTC,BUY,0.0369,9116715.000,2024-07-05 21:46:12.496
BTC,BUY,0.0050,9116715.000,2024-07-05 21:46:12.838
BTC,BUY,0.0050,9116715.000,2024-07-05 21:46:13.353
BTC,BUY,0.0115,9116715.000,2024-07-05 21:46:13.356
BTC,BUY,0.0050,9116715.000,2024-07-05 21:46:13.842
BTC,BUY,0.0060,9116715.000,2024-07-05 21:46:13.928
BTC,SELL,0.0090,9119999.000,2024-07-05 21:46:16.200
BTC,SELL,0.0006,9120300.000,2024-07-05 21:46:20.050
BTC,BUY,0.0002,9125000.000,2024-07-05 21:48:29.301
BTC,BUY,0.0098,9126066.000,2024-07-05 21:48:29.301
BTC,BUY,0.0500,9127686.000,2024-07-05 21:50:21.517
BTC,BUY,0.0700,9133249.000,2024-07-05 21:51:36.198
BTC,SELL,0.0200,9130000.000,2024-07-05 21:51:40.386
BTC,SELL,0.1000,9130000.000,2024-07-05 21:51:45.202
BTC,BUY,0.0004,9133150.000,2024-07-05 21:51:46.397
BTC,BUY,0.0124,9134974.000,2024-07-05 21:52:20.170
BTC,BUY,0.0050,9135410.000,2024-07-05 21:52:20.301
BTC,BUY,0.0004,9135410.000,2024-07-05 21:52:20.305
BTC,BUY,0.0122,9137398.000,2024-07-05 21:52:21.239
BTC,BUY,0.0050,9137398.000,2024-07-05 21:52:21.851
BTC,BUY,0.0124,9137398.000,2024-07-05 21:52:21.947
BTC,BUY,0.0050,9137398.000,2024-07-05 21:52:22.353
BTC,BUY,0.0100,9137398.000,2024-07-05 21:52:22.355
BTC,BUY,0.0050,9137398.000,2024-07-05 21:52:23.377
BTC,BUY,0.0050,9137398.000,2024-07-05 21:52:23.765
BTC,BUY,0.0330,9137398.000,2024-07-05 21:52:26.194
BTC,BUY,0.0100,9140000.000,2024-07-05 21:52:26.194
BTC,BUY,0.0003,9140000.000,2024-07-05 21:52:26.194
BTC,BUY,0.0700,9144661.000,2024-07-05 21:52:26.194
BTC,BUY,0.0002,9144663.000,2024-07-05 21:52:26.194
BTC,BUY,0.0100,9147144.000,2024-07-05 21:52:26.194
BTC,BUY,0.0300,9148914.000,2024-07-05 21:52:26.194
BTC,BUY,0.0054,9149200.000,2024-07-05 21:52:26.194
BTC,BUY,0.0003,9150000.000,2024-07-05 21:52:26.194
BTC,BUY,0.0002,9150000.000,2024-07-05 21:52:26.194
BTC,BUY,0.0100,9150000.000,2024-07-05 21:52:26.194
BTC,BUY,0.0125,9150880.000,2024-07-05 21:52:26.194
BTC,BUY,0.0300,9150891.000,2024-07-05 21:52:26.194
BTC,BUY,0.0881,9150980.000,2024-07-05 21:52:26.194
BTC,BUY,0.0002,9143705.000,2024-07-05 21:52:30.224
BTC,BUY,0.0048,9146932.000,2024-07-05 21:52:30.224
BTC,BUY,0.0018,9132972.000,2024-07-05 21:53:39.963
BTC,BUY,0.0069,9130162.000,2024-07-05 21:53:54.536
BTC,SELL,0.0050,9130000.000,2024-07-05 21:54:15.693
BTC,SELL,0.0030,9130000.000,2024-07-05 21:54:19.499
BTC,SELL,0.0020,9130000.000,2024-07-05 21:54:19.501
BTC,SELL,0.0010,9126450.000,2024-07-05 21:54:19.501
BTC,SELL,0.0020,9121033.000,2024-07-05 21:54:19.501
BTC,BUY,0.0006,9120001.000,2024-07-05 21:54:26.714
BTC,SELL,0.0050,9120859.000,2024-07-05 21:54:51.190
BTC,BUY,0.0100,9120001.000,2024-07-05 21:55:21.841
BTC,BUY,0.0900,9120001.000,2024-07-05 21:55:21.841
BTC,BUY,0.0355,9122165.000,2024-07-05 21:56:33.345
BTC,BUY,0.0645,9122350.000,2024-07-05 21:56:33.345
BTC,BUY,0.0209,9120001.000,2024-07-05 21:56:51.140
BTC,BUY,0.0291,9120001.000,2024-07-05 21:56:51.140
BTC,BUY,0.0500,9120001.000,2024-07-05 21:56:53.788
BTC,BUY,0.0209,9120001.000,2024-07-05 21:56:54.545
BTC,BUY,0.0691,9120001.000,2024-07-05 21:56:54.545
BTC,BUY,0.0050,9121915.000,2024-07-05 21:57:05.328
BTC,BUY,0.0250,9123417.000,2024-07-05 21:57:05.328
BTC,BUY,0.0001,9120001.000,2024-07-05 21:57:22.159
BTC,BUY,0.0099,9120001.000,2024-07-05 21:57:30.361
BTC,BUY,0.0391,9120001.000,2024-07-05 21:57:30.361
BTC,SELL,0.0300,9111932.000,2024-07-05 21:57:35.442
BTC,SELL,0.0700,9110893.000,2024-07-05 21:57:35.442
BTC,SELL,0.0108,9110880.000,2024-07-05 21:57:35.442
BTC,SELL,0.0933,9110383.000,2024-07-05 21:57:35.442
BTC,SELL,0.0300,9110330.000,2024-07-05 21:57:35.442
BTC,SELL,0.0050,9110071.000,2024-07-05 21:57:35.442
BTC,SELL,0.0003,9110000.000,2024-07-05 21:57:35.442
BTC,SELL,0.0400,9108642.000,2024-07-05 21:57:35.442
BTC,SELL,0.0206,9108641.000,2024-07-05 21:57:35.442
BTC,BUY,0.0002,9110271.000,2024-07-05 21:59:14.421
BTC,BUY,0.0009,9110271.000,2024-07-05 22:00:03.679
BTC,BUY,0.0001,9110271.000,2024-07-05 22:00:04.470
BTC,BUY,0.0001,9110271.000,2024-07-05 22:00:58.578
BTC,BUY,0.0005,9110271.000,2024-07-05 22:01:32.032
BTC,SELL,0.0005,9110270.000,2024-07-05 22:01:54.844
BTC,SELL,0.0002,9110270.000,2024-07-05 22:01:54.844
BTC,SELL,0.0055,9108641.000,2024-07-05 22:01:54.844
BTC,SELL,0.0125,9103680.000,2024-07-05 22:01:54.844
BTC,SELL,0.0700,9103602.000,2024-07-05 22:01:54.844
BTC,SELL,0.0813,9102534.000,2024-07-05 22:01:54.844
BTC,SELL,0.0002,9102748.000,2024-07-05 22:03:08.670
BTC,SELL,0.0008,9100000.000,2024-07-05 22:03:08.670
BTC,SELL,0.0092,9100000.000,2024-07-05 22:04:40.825
BTC,SELL,0.0002,9100000.000,2024-07-05 22:04:40.825
BTC,SELL,0.0003,9100000.000,2024-07-05 22:04:40.825
BTC,SELL,0.0002,9100000.000,2024-07-05 22:04:40.825
BTC,SELL,0.0001,9100000.000,2024-07-05 22:04:40.825
BTC,SELL,0.0050,9100000.000,2024-07-05 22:04:45.381
BTC,SELL,0.0050,9100000.000,2024-07-05 22:04:45.903
BTC,SELL,0.0050,9100000.000,2024-07-05 22:04:48.945
BTC,SELL,0.0050,9100000.000,2024-07-05 22:04:49.458
BTC,SELL,0.0050,9100000.000,2024-07-05 22:05:01.578
BTC,SELL,0.0100,9100000.000,2024-07-05 22:05:02.905
BTC,SELL,0.0050,9100000.000,2024-07-05 22:05:03.001
BTC,SELL,0.0100,9100000.000,2024-07-05 22:05:03.003
BTC,SELL,0.0100,9100000.000,2024-07-05 22:05:03.126
BTC,SELL,0.0002,9100000.000,2024-07-05 22:05:03.474
BTC,SELL,0.0020,9094270.000,2024-07-05 22:05:03.474
BTC,SELL,0.0038,9091462.000,2024-07-05 22:05:03.474
BTC,BUY,0.0010,9100001.000,2024-07-05 22:05:03.593
BTC,SELL,0.0200,9091462.000,2024-07-05 22:05:04.126
BTC,SELL,0.0003,9090000.000,2024-07-05 22:06:03.497
BTC,SELL,0.0047,9090000.000,2024-07-05 22:06:03.497
BTC,BUY,0.0050,9091920.000,2024-07-05 22:06:07.509
BTC,BUY,0.0010,9093989.000,2024-07-05 22:07:37.601
BTC,SELL,0.0004,9091920.000,2024-07-05 22:09:17.295
BTC,BUY,0.0012,9094500.000,2024-07-05 22:09:43.584
BTC,BUY,0.0001,9098267.000,2024-07-05 22:10:09.773
BTC,BUY,0.0030,9096412.000,2024-07-05 22:10:32.290
BTC,BUY,0.0001,9096412.000,2024-07-05 22:10:35.263
BTC,SELL,0.0002,9096369.000,2024-07-05 22:10:36.187
BTC,BUY,0.0011,9096811.000,2024-07-05 22:11:04.258
BTC,BUY,0.0016,9096751.000,2024-07-05 22:11:13.176
BTC,BUY,0.0020,9097588.000,2024-07-05 22:12:16.492
BTC,BUY,0.0700,9098322.000,2024-07-05 22:12:36.689
BTC,BUY,0.0306,9098361.000,2024-07-05 22:12:36.689
BTC,BUY,0.0001,9100000.000,2024-07-05 22:13:59.768
BTC,BUY,0.0002,9100000.000,2024-07-05 22:14:05.631
BTC,BUY,0.0017,9100000.000,2024-07-05 22:15:03.627
BTC,BUY,0.0013,9105914.000,2024-07-05 22:15:04.316
BTC,BUY,0.0001,9108530.000,2024-07-05 22:15:05.959
BTC,SELL,0.0011,9111502.000,2024-07-05 22:15:47.502
BTC,SELL,0.0039,9109064.000,2024-07-05 22:15:47.502
BTC,BUY,0.0050,9113813.000,2024-07-05 22:15:49.508
BTC,BUY,0.0001,9125300.000,2024-07-05 22:17:07.175
BTC,BUY,0.0001,9130000.000,2024-07-05 22:17:36.216
BTC,BUY,0.0100,9129868.000,2024-07-05 22:17:45.376
BTC,BUY,0.0003,9130000.000,2024-07-05 22:18:12.082
BTC,SELL,0.0100,9129140.000,2024-07-05 22:18:33.803
BTC,BUY,0.0100,9125512.000,2024-07-05 22:20:52.265
BTC,BUY,0.0030,9126476.000,2024-07-05 22:20:59.843
BTC,BUY,0.0100,9128950.000,2024-07-05 22:21:33.017
BTC,BUY,0.0005,9128350.000,2024-07-05 22:21:46.080
BTC,BUY,0.0013,9128300.000,2024-07-05 22:21:49.949
BTC,BUY,0.0010,9129950.000,2024-07-05 22:22:03.662
BTC,BUY,0.0005,9130000.000,2024-07-05 22:22:30.326
BTC,BUY,0.0022,9130000.000,2024-07-05 22:22:58.890
BTC,BUY,0.0002,9130000.000,2024-07-05 22:23:07.140
BTC,BUY,0.0001,9130000.000,2024-07-05 22:24:14.131
BTC,BUY,0.0266,9130000.000,2024-07-05 22:25:15.642
BTC,BUY,0.0003,9130000.000,2024-07-05 22:25:15.642
BTC,BUY,0.0100,9130000.000,2024-07-05 22:25:15.642
BTC,BUY,0.0100,9130000.000,2024-07-05 22:25:15.642
BTC,BUY,0.0002,9130000.000,2024-07-05 22:25:15.642
BTC,BUY,0.0029,9133816.000,2024-07-05 22:25:15.642
BTC,BUY,0.0009,9131273.000,2024-07-05 22:25:17.710
BTC,BUY,0.0041,9131620.000,2024-07-05 22:25:17.710
BTC,BUY,0.0002,9130000.000,2024-07-05 22:25:21.717
BTC,BUY,0.0028,9131515.000,2024-07-05 22:25:21.717
BTC,SELL,0.0050,9130200.000,2024-07-05 22:25:41.903
BTC,SELL,0.0050,9130200.000,2024-07-05 22:25:41.940
BTC,BUY,0.0002,9135000.000,2024-07-05 22:25:43.590
BTC,BUY,0.0048,9137650.000,2024-07-05 22:25:43.590
BTC,BUY,0.0010,9136372.000,2024-07-05 22:26:02.801
BTC,SELL,0.0050,9136372.000,2024-07-05 22:27:10.956
BTC,SELL,0.0050,9136372.000,2024-07-05 22:27:11.442
BTC,SELL,0.0050,9136372.000,2024-07-05 22:27:12.468
BTC,SELL,0.0050,9136372.000,2024-07-05 22:27:15.513
BTC,SELL,0.0117,9136372.000,2024-07-05 22:27:15.702
BTC,SELL,0.0050,9136372.000,2024-07-05 22:27:16.086
BTC,SELL,0.0050,9136372.000,2024-07-05 22:27:19.274
BTC,SELL,0.0018,9136372.000,2024-07-05 22:27:24.620
BTC,SELL,0.0032,9136372.000,2024-07-05 22:27:24.620
BTC,SELL,0.0050,9136372.000,2024-07-05 22:27:25.149
BTC,SELL,0.0050,9136372.000,2024-07-05 22:28:12.350
BTC,SELL,0.0050,9136372.000,2024-07-05 22:28:12.836
BTC,SELL,0.0038,9136372.000,2024-07-05 22:28:14.468
BTC,SELL,0.0012,9133200.000,2024-07-05 22:28:14.468
BTC,SELL,0.0050,9130960.000,2024-07-05 22:28:16.449
BTC,BUY,0.0100,9135197.000,2024-07-05 22:29:35.318
BTC,SELL,0.0050,9135963.000,2024-07-05 22:30:08.763
BTC,SELL,0.0100,9135963.000,2024-07-05 22:30:08.818
BTC,SELL,0.0050,9132898.000,2024-07-05 22:30:09.262
BTC,BUY,0.0070,9131250.000,2024-07-05 22:30:41.303
BTC,BUY,0.0003,9132054.000,2024-07-05 22:31:18.778
BTC,SELL,0.0170,9131357.000,2024-07-05 22:31:46.216
BTC,SELL,0.1000,9131300.000,2024-07-05 22:31:46.216
BTC,SELL,0.1000,9131300.000,2024-07-05 22:31:46.216
BTC,SELL,0.0003,9130960.000,2024-07-05 22:31:46.216
BTC,SELL,0.0010,9130000.000,2024-07-05 22:31:46.216
BTC,SELL,0.0100,9130000.000,2024-07-05 22:31:46.216
BTC,SELL,0.0001,9129999.000,2024-07-05 22:31:46.216
BTC,SELL,0.0100,9128618.000,2024-07-05 22:31:46.216
BTC,SELL,0.0300,9128617.000,2024-07-05 22:31:46.216
BTC,SELL,0.0700,9128255.000,2024-07-05 22:31:46.216
BTC,SELL,0.0300,9128253.000,2024-07-05 22:31:46.216
BTC,SELL,0.0100,9125587.000,2024-07-05 22:31:46.216
BTC,SELL,0.0120,9124900.000,2024-07-05 22:31:46.216
BTC,SELL,0.0050,9122725.000,2024-07-05 22:31:46.216
BTC,SELL,0.0548,9122019.000,2024-07-05 22:31:46.216
BTC,SELL,0.0002,9120000.000,2024-07-05 22:31:46.216
BTC,SELL,0.0023,9118120.000,2024-07-05 22:31:46.216
BTC,SELL,0.0063,9117600.000,2024-07-05 22:31:46.216
BTC,SELL,0.0198,9117577.000,2024-07-05 22:31:46.216
BTC,BUY,0.0001,9135399.000,2024-07-05 22:32:37.575
BTC,SELL,0.0001,9134300.000,2024-07-05 22:33:13.211
BTC,SELL,0.0008,9133780.000,2024-07-05 22:33:13.211
BTC,BUY,0.0100,9134650.000,2024-07-05 22:34:45.568
BTC,BUY,0.0010,9132280.000,2024-07-05 22:35:15.617
BTC,BUY,0.0001,9132608.000,2024-07-05 22:35:26.254
BTC,BUY,0.0011,9134039.000,2024-07-05 22:36:22.065
BTC,SELL,0.0038,9132608.000,2024-07-05 22:38:07.473
BTC,SELL,0.0050,9132608.000,2024-07-05 22:38:07.473
BTC,SELL,0.0001,9132608.000,2024-07-05 22:38:07.473
BTC,SELL,0.0049,9130883.000,2024-07-05 22:38:07.473
BTC,SELL,0.0050,9130883.000,2024-07-05 22:38:08.047
BTC,SELL,0.0050,9130883.000,2024-07-05 22:38:08.488
BTC,SELL,0.0050,9130702.000,2024-07-05 22:38:08.910
BTC,SELL,0.0050,9130702.000,2024-07-05 22:38:09.538
BTC,SELL,0.0105,9130702.000,2024-07-05 22:38:10.169
BTC,SELL,0.0095,9130702.000,2024-07-05 22:38:10.541
BTC,SELL,0.0042,9130000.000,2024-07-05 22:38:10.541
BTC,SELL,0.0050,9130000.000,2024-07-05 22:38:23.840
BTC,SELL,0.0100,9130000.000,2024-07-05 22:38:54.574
BTC,SELL,0.0027,9130000.000,2024-07-05 22:40:05.807
BTC,SELL,0.0002,9116569.000,2024-07-05 22:40:38.177
BTC,BUY,0.0003,9119440.000,2024-07-05 22:40:54.274
BTC,BUY,0.0039,9119059.000,2024-07-05 22:41:54.327
BTC,BUY,0.0061,9120297.000,2024-07-05 22:41:54.327
BTC,BUY,0.0100,9116035.000,2024-07-05 22:43:29.583
BTC,BUY,0.0150,9115346.000,2024-07-05 22:44:47.250
BTC,BUY,0.0010,9122018.000,2024-07-05 22:48:09.434
BTC,BUY,0.0009,9122700.000,2024-07-05 22:48:16.315
BTC,BUY,0.0001,9122560.000,2024-07-05 22:48:38.705
BTC,BUY,0.0010,9122480.000,2024-07-05 22:48:41.033
BTC,BUY,0.0003,9122933.000,2024-07-05 22:49:39.416
BTC,BUY,0.0011,9121501.000,2024-07-05 22:50:30.445
BTC,BUY,0.0011,9121501.000,2024-07-05 22:50:40.383
BTC,SELL,0.0200,9121500.000,2024-07-05 22:50:55.179
BTC,BUY,0.0010,9121501.000,2024-07-05 22:50:55.182
BTC,SELL,0.0200,9121500.000,2024-07-05 22:50:56.028
BTC,BUY,0.0100,9114200.000,2024-07-05 22:53:38.630
BTC,BUY,0.0002,9114000.000,2024-07-05 22:53:42.737
BTC,BUY,0.0059,9113280.000,2024-07-05 22:54:16.984
BTC,BUY,0.0021,9113322.000,2024-07-05 22:54:16.984
BTC,BUY,0.0055,9115224.000,2024-07-05 22:55:39.657
BTC,BUY,0.0039,9113801.000,2024-07-05 22:56:26.559
BTC,BUY,0.0008,9114012.000,2024-07-05 22:56:56.237
BTC,BUY,0.0001,9114012.000,2024-07-05 22:57:27.868
BTC,BUY,0.0080,9114012.000,2024-07-05 22:57:42.382
BTC,BUY,0.0006,9114012.000,2024-07-05 22:58:13.113
BTC,BUY,0.0004,9123014.000,2024-07-05 23:00:25.937
BTC,BUY,0.0002,9123014.000,2024-07-05 23:00:26.155
BTC,BUY,0.0001,9123014.000,2024-07-05 23:00:32.868
BTC,BUY,0.0003,9124696.000,2024-07-05 23:00:51.279
BTC,SELL,0.0040,9124695.000,2024-07-05 23:01:04.246
BTC,BUY,0.0099,9127521.000,2024-07-05 23:01:06.397
BTC,BUY,0.0038,9128133.000,2024-07-05 23:01:40.029
BTC,BUY,0.0062,9129234.000,2024-07-05 23:01:40.029
BTC,BUY,0.0025,9129114.000,2024-07-05 23:01:52.348
BTC,BUY,0.0001,9127522.000,2024-07-05 23:05:43.572
BTC,SELL,0.0100,9127521.000,2024-07-05 23:06:14.026
BTC,SELL,0.0025,9127521.000,2024-07-05 23:06:14.029
BTC,BUY,0.0500,9122874.000,2024-07-05 23:06:49.591
BTC,BUY,0.0005,9130000.000,2024-07-05 23:12:14.287
BTC,BUY,0.0001,9133644.000,2024-07-05 23:12:14.287
BTC,BUY,0.0002,9135000.000,2024-07-05 23:13:49.404
BTC,BUY,0.0098,9135697.000,2024-07-05 23:13:49.404
BTC,SELL,0.0090,9132455.000,2024-07-05 23:14:08.043
BTC,BUY,0.0001,9138746.000,2024-07-05 23:14:32.314
BTC,BUY,0.0003,9140000.000,2024-07-05 23:14:53.830
BTC,BUY,0.0297,9140146.000,2024-07-05 23:14:53.830
BTC,BUY,0.0001,9140142.000,2024-07-05 23:15:00.231
BTC,BUY,0.0002,9137929.000,2024-07-05 23:15:40.386
BTC,BUY,0.0050,9137889.000,2024-07-05 23:15:53.000
BTC,SELL,0.0100,9133661.000,2024-07-05 23:16:11.060
BTC,BUY,0.0105,9132315.000,2024-07-05 23:16:23.171
BTC,BUY,0.0005,9139107.000,2024-07-05 23:17:11.441
BTC,BUY,0.0100,9141282.000,2024-07-05 23:17:29.726
BTC,SELL,0.0002,9140300.000,2024-07-05 23:18:38.690
BTC,SELL,0.0002,9140285.000,2024-07-05 23:18:40.046
BTC,BUY,0.0010,9135600.000,2024-07-05 23:18:44.866
BTC,BUY,0.0100,9133950.000,2024-07-05 23:18:49.517
BTC,BUY,0.0001,9138231.000,2024-07-05 23:19:43.059
BTC,SELL,0.0100,9135874.000,2024-07-05 23:20:00.699
BTC,BUY,0.0030,9135435.000,2024-07-05 23:20:08.366
BTC,BUY,0.0006,9136158.000,2024-07-05 23:21:31.292
BTC,BUY,0.0011,9139550.000,2024-07-05 23:22:58.884
BTC,BUY,0.0602,9140096.000,2024-07-05 23:23:12.575
BTC,BUY,0.0100,9139474.000,2024-07-05 23:25:03.929
BTC,BUY,0.0200,9136520.000,2024-07-05 23:25:50.912
BTC,BUY,0.0100,9137004.000,2024-07-05 23:26:15.781
BTC,BUY,0.0100,9136849.000,2024-07-05 23:26:23.987
BTC,SELL,0.0047,9135855.000,2024-07-05 23:27:50.134
BTC,BUY,0.0010,9137650.000,2024-07-05 23:28:34.225
BTC,BUY,0.0001,9135892.000,2024-07-05 23:29:26.475
BTC,BUY,0.0001,9138850.000,2024-07-05 23:30:09.532
BTC,SELL,0.0040,9135855.000,2024-07-05 23:31:25.828
BTC,SELL,0.0030,9135855.000,2024-07-05 23:31:25.828
BTC,SELL,0.0001,9133661.000,2024-07-05 23:31:37.970
BTC,SELL,0.0001,9131400.000,2024-07-05 23:31:37.970
BTC,SELL,0.0001,9130000.000,2024-07-05 23:31:37.970
BTC,SELL,0.0010,9128920.000,2024-07-05 23:31:37.970
BTC,SELL,0.0087,9126257.000,2024-07-05 23:31:37.970
BTC,BUY,0.0010,9131900.000,2024-07-05 23:31:38.513
BTC,BUY,0.0100,9124398.000,2024-07-05 23:32:28.298
BTC,BUY,0.0100,9125705.000,2024-07-05 23:32:56.382
BTC,BUY,0.0009,9128917.000,2024-07-05 23:33:17.731
BTC,BUY,0.0120,9127566.000,2024-07-05 23:33:22.683
BTC,BUY,0.0295,9127566.000,2024-07-05 23:33:24.335
BTC,BUY,0.0001,9126183.000,2024-07-05 23:33:40.552
BTC,BUY,0.0020,9132012.000,2024-07-05 23:35:19.776
BTC,SELL,0.0010,9131316.000,2024-07-05 23:35:26.616
BTC,BUY,0.0002,9134350.000,2024-07-05 23:36:11.513
BTC,BUY,0.0002,9130553.000,2024-07-05 23:36:12.720
BTC,BUY,0.0125,9136640.000,2024-07-05 23:37:00.425
BTC,BUY,0.0875,9136687.000,2024-07-05 23:37:00.425
BTC,BUY,0.0003,9137865.000,2024-07-05 23:37:07.370
BTC,BUY,0.0030,9137196.000,2024-07-05 23:37:18.420
BTC,BUY,0.0005,9142771.000,2024-07-05 23:37:48.276
BTC,BUY,0.0001,9141907.000,2024-07-05 23:38:39.718
BTC,SELL,0.1000,9142149.000,2024-07-05 23:38:49.477
BTC,BUY,0.0060,9144244.000,2024-07-05 23:39:04.876
BTC,SELL,0.1000,9144243.000,2024-07-05 23:39:18.518
BTC,SELL,0.1000,9144243.000,2024-07-05 23:39:18.518
BTC,SELL,0.0700,9144243.000,2024-07-05 23:39:18.518
BTC,BUY,0.0001,9144243.000,2024-07-05 23:39:31.864
BTC,SELL,0.1000,9144242.000,2024-07-05 23:39:42.088
BTC,SELL,0.1000,9144242.000,2024-07-05 23:39:42.088
BTC,BUY,0.0050,9144242.000,2024-07-05 23:39:47.422
BTC,BUY,0.0250,9144242.000,2024-07-05 23:39:47.812
BTC,BUY,0.0500,9144242.000,2024-07-05 23:39:47.816
BTC,BUY,0.0050,9144242.000,2024-07-05 23:39:47.878
BTC,BUY,0.0150,9144242.000,2024-07-05 23:39:47.940
BTC,BUY,0.0111,9144243.000,2024-07-05 23:39:47.940
BTC,BUY,0.0113,9144243.000,2024-07-05 23:39:48.269
BTC,BUY,0.0050,9144243.000,2024-07-05 23:39:48.378
BTC,BUY,0.0025,9144243.000,2024-07-05 23:39:49.537
BTC,BUY,0.0025,9144244.000,2024-07-05 23:39:49.537
BTC,BUY,0.0015,9144244.000,2024-07-05 23:40:04.624
BTC,BUY,0.0002,9145000.000,2024-07-05 23:40:04.624
BTC,BUY,0.0010,9148000.000,2024-07-05 23:40:04.624
BTC,BUY,0.0003,9150000.000,2024-07-05 23:40:04.624
BTC,BUY,0.0002,9150000.000,2024-07-05 23:40:04.624
BTC,BUY,0.0018,9150000.000,2024-07-05 23:40:04.624
BTC,BUY,0.0082,9150000.000,2024-07-05 23:40:12.540
BTC,BUY,0.0030,9150000.000,2024-07-05 23:40:12.540
BTC,BUY,0.0144,9150000.000,2024-07-05 23:40:12.650
BTC,BUY,0.0050,9150000.000,2024-07-05 23:40:12.818
BTC,BUY,0.0100,9150000.000,2024-07-05 23:40:13.453
BTC,BUY,0.0050,9150000.000,2024-07-05 23:40:14.344
BTC,BUY,0.0100,9150000.000,2024-07-05 23:40:14.807
BTC,BUY,0.0026,9150000.000,2024-07-05 23:40:16.492
BTC,BUY,0.0010,9153039.000,2024-07-05 23:40:16.492
BTC,BUY,0.0002,9155000.000,2024-07-05 23:40:16.492
BTC,BUY,0.0062,9157330.000,2024-07-05 23:40:16.492
BTC,SELL,0.0050,9150000.000,2024-07-05 23:40:17.510
BTC,BUY,0.0050,9157329.000,2024-07-05 23:40:19.515
BTC,SELL,0.0050,9150080.000,2024-07-05 23:40:19.693
BTC,BUY,0.0007,9157741.000,2024-07-05 23:40:23.701
BTC,BUY,0.0043,9158058.000,2024-07-05 23:40:23.701
BTC,BUY,0.0006,9152661.000,2024-07-05 23:40:55.875
BTC,SELL,0.0005,9153051.000,2024-07-05 23:41:04.216
BTC,SELL,0.0500,9153051.000,2024-07-05 23:41:05.577
BTC,BUY,0.0005,9150753.000,2024-07-05 23:41:09.726
BTC,SELL,0.0010,9144441.000,2024-07-05 23:41:17.738
BTC,SELL,0.0012,9141626.000,2024-07-05 23:41:17.738
BTC,SELL,0.0050,9150488.000,2024-07-05 23:42:31.812
BTC,BUY,0.0010,9145083.000,2024-07-05 23:43:22.938
BTC,BUY,0.0546,9141950.000,2024-07-05 23:45:13.837
BTC,BUY,0.0100,9141740.000,2024-07-05 23:45:25.619
BTC,SELL,0.0002,9141951.000,2024-07-05 23:45:42.143
BTC,SELL,0.0036,9142400.000,2024-07-05 23:46:09.123
BTC,BUY,0.0030,9146496.000,2024-07-05 23:46:10.045
BTC,SELL,0.0005,9146066.000,2024-07-05 23:46:19.907
BTC,BUY,0.0050,9144694.000,2024-07-05 23:46:56.533
BTC,BUY,0.0010,9144356.000,2024-07-05 23:47:02.989
BTC,BUY,0.0020,9141627.000,2024-07-05 23:48:49.500
BTC,SELL,0.0030,9141626.000,2024-07-05 23:49:34.199
BTC,SELL,0.0030,9141626.000,2024-07-05 23:49:34.199
BTC,BUY,0.0005,9141627.000,2024-07-05 23:50:26.499
BTC,SELL,0.0029,9141626.000,2024-07-05 23:50:26.971
BTC,SELL,0.0002,9140000.000,2024-07-05 23:50:26.971
BTC,SELL,0.0369,9135281.000,2024-07-05 23:50:26.971
BTC,BUY,0.0015,9137365.000,2024-07-05 23:50:52.307
BTC,BUY,0.0030,9140902.000,2024-07-05 23:50:52.307
BTC,BUY,0.0030,9139950.000,2024-07-05 23:51:15.205
BTC,BUY,0.0010,9140327.000,2024-07-05 23:51:50.551
BTC,SELL,0.0050,9136905.000,2024-07-05 23:52:01.372
BTC,BUY,0.0050,9141967.000,2024-07-05 23:52:18.740
BTC,BUY,0.0025,9141964.000,2024-07-05 23:52:21.435
BTC,BUY,0.0010,9138120.000,2024-07-05 23:52:33.347
BTC,BUY,0.0020,9144616.000,2024-07-05 23:52:40.874
BTC,SELL,0.0050,9139040.000,2024-07-05 23:53:10.162
BTC,BUY,0.0100,9141440.000,2024-07-05 23:53:36.050
BTC,BUY,0.0010,9141970.000,2024-07-05 23:53:43.905
BTC,BUY,0.0001,9144049.000,2024-07-05 23:53:47.929
BTC,BUY,0.0010,9143949.000,2024-07-05 23:53:53.070
BTC,BUY,0.0005,9143649.000,2024-07-05 23:54:07.746
BTC,BUY,0.0001,9136522.000,2024-07-05 23:54:19.025
BTC,BUY,0.0300,9134159.000,2024-07-05 23:59:09.064
BTC,BUY,0.0001,9133355.000,2024-07-05 23:59:33.995
BTC,SELL,0.0001,9133333.000,2024-07-06 02:10:04.464
BTC,SELL,0.0010,9130800.000,2024-07-06 02:10:04.553
BTC,SELL,0.0005,9130000.000,2024-07-06 02:10:04.553
BTC,SELL,0.0001,9130000.000,2024-07-06 02:10:04.553
BTC,SELL,0.0020,9126183.000,2024-07-06 02:10:04.553
BTC,SELL,0.0019,9120808.000,2024-07-06 02:10:04.553
BTC,SELL,0.0010,9120000.000,2024-07-06 02:10:04.553
BTC,SELL,0.0002,9118722.000,2024-07-06 02:10:04.553
BTC,SELL,0.0015,9117131.000,2024-07-06 02:10:04.553
BTC,SELL,0.0002,9114940.000,2024-07-06 02:10:04.553
BTC,SELL,0.0007,9114012.000,2024-07-06 02:10:04.553
BTC,SELL,0.0001,9112944.000,2024-07-06 02:10:04.553
BTC,SELL,0.0022,9110100.000,2024-07-06 02:10:04.553
BTC,SELL,0.0003,9110000.000,2024-07-06 02:10:04.553
BTC,SELL,0.0125,9109120.000,2024-07-06 02:10:04.553
BTC,SELL,0.0010,9100000.000,2024-07-06 02:10:04.553
BTC,SELL,0.0001,9100000.000,2024-07-06 02:10:04.553
BTC,SELL,0.0001,9100000.000,2024-07-06 02:10:04.553
BTC,SELL,0.0001,9100000.000,2024-07-06 02:10:04.553
BTC,SELL,0.0050,9100000.000,2024-07-06 02:10:04.553
BTC,SELL,0.0020,9100000.000,2024-07-06 02:10:04.553
BTC,SELL,0.0100,9100000.000,2024-07-06 02:10:04.553
BTC,SELL,0.0110,9100000.000,2024-07-06 02:10:04.553
BTC,SELL,0.0003,9100000.000,2024-07-06 02:10:04.553
BTC,SELL,0.0002,9100000.000,2024-07-06 02:10:04.553
BTC,SELL,0.0001,9100000.000,2024-07-06 02:10:04.553
BTC,SELL,0.0001,9100000.000,2024-07-06 02:10:04.553
BTC,SELL,0.0120,9100000.000,2024-07-06 02:10:04.553
BTC,SELL,0.0011,9100000.000,2024-07-06 02:10:04.553
BTC,SELL,0.0002,9091920.000,2024-07-06 02:10:04.553
BTC,SELL,0.0003,9090000.000,2024-07-06 02:10:04.553
BTC,SELL,0.0500,9090000.000,2024-07-06 02:10:04.553
BTC,SELL,0.0002,9083199.000,2024-07-06 02:10:04.553
BTC,SELL,0.0020,9081000.000,2024-07-06 02:10:04.553
BTC,SELL,0.0003,9080000.000,2024-07-06 02:10:04.553
BTC,SELL,0.0300,9080000.000,2024-07-06 02:10:04.553
BTC,SELL,0.0001,9080000.000,2024-07-06 02:10:04.553
BTC,SELL,0.0003,9070000.000,2024-07-06 02:10:04.893
BTC,SELL,0.0007,9070000.000,2024-07-06 02:10:04.893
BTC,SELL,0.0001,9070000.000,2024-07-06 02:10:04.924
BTC,SELL,0.0010,9070000.000,2024-07-06 02:10:04.926
BTC,SELL,0.0010,9070000.000,2024-07-06 02:10:04.981
BTC,SELL,0.0050,9070000.000,2024-07-06 02:10:05.372
BTC,BUY,0.0001,9072540.000,2024-07-06 02:10:05.536
BTC,SELL,0.0022,9070000.000,2024-07-06 02:10:05.835
BTC,SELL,0.0002,9070000.000,2024-07-06 02:10:05.835
BTC,SELL,0.0001,9070000.000,2024-07-06 02:10:05.835
BTC,SELL,0.0025,9070000.000,2024-07-06 02:10:05.835
BTC,SELL,0.0100,9070000.000,2024-07-06 02:10:05.842
BTC,SELL,0.0001,9070000.000,2024-07-06 02:10:05.920
BTC,SELL,0.0001,9064720.000,2024-07-06 02:10:05.920
BTC,BUY,0.0998,9060400.000,2024-07-06 02:10:05.959
BTC,BUY,0.5000,9061410.000,2024-07-06 02:10:06.487
BTC,BUY,0.1002,9061940.000,2024-07-06 02:10:06.978
BTC,BUY,0.0001,9061940.000,2024-07-06 02:10:07.252
BTC,BUY,0.0500,9063530.000,2024-07-06 02:10:07.415
BTC,BUY,0.0400,9063530.000,2024-07-06 02:10:07.525
BTC,BUY,0.0011,9064590.000,2024-07-06 02:10:11.462
BTC,SELL,0.0050,9062000.000,2024-07-06 02:10:14.031
BTC,BUY,0.0010,9065040.000,2024-07-06 02:10:16.926
BTC,BUY,0.0100,9065600.000,2024-07-06 02:10:18.091
BTC,BUY,0.0002,9066710.000,2024-07-06 02:10:29.985
BTC,BUY,0.0100,9060590.000,2024-07-06 02:10:37.160
BTC,BUY,0.0050,9060590.000,2024-07-06 02:10:37.332
BTC,BUY,0.0050,9060590.000,2024-07-06 02:10:37.837
BTC,SELL,0.1000,9060589.000,2024-07-06 02:10:38.168
BTC,SELL,0.0700,9060589.000,2024-07-06 02:10:38.168
BTC,SELL,0.0500,9060589.000,2024-07-06 02:10:38.168
BTC,SELL,0.0003,9060000.000,2024-07-06 02:10:38.168
BTC,SELL,0.0001,9060000.000,2024-07-06 02:10:38.168
BTC,SELL,0.0400,9055749.000,2024-07-06 02:10:38.168
BTC,SELL,0.0400,9055531.000,2024-07-06 02:10:38.168
BTC,SELL,0.0001,9055000.000,2024-07-06 02:10:38.168
BTC,SELL,0.0109,9052400.000,2024-07-06 02:10:38.168
BTC,SELL,0.0010,9051000.000,2024-07-06 02:10:38.168
BTC,SELL,0.0003,9050000.000,2024-07-06 02:10:38.168
BTC,SELL,0.0002,9050000.000,2024-07-06 02:10:38.168
BTC,SELL,0.0001,9050000.000,2024-07-06 02:10:38.168
BTC,SELL,0.0002,9050000.000,2024-07-06 02:10:38.168
BTC,SELL,0.0100,9050000.000,2024-07-06 02:10:38.168
BTC,SELL,0.0001,9050000.000,2024-07-06 02:10:38.168
BTC,SELL,0.0001,9050000.000,2024-07-06 02:10:38.168
BTC,SELL,0.0001,9050000.000,2024-07-06 02:10:38.168
BTC,SELL,0.0001,9050000.000,2024-07-06 02:10:38.168
BTC,SELL,0.0040,9050000.000,2024-07-06 02:10:38.168
BTC,SELL,0.0125,9043440.000,2024-07-06 02:10:38.168
BTC,SELL,0.2500,9043390.000,2024-07-06 02:10:38.168
BTC,SELL,0.0100,9042860.000,2024-07-06 02:10:38.168
BTC,SELL,0.2039,9042330.000,2024-07-06 02:10:38.168
BTC,BUY,0.0050,9060590.000,2024-07-06 02:10:38.273
BTC,BUY,0.0050,9060590.000,2024-07-06 02:10:38.344
BTC,SELL,0.0010,9055750.000,2024-07-06 02:10:38.741
BTC,BUY,0.0100,9060590.000,2024-07-06 02:10:39.201
BTC,BUY,0.0050,9060590.000,2024-07-06 02:10:39.339
BTC,BUY,0.0015,9060640.000,2024-07-06 02:10:40.264
BTC,BUY,0.0085,9060975.000,2024-07-06 02:10:40.264
BTC,BUY,0.0500,9060975.000,2024-07-06 02:10:40.651
BTC,BUY,0.0050,9060975.000,2024-07-06 02:10:40.874
BTC,BUY,0.0003,9060975.000,2024-07-06 02:10:41.104
BTC,BUY,0.0100,9060975.000,2024-07-06 02:10:41.278
BTC,BUY,0.0050,9060975.000,2024-07-06 02:10:41.369
BTC,BUY,0.0011,9060975.000,2024-07-06 02:10:42.190
BTC,BUY,0.0011,9060975.000,2024-07-06 02:10:42.274
BTC,BUY,0.0030,9063192.000,2024-07-06 02:10:43.080
BTC,BUY,0.0050,9063192.000,2024-07-06 02:10:43.424
BTC,BUY,0.0050,9063200.000,2024-07-06 02:10:47.459
BTC,BUY,0.0010,9067760.000,2024-07-06 02:10:50.612
BTC,SELL,0.0250,9063250.000,2024-07-06 02:10:50.687
BTC,SELL,0.0350,9063202.000,2024-07-06 02:10:50.687
BTC,BUY,0.0065,9068720.000,2024-07-06 02:11:00.830
BTC,BUY,0.0925,9069360.000,2024-07-06 02:11:01.770
BTC,BUY,0.0050,9063392.000,2024-07-06 02:11:08.785
BTC,BUY,0.0010,9067770.000,2024-07-06 02:11:11.114
BTC,BUY,0.0027,9068079.000,2024-07-06 02:11:52.162
BTC,BUY,0.0085,9068079.000,2024-07-06 02:12:01.990
BTC,SELL,0.0002,9068078.000,2024-07-06 02:12:09.970
BTC,SELL,0.0100,9063199.000,2024-07-06 02:12:09.970
BTC,SELL,0.0100,9060860.000,2024-07-06 02:12:09.970
BTC,SELL,0.0098,9058870.000,2024-07-06 02:12:09.970
BTC,BUY,0.0009,9061410.000,2024-07-06 02:12:10.901
BTC,BUY,0.0055,9062470.000,2024-07-06 02:12:11.448
BTC,SELL,0.0500,9058887.000,2024-07-06 02:12:30.778
BTC,BUY,0.0009,9063530.000,2024-07-06 02:12:57.744
BTC,BUY,0.0386,9064060.000,2024-07-06 02:13:03.971
BTC,BUY,0.0022,9065120.000,2024-07-06 02:13:05.476
BTC,BUY,0.0110,9066160.000,2024-07-06 02:13:24.989
BTC,SELL,0.0002,9066599.000,2024-07-06 02:13:47.462
BTC,BUY,0.0700,9065950.000,2024-07-06 02:14:00.626
BTC,BUY,0.1000,9065950.000,2024-07-06 02:14:00.626
BTC,BUY,0.1998,9066000.000,2024-07-06 02:14:00.626
BTC,BUY,0.0529,9066314.000,2024-07-06 02:14:00.626
BTC,BUY,0.0001,9068900.000,2024-07-06 02:14:08.829
BTC,SELL,0.0002,9068849.000,2024-07-06 02:14:12.500
BTC,BUY,0.0100,9068749.000,2024-07-06 02:14:18.804
BTC,SELL,0.0172,9066600.000,2024-07-06 02:14:57.284
BTC,SELL,0.0006,9066600.000,2024-07-06 02:14:58.983
BTC,SELL,0.0500,9066600.000,2024-07-06 02:15:33.176
BTC,SELL,0.0001,9067019.000,2024-07-06 02:15:47.385
BTC,SELL,0.0001,9066600.000,2024-07-06 02:15:47.385
BTC,BUY,0.0700,9067948.000,2024-07-06 02:16:02.897
BTC,BUY,0.0010,9068244.000,2024-07-06 02:16:31.678
BTC,BUY,0.0990,9071850.000,2024-07-06 02:16:43.127
BTC,BUY,0.0700,9071700.000,2024-07-06 02:17:40.449
BTC,BUY,0.0694,9071700.000,2024-07-06 02:17:40.449
BTC,SELL,0.0002,9071699.000,2024-07-06 02:18:15.389
BTC,SELL,0.0100,9070000.000,2024-07-06 02:18:22.023
BTC,SELL,0.0002,9066600.000,2024-07-06 02:18:22.033
BTC,SELL,0.0001,9066320.000,2024-07-06 02:18:22.033
BTC,SELL,0.0047,9062172.000,2024-07-06 02:18:22.033
BTC,SELL,0.0050,9060955.000,2024-07-06 02:18:24.288
BTC,SELL,0.0002,9065119.000,2024-07-06 02:19:10.245
BTC,SELL,0.0267,9063550.000,2024-07-06 02:19:10.245
BTC,SELL,0.0002,9065119.000,2024-07-06 02:19:15.738
BTC,SELL,0.0007,9063500.000,2024-07-06 02:19:15.738
BTC,SELL,0.0002,9065119.000,2024-07-06 02:19:22.405
BTC,SELL,0.0011,9063477.000,2024-07-06 02:19:22.405
BTC,SELL,0.0022,9061969.000,2024-07-06 02:19:22.405
BTC,BUY,0.0002,9065120.000,2024-07-06 02:19:29.059
BTC,BUY,0.0003,9065001.000,2024-07-06 02:21:02.755
BTC,BUY,0.0011,9065001.000,2024-07-06 02:21:15.946
BTC,BUY,0.0100,9070420.000,2024-07-06 02:22:13.454
BTC,BUY,0.0099,9065988.000,2024-07-06 02:22:23.181
BTC,BUY,0.0060,9065988.000,2024-07-06 02:22:23.320
BTC,BUY,0.0100,9065988.000,2024-07-06 02:22:24.248
BTC,BUY,0.0100,9066488.000,2024-07-06 02:22:25.104
BTC,BUY,0.0050,9066488.000,2024-07-06 02:22:25.266
BTC,BUY,0.0060,9066488.000,2024-07-06 02:22:25.541
BTC,BUY,0.0500,9066488.000,2024-07-06 02:22:25.968
BTC,BUY,0.0020,9066488.000,2024-07-06 02:22:26.233
BTC,BUY,0.0050,9066488.000,2024-07-06 02:22:27.211
BTC,BUY,0.0100,9066488.000,2024-07-06 02:22:27.359
BTC,BUY,0.0050,9066488.000,2024-07-06 02:22:27.793
BTC,BUY,0.0200,9068639.000,2024-07-06 02:22:27.942
BTC,BUY,0.0050,9068639.000,2024-07-06 02:22:28.998
BTC,BUY,0.0010,9070186.000,2024-07-06 02:22:59.383
BTC,BUY,0.0003,9073489.000,2024-07-06 02:23:55.369
BTC,SELL,0.0100,9073501.000,2024-07-06 02:24:02.038
BTC,BUY,0.0007,9074130.000,2024-07-06 02:24:19.389
BTC,BUY,0.0026,9076780.000,2024-07-06 02:25:41.323
BTC,BUY,0.0100,9077310.000,2024-07-06 02:25:43.334
BTC,BUY,0.0008,9075305.000,2024-07-06 02:25:46.740
BTC,BUY,0.0026,9075305.000,2024-07-06 02:25:47.045
BTC,BUY,0.0966,9075305.000,2024-07-06 02:25:48.203
BTC,BUY,0.0974,9079960.000,2024-07-06 02:25:48.203
BTC,BUY,0.0543,9080000.000,2024-07-06 02:25:48.203
BTC,BUY,0.6000,9080490.000,2024-07-06 02:25:48.203
BTC,BUY,0.5000,9081020.000,2024-07-06 02:25:48.203
BTC,BUY,0.0755,9082435.000,2024-07-06 02:25:48.203
BTC,BUY,0.0700,9083139.000,2024-07-06 02:25:48.203
BTC,BUY,0.0061,9083140.000,2024-07-06 02:25:48.203
BTC,BUY,0.0079,9083140.000,2024-07-06 02:25:49.254
BTC,BUY,0.0700,9084060.000,2024-07-06 02:25:49.254
BTC,BUY,0.0176,9084379.000,2024-07-06 02:25:49.254
BTC,BUY,0.0003,9090000.000,2024-07-06 02:25:49.254
BTC,BUY,0.0015,9093120.000,2024-07-06 02:25:49.254
BTC,BUY,0.0400,9093121.000,2024-07-06 02:25:49.254
BTC,BUY,0.0100,9093170.000,2024-07-06 02:25:49.254
BTC,BUY,0.0297,9094783.000,2024-07-06 02:25:49.254
BTC,BUY,0.0200,9082974.000,2024-07-06 02:25:52.166
BTC,BUY,0.0003,9082974.000,2024-07-06 02:25:52.560
BTC,BUY,0.0002,9082818.000,2024-07-06 02:25:55.100
BTC,BUY,0.0001,9081200.000,2024-07-06 02:26:19.229
BTC,BUY,0.0006,9081050.000,2024-07-06 02:26:20.800
BTC,BUY,0.0010,9078950.000,2024-07-06 02:26:50.580
BTC,BUY,0.0100,9078300.000,2024-07-06 02:27:31.069
BTC,BUY,0.0331,9083951.000,2024-07-06 02:27:38.045
BTC,BUY,0.0369,9083982.000,2024-07-06 02:27:38.045
BTC,BUY,0.0010,9083354.000,2024-07-06 02:27:47.900
BTC,BUY,0.0050,9083000.000,2024-07-06 02:27:57.859
BTC,BUY,0.0018,9083000.000,2024-07-06 02:28:15.341
BTC,BUY,0.0050,9082950.000,2024-07-06 02:28:41.147
BTC,SELL,0.0075,9075800.000,2024-07-06 02:28:49.818
BTC,BUY,0.0009,9076250.000,2024-07-06 02:28:50.811
BTC,SELL,0.0075,9075951.000,2024-07-06 02:28:58.248
BTC,SELL,0.0120,9076200.000,2024-07-06 02:29:17.720
BTC,SELL,0.0003,9074130.000,2024-07-06 02:30:02.877
BTC,SELL,0.0002,9074000.000,2024-07-06 02:30:02.877
BTC,BUY,0.0001,9075190.000,2024-07-06 02:30:10.449
BTC,BUY,0.0007,9075720.000,2024-07-06 02:30:17.199
BTC,BUY,0.0007,9076780.000,2024-07-06 02:30:26.399
BTC,BUY,0.0020,9077310.000,2024-07-06 02:30:35.001
BTC,BUY,0.0210,9078900.000,2024-07-06 02:30:57.173
BTC,BUY,0.0005,9079430.000,2024-07-06 02:30:59.298
BTC,BUY,0.0001,9081020.000,2024-07-06 02:31:36.027
BTC,BUY,0.0001,9082696.000,2024-07-06 02:32:04.006
BTC,BUY,0.0400,9082696.000,2024-07-06 02:32:04.576
BTC,BUY,0.0067,9082696.000,2024-07-06 02:32:04.780
BTC,BUY,0.0105,9082696.000,2024-07-06 02:32:04.889
BTC,BUY,0.0007,9082696.000,2024-07-06 02:32:05.064
BTC,BUY,0.0200,9082696.000,2024-07-06 02:32:05.167
BTC,BUY,0.0220,9082696.000,2024-07-06 02:32:05.171
BTC,SELL,0.0010,9082800.000,2024-07-06 02:32:06.906
BTC,BUY,0.0050,9086112.000,2024-07-06 02:32:07.685
BTC,BUY,0.0100,9086112.000,2024-07-06 02:32:07.949
BTC,BUY,0.0012,9086112.000,2024-07-06 02:32:08.084
BTC,BUY,0.0050,9086112.000,2024-07-06 02:32:08.183
BTC,BUY,0.0100,9086112.000,2024-07-06 02:32:08.197
BTC,BUY,0.0050,9086112.000,2024-07-06 02:32:08.715
BTC,BUY,0.0050,9086112.000,2024-07-06 02:32:09.206
BTC,BUY,0.0200,9086112.000,2024-07-06 02:32:09.297
BTC,BUY,0.0010,9088373.000,2024-07-06 02:32:10.956
BTC,BUY,0.0002,9090000.000,2024-07-06 02:32:57.822
BTC,BUY,0.0039,9091518.000,2024-07-06 02:33:07.758
BTC,BUY,0.0100,9092043.000,2024-07-06 02:33:29.634
BTC,BUY,0.0100,9092043.000,2024-07-06 02:33:30.640
BTC,SELL,0.0674,9093462.000,2024-07-06 02:33:36.455
BTC,BUY,0.0001,9097491.000,2024-07-06 02:33:48.340
BTC,BUY,0.0010,9097317.000,2024-07-06 02:33:52.479
BTC,BUY,0.0007,9094841.000,2024-07-06 02:34:04.767
BTC,BUY,0.0010,9097450.000,2024-07-06 02:34:12.752
BTC,BUY,0.0200,9099636.000,2024-07-06 02:35:01.883
BTC,SELL,0.0010,9095250.000,2024-07-06 02:35:34.718
BTC,BUY,0.0050,9095860.000,2024-07-06 02:35:48.111
BTC,BUY,0.0003,9100000.000,2024-07-06 02:36:42.970
BTC,BUY,0.0002,9100000.000,2024-07-06 02:36:42.970
BTC,BUY,0.0001,9100000.000,2024-07-06 02:36:42.970
BTC,BUY,0.0002,9100000.000,2024-07-06 02:36:42.970
BTC,BUY,0.0232,9100630.000,2024-07-06 02:36:42.970
BTC,BUY,0.0001,9101160.000,2024-07-06 02:36:44.168
BTC,BUY,0.1000,9102435.000,2024-07-06 02:36:51.262
BTC,BUY,0.0980,9102435.000,2024-07-06 02:36:57.193
BTC,BUY,0.1520,9103280.000,2024-07-06 02:36:57.193
BTC,BUY,0.0020,9103280.000,2024-07-06 02:36:57.361
BTC,BUY,0.0001,9103810.000,2024-07-06 02:37:01.156
BTC,SELL,0.0010,9101200.000,2024-07-06 02:37:24.959
BTC,BUY,0.0010,9101690.000,2024-07-06 02:37:28.908
BTC,BUY,0.0162,9103811.000,2024-07-06 02:38:30.335
BTC,SELL,0.0005,9103810.000,2024-07-06 02:38:38.121
BTC,SELL,0.0001,9103810.000,2024-07-06 02:38:58.926
BTC,BUY,0.0010,9103811.000,2024-07-06 02:39:41.726
BTC,SELL,0.0050,9103810.000,2024-07-06 02:39:45.779
BTC,BUY,0.0980,9103400.000,2024-07-06 02:40:00.642
BTC,BUY,0.0005,9103250.000,2024-07-06 02:40:05.477
BTC,SELL,0.0004,9100000.000,2024-07-06 02:40:16.781
BTC,BUY,0.0010,9102336.000,2024-07-06 02:40:26.733
BTC,SELL,0.0006,9100000.000,2024-07-06 02:40:30.642
BTC,SELL,0.0001,9100000.000,2024-07-06 02:40:30.642
BTC,SELL,0.0009,9100000.000,2024-07-06 02:40:35.256
BTC,SELL,0.0096,9095175.000,2024-07-06 02:40:40.824
BTC,BUY,0.0019,9096920.000,2024-07-06 02:41:31.473
BTC,BUY,0.0001,9100532.000,2024-07-06 02:41:32.227
BTC,SELL,0.0003,9096973.000,2024-07-06 02:41:41.761
BTC,BUY,0.0002,9098510.000,2024-07-06 02:42:07.693
BTC,BUY,0.0100,9101167.000,2024-07-06 02:42:09.169
BTC,BUY,0.0200,9100000.000,2024-07-06 02:42:51.443
BTC,BUY,0.0001,9099857.000,2024-07-06 02:45:18.970
BTC,BUY,0.0001,9099649.000,2024-07-06 02:46:17.910
BTC,BUY,0.0100,9099900.000,2024-07-06 02:48:08.005
BTC,SELL,0.0001,9098962.000,2024-07-06 02:48:39.439
BTC,SELL,0.0010,9098962.000,2024-07-06 02:48:39.439
BTC,SELL,0.0001,9098962.000,2024-07-06 02:48:43.764
BTC,BUY,0.0020,9098963.000,2024-07-06 02:49:25.940
BTC,BUY,0.0005,9098963.000,2024-07-06 02:49:43.558
BTC,BUY,0.0010,9098900.000,2024-07-06 02:49:57.749
BTC,BUY,0.0001,9098900.000,2024-07-06 02:50:16.584
BTC,BUY,0.0005,9098900.000,2024-07-06 02:51:23.107
BTC,BUY,0.0050,9098900.000,2024-07-06 02:51:23.373
BTC,BUY,0.0265,9098900.000,2024-07-06 02:51:36.490
BTC,SELL,0.0100,9099850.000,2024-07-06 02:51:54.279
BTC,BUY,0.0100,9099743.000,2024-07-06 02:52:57.560
BTC,BUY,0.0005,9099688.000,2024-07-06 02:53:15.471
BTC,BUY,0.0091,9099999.000,2024-07-06 02:53:45.820
BTC,BUY,0.0202,9100100.000,2024-07-06 02:53:50.274
BTC,SELL,0.0051,9097150.000,2024-07-06 02:54:05.246
BTC,BUY,0.0100,9098510.000,2024-07-06 02:55:13.114
BTC,BUY,0.0020,9099040.000,2024-07-06 02:55:30.873
BTC,BUY,0.0100,9099040.000,2024-07-06 02:56:04.425
BTC,BUY,0.0500,9099040.000,2024-07-06 02:56:06.760
BTC,BUY,0.0020,9099040.000,2024-07-06 02:56:21.239
BTC,SELL,0.0768,9099039.000,2024-07-06 02:56:46.137
BTC,BUY,0.0193,9099040.000,2024-07-06 02:56:54.491
BTC,BUY,0.0001,9100630.000,2024-07-06 02:56:58.207
BTC,BUY,0.0169,9100630.000,2024-07-06 02:57:07.667
BTC,BUY,0.0531,9103810.000,2024-07-06 02:57:07.667
BTC,BUY,0.0005,9103400.000,2024-07-06 02:57:34.174
BTC,BUY,0.0053,9101000.000,2024-07-06 02:59:12.720
BTC,BUY,0.0008,9101000.000,2024-07-06 02:59:32.408
BTC,BUY,0.0100,9101000.000,2024-07-06 02:59:36.151
BTC,BUY,0.0002,9100799.000,2024-07-06 03:00:03.345
BTC,BUY,0.0011,9100750.000,2024-07-06 03:00:06.860
BTC,BUY,0.0011,9100750.000,2024-07-06 03:00:06.863
BTC,BUY,0.0001,9100401.000,2024-07-06 03:00:11.034
BTC,BUY,0.0002,9100401.000,2024-07-06 03:00:25.983
BTC,BUY,0.0001,9100401.000,2024-07-06 03:00:26.058
BTC,BUY,0.0002,9100401.000,2024-07-06 03:00:28.296
BTC,BUY,0.0001,9100401.000,2024-07-06 03:00:28.480
BTC,BUY,0.0010,9100401.000,2024-07-06 03:00:29.936
BTC,BUY,0.0001,9100401.000,2024-07-06 03:00:33.073
BTC,BUY,0.0001,9100401.000,2024-07-06 03:00:48.059
BTC,BUY,0.0050,9101800.000,2024-07-06 03:02:14.336
BTC,BUY,0.0200,9101800.000,2024-07-06 03:02:14.558
BTC,BUY,0.0800,9101800.000,2024-07-06 03:02:14.558
BTC,BUY,0.0066,9101700.000,2024-07-06 03:02:56.048
BTC,BUY,0.0034,9101700.000,2024-07-06 03:02:56.048
BTC,BUY,0.0100,9101700.000,2024-07-06 03:03:09.462
BTC,BUY,0.0010,9101749.000,2024-07-06 03:03:17.721
BTC,SELL,0.0002,9101074.000,2024-07-06 03:04:31.826
BTC,SELL,0.0001,9100400.000,2024-07-06 03:04:31.826
BTC,SELL,0.0100,9100400.000,2024-07-06 03:04:31.826
BTC,SELL,0.0020,9100000.000,2024-07-06 03:04:31.826
BTC,SELL,0.0050,9100000.000,2024-07-06 03:04:31.826
BTC,SELL,0.0027,9099301.000,2024-07-06 03:04:31.826
BTC,BUY,0.0044,9100549.000,2024-07-06 03:05:05.762
BTC,BUY,0.0010,9100500.000,2024-07-06 03:05:08.147
BTC,BUY,0.0070,9100000.000,2024-07-06 03:05:29.167
BTC,BUY,0.0010,9099700.000,2024-07-06 03:05:46.693
BTC,BUY,0.0002,9099600.000,2024-07-06 03:05:50.592
BTC,BUY,0.0001,9099099.000,2024-07-06 03:06:17.267
BTC,BUY,0.0030,9098850.000,2024-07-06 03:06:25.691
BTC,BUY,0.0050,9098850.000,2024-07-06 03:06:25.930
BTC,BUY,0.0100,9098600.000,2024-07-06 03:06:41.625
BTC,BUY,0.0200,9098549.000,2024-07-06 03:06:47.173
BTC,BUY,0.0080,9098549.000,2024-07-06 03:06:47.173
BTC,BUY,0.0030,9098449.000,2024-07-06 03:06:52.717
BTC,BUY,0.0007,9098049.000,2024-07-06 03:07:15.624
BTC,BUY,0.0280,9097900.000,2024-07-06 03:07:30.025
BTC,BUY,0.0200,9096999.000,2024-07-06 03:08:43.941
BTC,BUY,0.0220,9097000.000,2024-07-06 03:08:43.941
BTC,BUY,0.0250,9097000.000,2024-07-06 03:08:43.941
BTC,BUY,0.0088,9097100.000,2024-07-06 03:08:43.941
BTC,BUY,0.0048,9099147.000,2024-07-06 03:08:43.941
BTC,BUY,0.0012,9099160.000,2024-07-06 03:08:43.941
BTC,BUY,0.0050,9099813.000,2024-07-06 03:08:43.941
BTC,BUY,0.0125,9100560.000,2024-07-06 03:08:43.941
BTC,BUY,0.0007,9100630.000,2024-07-06 03:08:43.941
BTC,BUY,0.0001,9102749.000,2024-07-06 03:10:45.780
BTC,BUY,0.0100,9099900.000,2024-07-06 03:11:33.678
BTC,BUY,0.0100,9099900.000,2024-07-06 03:12:06.721
BTC,SELL,0.0010,9095151.000,2024-07-06 03:12:23.615
BTC,BUY,0.0018,9093486.000,2024-07-06 03:12:38.670
BTC,SELL,0.0001,9092369.000,2024-07-06 03:12:40.266
BTC,SELL,0.0049,9092328.000,2024-07-06 03:12:49.490
BTC,SELL,0.0051,9090000.000,2024-07-06 03:12:49.490
BTC,SELL,0.0010,9090005.000,2024-07-06 03:13:14.570
BTC,SELL,0.0049,9090000.000,2024-07-06 03:13:14.570
BTC,SELL,0.0007,9088373.000,2024-07-06 03:13:14.570
BTC,SELL,0.0004,9088200.000,2024-07-06 03:13:14.570
BTC,SELL,0.0030,9088000.000,2024-07-06 03:13:14.570
BTC,SELL,0.0170,9088000.000,2024-07-06 03:13:15.091
BTC,SELL,0.0055,9088000.000,2024-07-06 03:13:15.091
BTC,BUY,0.0010,9090020.000,2024-07-06 03:14:56.892
BTC,SELL,0.0021,9085520.000,2024-07-06 03:14:58.316
BTC,BUY,0.0001,9083512.000,2024-07-06 03:17:03.692
BTC,BUY,0.0500,9084200.000,2024-07-06 03:17:47.984
BTC,BUY,0.0010,9088969.000,2024-07-06 03:18:04.073
BTC,BUY,0.0001,9089499.000,2024-07-06 03:18:24.013
BTC,BUY,0.0010,9089499.000,2024-07-06 03:18:26.799
BTC,BUY,0.0001,9093740.000,2024-07-06 03:18:32.696
BTC,BUY,0.0100,9094270.000,2024-07-06 03:19:33.089
BTC,SELL,0.0100,9096919.000,2024-07-06 03:20:02.724
BTC,SELL,0.0400,9096919.000,2024-07-06 03:20:02.724
BTC,BUY,0.0100,9097450.000,2024-07-06 03:20:34.270
BTC,BUY,0.0100,9100000.000,2024-07-06 03:20:44.512
BTC,SELL,0.1000,9102250.000,2024-07-06 03:21:10.627
BTC,SELL,0.1000,9102250.000,2024-07-06 03:21:10.627
BTC,SELL,0.0300,9102221.000,2024-07-06 03:21:10.627
BTC,SELL,0.0005,9102300.000,2024-07-06 03:21:12.265
BTC,BUY,0.0022,9104340.000,2024-07-06 03:21:40.712
BTC,BUY,0.0002,9105000.000,2024-07-06 03:22:17.245
BTC,SELL,0.0100,9105250.000,2024-07-06 03:22:25.707
BTC,SELL,0.0010,9105303.000,2024-07-06 03:22:31.992
BTC,SELL,0.0100,9105307.000,2024-07-06 03:22:35.819
BTC,SELL,0.0001,9103201.000,2024-07-06 03:23:20.181
BTC,BUY,0.0050,9103301.000,2024-07-06 03:24:09.704
BTC,BUY,0.0020,9103002.000,2024-07-06 03:24:39.762
BTC,SELL,0.0009,9103001.000,2024-07-06 03:24:58.551
BTC,SELL,0.0010,9103001.000,2024-07-06 03:24:58.551
BTC,SELL,0.0100,9098630.000,2024-07-06 03:24:59.041
BTC,BUY,0.0020,9094562.000,2024-07-06 03:25:13.882
BTC,BUY,0.0002,9096600.000,2024-07-06 03:25:56.456
BTC,SELL,0.0010,9092730.000,2024-07-06 03:26:10.508
BTC,SELL,0.0100,9090000.000,2024-07-06 03:26:10.988
BTC,SELL,0.0200,9090000.000,2024-07-06 03:26:14.029
BTC,SELL,0.0200,9090000.000,2024-07-06 03:26:14.558
BTC,SELL,0.0200,9090000.000,2024-07-06 03:26:15.044
BTC,SELL,0.0200,9090000.000,2024-07-06 03:26:15.561
BTC,SELL,0.1300,9090000.000,2024-07-06 03:26:16.082
BTC,SELL,0.0052,9090000.000,2024-07-06 03:26:19.835
BTC,SELL,0.0200,9090000.000,2024-07-06 03:26:31.300
BTC,BUY,0.0050,9090001.000,2024-07-06 03:26:31.481
BTC,SELL,0.1400,9090000.000,2024-07-06 03:26:31.761
BTC,SELL,0.2446,9090000.000,2024-07-06 03:26:32.793
BTC,SELL,0.0100,9090000.000,2024-07-06 03:26:33.830
BTC,SELL,0.0400,9090000.000,2024-07-06 03:26:35.313
BTC,SELL,0.0200,9090000.000,2024-07-06 03:26:35.655
BTC,BUY,0.0016,9090001.000,2024-07-06 03:26:35.690
BTC,SELL,0.0005,9090000.000,2024-07-06 03:26:36.733
BTC,SELL,0.0100,9090000.000,2024-07-06 03:26:36.790
BTC,SELL,0.0100,9090000.000,2024-07-06 03:26:37.898
BTC,BUY,0.0001,9090001.000,2024-07-06 03:29:25.152
BTC,BUY,0.0010,9090001.000,2024-07-06 03:29:36.097
BTC,SELL,0.0002,9090000.000,2024-07-06 03:30:03.436
BTC,SELL,0.0050,9090000.000,2024-07-06 03:30:06.180
BTC,SELL,0.0029,9090000.000,2024-07-06 03:30:06.267
BTC,SELL,0.0100,9090000.000,2024-07-06 03:30:06.347
BTC,SELL,0.0050,9090000.000,2024-07-06 03:30:07.194
BTC,SELL,0.0100,9090000.000,2024-07-06 03:30:17.812
BTC,SELL,0.0050,9090000.000,2024-07-06 03:30:19.445
BTC,SELL,0.0050,9090000.000,2024-07-06 03:30:19.953
BTC,SELL,0.0050,9090000.000,2024-07-06 03:30:22.489
BTC,SELL,0.0050,9090000.000,2024-07-06 03:30:23.008
BTC,SELL,0.0100,9090000.000,2024-07-06 03:30:24.065
BTC,SELL,0.1000,9090000.000,2024-07-06 03:30:24.370
BTC,SELL,0.0333,9090000.000,2024-07-06 03:30:24.430
BTC,SELL,0.0100,9090000.000,2024-07-06 03:30:24.599
BTC,SELL,0.0060,9090000.000,2024-07-06 03:30:24.807
BTC,SELL,0.0050,9090000.000,2024-07-06 03:30:25.067
BTC,SELL,0.0014,9090000.000,2024-07-06 03:30:25.308
BTC,SELL,0.0150,9090000.000,2024-07-06 03:30:25.694
BTC,SELL,0.0100,9090000.000,2024-07-06 03:30:25.849
BTC,SELL,0.0050,9090000.000,2024-07-06 03:30:26.091
BTC,SELL,0.0100,9090000.000,2024-07-06 03:30:26.619
BTC,SELL,0.0139,9090000.000,2024-07-06 03:30:26.622
BTC,SELL,0.0050,9090000.000,2024-07-06 03:30:29.292
BTC,SELL,0.0020,9090000.000,2024-07-06 03:30:29.698
BTC,SELL,0.0002,9090000.000,2024-07-06 03:30:29.698
BTC,BUY,0.0002,9089901.000,2024-07-06 03:30:31.513
BTC,SELL,0.0010,9089900.000,2024-07-06 03:30:33.932
BTC,SELL,0.0010,9089800.000,2024-07-06 03:30:37.277
BTC,SELL,0.0002,9083000.000,2024-07-06 03:30:44.245
BTC,SELL,0.0002,9080001.000,2024-07-06 03:30:49.726
BTC,SELL,0.0790,9077664.000,2024-07-06 03:31:48.687
BTC,SELL,0.0700,9076039.000,2024-07-06 03:31:48.687
BTC,SELL,0.0002,9074398.000,2024-07-06 03:31:48.687
BTC,SELL,0.0008,9074000.000,2024-07-06 03:31:48.687
BTC,SELL,0.0100,9072001.000,2024-07-06 03:31:48.687
BTC,SELL,0.0002,9072000.000,2024-07-06 03:31:48.687
BTC,SELL,0.0200,9071548.000,2024-07-06 03:31:48.687
BTC,SELL,0.0050,9071100.000,2024-07-06 03:31:48.687
BTC,SELL,0.0148,9070891.000,2024-07-06 03:31:48.687
BTC,BUY,0.0050,9071480.000,2024-07-06 03:32:01.735
BTC,BUY,0.0050,9072540.000,2024-07-06 03:32:05.260
BTC,BUY,0.0060,9073600.000,2024-07-06 03:32:05.709
BTC,BUY,0.1000,9074130.000,2024-07-06 03:32:12.138
BTC,BUY,0.1000,9074130.000,2024-07-06 03:32:12.252
BTC,BUY,0.0150,9074660.000,2024-07-06 03:32:12.523
BTC,BUY,0.0005,9080490.000,2024-07-06 03:33:02.072
BTC,BUY,0.0020,9084499.000,2024-07-06 03:33:20.179
BTC,BUY,0.0100,9084250.000,2024-07-06 03:33:29.584
BTC,BUY,0.0002,9084000.000,2024-07-06 03:33:37.328
BTC,BUY,0.0040,9082900.000,2024-07-06 03:34:07.784
BTC,BUY,0.0011,9084252.000,2024-07-06 03:35:20.092
BTC,BUY,0.0050,9085790.000,2024-07-06 03:36:12.686
BTC,BUY,0.0303,9085790.000,2024-07-06 03:36:12.786
BTC,BUY,0.0001,9089499.000,2024-07-06 03:36:43.457
BTC,SELL,0.0100,9086450.000,2024-07-06 03:36:48.853
BTC,BUY,0.0010,9090029.000,2024-07-06 03:37:10.437
BTC,SELL,0.0031,9084351.000,2024-07-06 03:38:44.631
BTC,SELL,0.0010,9084350.000,2024-07-06 03:38:44.631
BTC,SELL,0.0005,9084250.000,2024-07-06 03:38:44.631
BTC,SELL,0.0154,9084159.000,2024-07-06 03:38:44.631
BTC,SELL,0.0058,9084159.000,2024-07-06 03:38:58.591
BTC,SELL,0.0033,9082900.000,2024-07-06 03:38:58.591
BTC,SELL,0.0100,9080014.000,2024-07-06 03:38:58.591
BTC,SELL,0.0109,9080013.000,2024-07-06 03:38:58.591
BTC,BUY,0.0500,9080490.000,2024-07-06 03:39:42.217
BTC,BUY,0.0050,9081550.000,2024-07-06 03:39:59.174
BTC,BUY,0.1000,9082080.000,2024-07-06 03:40:11.165
BTC,BUY,0.0012,9082610.000,2024-07-06 03:40:14.841
BTC,BUY,0.0050,9084200.000,2024-07-06 03:40:15.317
BTC,BUY,0.0200,9086850.000,2024-07-06 03:43:55.409
BTC,BUY,0.0050,9091090.000,2024-07-06 03:43:55.796
BTC,BUY,0.0050,9086921.000,2024-07-06 03:43:56.763
BTC,BUY,0.0010,9086921.000,2024-07-06 03:43:58.238
BTC,BUY,0.0100,9086921.000,2024-07-06 03:43:58.392
BTC,BUY,0.0050,9086921.000,2024-07-06 03:43:58.850
BTC,BUY,0.0200,9086930.000,2024-07-06 03:43:59.115
BTC,BUY,0.0050,9086930.000,2024-07-06 03:44:01.353
BTC,BUY,0.0050,9091620.000,2024-07-06 03:44:04.157
BTC,BUY,0.0010,9093740.000,2024-07-06 03:44:15.443
BTC,BUY,0.0010,9096390.000,2024-07-06 03:44:35.934
BTC,BUY,0.0010,9097450.000,2024-07-06 03:44:43.293
BTC,SELL,0.0010,9094880.000,2024-07-06 03:44:59.308
BTC,SELL,0.0010,9094805.000,2024-07-06 03:45:05.667
BTC,BUY,0.0001,9097058.000,2024-07-06 03:45:08.539
BTC,SELL,0.0010,9092640.000,2024-07-06 03:45:11.096
BTC,BUY,0.0100,9093824.000,2024-07-06 03:45:32.222
BTC,BUY,0.0002,9094137.000,2024-07-06 03:45:52.234
BTC,SELL,0.0100,9089976.000,2024-07-06 03:46:02.575
BTC,BUY,0.0020,9090030.000,2024-07-06 03:46:44.451
BTC,BUY,0.0004,9092339.000,2024-07-06 03:47:05.105
BTC,SELL,0.0002,9089976.000,2024-07-06 03:47:32.237
BTC,BUY,0.0019,9091089.000,2024-07-06 03:49:14.186
BTC,BUY,0.0021,9090903.000,2024-07-06 03:51:27.828
BTC,BUY,0.0053,9091212.000,2024-07-06 03:51:33.241
BTC,BUY,0.0063,9091800.000,2024-07-06 03:51:33.241
BTC,BUY,0.0014,9092638.000,2024-07-06 03:51:39.461
BTC,BUY,0.0020,9093209.000,2024-07-06 03:52:03.281
BTC,BUY,0.0066,9094799.000,2024-07-06 03:52:40.427
BTC,BUY,0.0034,9094800.000,2024-07-06 03:52:40.427
BTC,BUY,0.0100,9098004.000,2024-07-06 03:53:10.373
BTC,BUY,0.0005,9096116.000,2024-07-06 03:53:24.563
BTC,BUY,0.0005,9095650.000,2024-07-06 03:53:41.409
BTC,BUY,0.0011,9094974.000,2024-07-06 03:53:57.240
BTC,BUY,0.0090,9095150.000,2024-07-06 03:54:30.528
BTC,BUY,0.0018,9094801.000,2024-07-06 03:54:47.955
BTC,BUY,0.0001,9094801.000,2024-07-06 03:55:06.941
BTC,BUY,0.0100,9094850.000,2024-07-06 03:56:13.009
BTC,BUY,0.0100,9094801.000,2024-07-06 03:56:38.938
BTC,BUY,0.0100,9094801.000,2024-07-06 03:56:44.582
BTC,BUY,0.0010,9094900.000,2024-07-06 03:57:24.487
BTC,BUY,0.0001,9094801.000,2024-07-06 04:00:25.701
BTC,SELL,0.0001,9094800.000,2024-07-06 04:01:21.016
BTC,SELL,0.0011,9089977.000,2024-07-06 04:05:19.246
BTC,SELL,0.0010,9089977.000,2024-07-06 04:05:44.212
BTC,SELL,0.0070,9089977.000,2024-07-06 04:06:00.287
BTC,BUY,0.0004,9089978.000,2024-07-06 04:06:20.779
BTC,BUY,0.0006,9089978.000,2024-07-06 04:06:28.451
BTC,SELL,0.0009,9089977.000,2024-07-06 04:07:15.356
BTC,SELL,0.0041,9089976.000,2024-07-06 04:07:15.356
BTC,SELL,0.0067,9089976.000,2024-07-06 04:07:26.118
BTC,SELL,0.0044,9089906.000,2024-07-06 04:07:26.118
BTC,SELL,0.0169,9084271.000,2024-07-06 04:07:26.118
BTC,SELL,0.0030,9084730.000,2024-07-06 04:07:31.751
BTC,BUY,0.0001,9084201.000,2024-07-06 04:09:55.490
BTC,BUY,0.0040,9084201.000,2024-07-06 04:10:20.136
BTC,SELL,0.0001,9084200.000,2024-07-06 04:10:38.589
BTC,SELL,0.0012,9084100.000,2024-07-06 04:10:38.589
BTC,SELL,0.0005,9081755.000,2024-07-06 04:10:38.589
BTC,SELL,0.0010,9081040.000,2024-07-06 04:10:38.589
BTC,SELL,0.0010,9080000.000,2024-07-06 04:10:38.589
BTC,SELL,0.0001,9080000.000,2024-07-06 04:10:38.589
BTC,SELL,0.0003,9080000.000,2024-07-06 04:10:38.589
BTC,SELL,0.0158,9080000.000,2024-07-06 04:10:38.589
BTC,BUY,0.0001,9080001.000,2024-07-06 04:10:41.045
BTC,BUY,0.0050,9080001.000,2024-07-06 04:12:00.280
BTC,BUY,0.0050,9080001.000,2024-07-06 04:13:15.569
BTC,SELL,0.0040,9081250.000,2024-07-06 04:14:17.379
BTC,BUY,0.0010,9082450.000,2024-07-06 04:15:17.991
BTC,BUY,0.0010,9080001.000,2024-07-06 04:18:55.448
BTC,SELL,0.0050,9080000.000,2024-07-06 04:19:37.986
BTC,BUY,0.0001,9080001.000,2024-07-06 04:20:28.675
BTC,SELL,0.0002,9080000.000,2024-07-06 04:20:55.094
BTC,SELL,0.0010,9080000.000,2024-07-06 04:22:43.442
BTC,SELL,0.0010,9080000.000,2024-07-06 04:22:43.442
BTC,SELL,0.0025,9080000.000,2024-07-06 04:22:43.442
BTC,BUY,0.0001,9080001.000,2024-07-06 04:22:52.496
BTC,BUY,0.0010,9080001.000,2024-07-06 04:23:32.896
BTC,SELL,0.0050,9080000.000,2024-07-06 04:23:36.281
BTC,BUY,0.0030,9080001.000,2024-07-06 04:23:40.082
BTC,SELL,0.0035,9080000.000,2024-07-06 04:25:04.450
BTC,SELL,0.0010,9080000.000,2024-07-06 04:25:04.450
BTC,SELL,0.0005,9080000.000,2024-07-06 04:25:04.450
BTC,SELL,0.0002,9080000.000,2024-07-06 04:25:07.314
BTC,SELL,0.0002,9078880.000,2024-07-06 04:25:11.660
BTC,BUY,0.0060,9075001.000,2024-07-06 04:25:50.112
BTC,BUY,0.0005,9074661.000,2024-07-06 04:26:26.626
BTC,BUY,0.0010,9074661.000,2024-07-06 04:26:35.452
BTC,BUY,0.0050,9074661.000,2024-07-06 04:27:04.824
BTC,BUY,0.0056,9074661.000,2024-07-06 04:27:53.618
BTC,BUY,0.0020,9074661.000,2024-07-06 04:28:14.043
BTC,BUY,0.0069,9075001.000,2024-07-06 04:28:17.990
BTC,BUY,0.0065,9076776.000,2024-07-06 04:28:17.990
BTC,BUY,0.0001,9075001.000,2024-07-06 04:31:22.790
BTC,BUY,0.0006,9075001.000,2024-07-06 04:31:59.466
BTC,BUY,0.0001,9074799.000,2024-07-06 04:32:10.613
BTC,SELL,0.0001,9074660.000,2024-07-06 04:32:58.044
BTC,SELL,0.0099,9071177.000,2024-07-06 04:32:58.044
BTC,BUY,0.0002,9071178.000,2024-07-06 04:33:33.204
BTC,SELL,0.0201,9071177.000,2024-07-06 04:33:57.900
BTC,SELL,0.0010,9070283.000,2024-07-06 04:33:57.900
BTC,SELL,0.0111,9070186.000,2024-07-06 04:33:57.900
BTC,SELL,0.0078,9070000.000,2024-07-06 04:33:57.900
BTC,BUY,0.0005,9070001.000,2024-07-06 04:34:26.876
BTC,SELL,0.0022,9070000.000,2024-07-06 04:36:23.122
BTC,SELL,0.0003,9070000.000,2024-07-06 04:36:23.122
BTC,SELL,0.0050,9066543.000,2024-07-06 04:36:23.122
BTC,SELL,0.0002,9065000.000,2024-07-06 04:36:23.122
BTC,SELL,0.0005,9063660.000,2024-07-06 04:36:23.122
BTC,SELL,0.0018,9062485.000,2024-07-06 04:36:23.122
BTC,SELL,0.0200,9062485.000,2024-07-06 04:36:23.211
BTC,SELL,0.0482,9062485.000,2024-07-06 04:36:23.589
BTC,SELL,0.0018,9062466.000,2024-07-06 04:36:23.589
BTC,SELL,0.0082,9062466.000,2024-07-06 04:36:42.314
BTC,SELL,0.0003,9060000.000,2024-07-06 04:36:42.314
BTC,BUY,0.0001,9056425.000,2024-07-06 04:38:01.427
BTC,BUY,0.0005,9056650.000,2024-07-06 04:38:05.442
BTC,BUY,0.0030,9056787.000,2024-07-06 04:38:11.899
BTC,BUY,0.0333,9056750.000,2024-07-06 04:38:18.588
BTC,BUY,0.0167,9056750.000,2024-07-06 04:38:18.588
BTC,BUY,0.0005,9056744.000,2024-07-06 04:38:33.562
BTC,BUY,0.0010,9050750.000,2024-07-06 04:39:11.087
BTC,SELL,0.0003,9050000.000,2024-07-06 04:40:19.104
BTC,SELL,0.0002,9050000.000,2024-07-06 04:40:19.104
BTC,SELL,0.0009,9050000.000,2024-07-06 04:40:19.104
BTC,SELL,0.0091,9050000.000,2024-07-06 04:40:24.017
BTC,SELL,0.0080,9050000.000,2024-07-06 04:40:24.017
BTC,SELL,0.0055,9050000.000,2024-07-06 04:40:24.017
BTC,SELL,0.0001,9044734.000,2024-07-06 04:42:15.015
BTC,SELL,0.0039,9043121.000,2024-07-06 04:42:15.015
BTC,BUY,0.0011,9043390.000,2024-07-06 04:42:35.324
BTC,BUY,0.0067,9043500.000,2024-07-06 04:43:27.227
BTC,SELL,0.0054,9043499.000,2024-07-06 04:44:32.972
BTC,BUY,0.0040,9043500.000,2024-07-06 04:44:58.233
BTC,BUY,0.0193,9043500.000,2024-07-06 04:45:35.570
BTC,BUY,0.0005,9049220.000,2024-07-06 04:46:03.220
BTC,BUY,0.0006,9046988.000,2024-07-06 04:46:19.170
BTC,SELL,0.0002,9047629.000,2024-07-06 04:46:43.667
BTC,SELL,0.0098,9042974.000,2024-07-06 04:46:43.667
BTC,BUY,0.0001,9048160.000,2024-07-06 04:48:59.568
BTC,BUY,0.0002,9045130.000,2024-07-06 04:50:58.306
BTC,BUY,0.0002,9046040.000,2024-07-06 04:51:41.113
BTC,SELL,0.0217,9043300.000,2024-07-06 04:52:02.574
BTC,BUY,0.0100,9044980.000,2024-07-06 04:52:17.452
BTC,SELL,0.0009,9042330.000,2024-07-06 04:53:42.339
BTC,SELL,0.0002,9042330.000,2024-07-06 04:53:42.339
BTC,SELL,0.0003,9040000.000,2024-07-06 04:53:42.339
BTC,SELL,0.0001,9040000.000,2024-07-06 04:53:42.339
BTC,SELL,0.0005,9040000.000,2024-07-06 04:53:42.339
BTC,SELL,0.0010,9040000.000,2024-07-06 04:53:42.339
BTC,SELL,0.0010,9040000.000,2024-07-06 04:53:42.339
BTC,SELL,0.0005,9036817.000,2024-07-06 04:53:42.339
BTC,SELL,0.0098,9033473.000,2024-07-06 04:53:42.339
BTC,SELL,0.0020,9031200.000,2024-07-06 04:54:14.822
BTC,BUY,0.0048,9030561.000,2024-07-06 04:54:22.070
BTC,BUY,0.0033,9032105.000,2024-07-06 04:54:22.070
BTC,SELL,0.0002,9032104.000,2024-07-06 04:55:10.216
BTC,BUY,0.0002,9032104.000,2024-07-06 04:55:24.152
BTC,SELL,0.0002,9032103.000,2024-07-06 04:55:48.727
BTC,BUY,0.0005,9031635.000,2024-07-06 04:56:21.451
BTC,SELL,0.0002,9031633.000,2024-07-06 04:56:49.222
BTC,SELL,0.0048,9030435.000,2024-07-06 04:56:49.222
BTC,SELL,0.0052,9030435.000,2024-07-06 04:56:53.997
BTC,SELL,0.0003,9030000.000,2024-07-06 04:56:53.997
BTC,SELL,0.0020,9030000.000,2024-07-06 04:56:53.997
BTC,SELL,0.0001,9030000.000,2024-07-06 04:56:53.997
BTC,SELL,0.0700,9027361.000,2024-07-06 04:56:53.997
BTC,SELL,0.0054,9027360.000,2024-07-06 04:56:53.997
BTC,SELL,0.0395,9025206.000,2024-07-06 04:56:53.997
BTC,SELL,0.0472,9027550.000,2024-07-06 04:57:27.665
BTC,SELL,0.0190,9028190.000,2024-07-06 04:57:35.164
BTC,SELL,0.0528,9028100.000,2024-07-06 04:57:35.164
BTC,SELL,0.0175,9028100.000,2024-07-06 04:57:35.164
BTC,BUY,0.0001,9036041.000,2024-07-06 04:58:26.597
BTC,SELL,0.0054,9027120.000,2024-07-06 05:00:27.718
BTC,BUY,0.0050,9026266.000,2024-07-06 05:00:57.084
BTC,SELL,0.0162,9027453.000,2024-07-06 05:02:15.158
BTC,BUY,0.0166,9026950.000,2024-07-06 05:03:26.410
BTC,BUY,0.0334,9026961.000,2024-07-06 05:03:26.410
BTC,BUY,0.0001,9027255.000,2024-07-06 05:03:36.437
BTC,BUY,0.1000,9023217.000,2024-07-06 05:03:48.118
BTC,BUY,0.0400,9027275.000,2024-07-06 05:03:48.118
BTC,BUY,0.0700,9027999.000,2024-07-06 05:03:48.521
BTC,BUY,0.0050,9031091.000,2024-07-06 05:03:48.593
BTC,BUY,0.0314,9027865.000,2024-07-06 05:03:49.114
BTC,BUY,0.0100,9042636.000,2024-07-06 05:04:31.835
BTC,BUY,0.0157,9042636.000,2024-07-06 05:04:32.133
BTC,BUY,0.0164,9042636.000,2024-07-06 05:04:32.277
BTC,BUY,0.0050,9042636.000,2024-07-06 05:04:32.279
BTC,BUY,0.0659,9042636.000,2024-07-06 05:04:32.390
BTC,BUY,0.0333,9042650.000,2024-07-06 05:04:32.390
BTC,BUY,0.0494,9042749.000,2024-07-06 05:04:32.390
BTC,BUY,0.0206,9042749.000,2024-07-06 05:04:32.506
BTC,BUY,0.0002,9046315.000,2024-07-06 05:04:32.867
BTC,BUY,0.0048,9048120.000,2024-07-06 05:04:32.867
BTC,BUY,0.0050,9054034.000,2024-07-06 05:04:58.947
BTC,BUY,0.0112,9054281.000,2024-07-06 05:05:04.468
BTC,BUY,0.0044,9059992.000,2024-07-06 05:05:25.307
BTC,BUY,0.0006,9059992.000,2024-07-06 05:05:25.307
BTC,BUY,0.0010,9059950.000,2024-07-06 05:05:44.100
BTC,BUY,0.0002,9059850.000,2024-07-06 05:05:58.290
BTC,BUY,0.0060,9059800.000,2024-07-06 05:05:59.862
BTC,BUY,0.0010,9059848.000,2024-07-06 05:05:59.862
BTC,BUY,0.0010,9057374.000,2024-07-06 05:06:26.657
BTC,BUY,0.0050,9059979.000,2024-07-06 05:07:14.954
BTC,BUY,0.0280,9059970.000,2024-07-06 05:07:25.574
BTC,BUY,0.0030,9059966.000,2024-07-06 05:07:31.137
BTC,BUY,0.0200,9057374.000,2024-07-06 05:07:53.998
BTC,BUY,0.0008,9057374.000,2024-07-06 05:07:54.501
BTC,BUY,0.0050,9060000.000,2024-07-06 05:07:54.828
BTC,BUY,0.0195,9060000.000,2024-07-06 05:07:55.373
BTC,BUY,0.0005,9063656.000,2024-07-06 05:07:55.373
BTC,BUY,0.0100,9065314.000,2024-07-06 05:07:56.659
BTC,BUY,0.0050,9069108.000,2024-07-06 05:07:59.312
BTC,SELL,0.0050,9069107.000,2024-07-06 05:08:04.202
BTC,SELL,0.0050,9069107.000,2024-07-06 05:08:04.202
BTC,BUY,0.0002,9069108.000,2024-07-06 05:08:24.412
BTC,SELL,0.0168,9069999.000,2024-07-06 05:08:33.979
BTC,BUY,0.0003,9070000.000,2024-07-06 05:08:35.537
BTC,BUY,0.0002,9070000.000,2024-07-06 05:08:35.537
BTC,BUY,0.0049,9079972.000,2024-07-06 05:08:35.537
BTC,BUY,0.0095,9079967.000,2024-07-06 05:08:40.840
BTC,BUY,0.0005,9079967.000,2024-07-06 05:08:40.840
BTC,SELL,0.0175,9070400.000,2024-07-06 05:08:44.537
BTC,BUY,0.0001,9070501.000,2024-07-06 05:08:57.245
BTC,SELL,0.0005,9070500.000,2024-07-06 05:08:57.633
BTC,BUY,0.0002,9070501.000,2024-07-06 05:09:04.452
BTC,BUY,0.0008,9075190.000,2024-07-06 05:09:04.452
BTC,BUY,0.0054,9076199.000,2024-07-06 05:09:12.978
BTC,BUY,0.0003,9076780.000,2024-07-06 05:09:35.825
BTC,SELL,0.0071,9074640.000,2024-07-06 05:11:03.799
BTC,SELL,0.0629,9074564.000,2024-07-06 05:11:03.799
BTC,SELL,0.0071,9074564.000,2024-07-06 05:11:04.287
BTC,BUY,0.0007,9073999.000,2024-07-06 05:12:41.225
BTC,SELL,0.0001,9070500.000,2024-07-06 05:15:05.264
BTC,SELL,0.0125,9070320.000,2024-07-06 05:15:05.264
BTC,BUY,0.0060,9071649.000,2024-07-06 05:16:47.356
BTC,SELL,0.0100,9064702.000,2024-07-06 05:18:54.284
BTC,BUY,0.0050,9068099.000,2024-07-06 05:19:05.424
BTC,BUY,0.0005,9067888.000,2024-07-06 05:19:48.131
BTC,BUY,0.0005,9071150.000,2024-07-06 05:20:06.378
BTC,SELL,0.1000,9068500.000,2024-07-06 05:20:53.524
BTC,BUY,0.0100,9071649.000,2024-07-06 05:22:26.194
BTC,BUY,0.0400,9071649.000,2024-07-06 05:22:30.457
BTC,SELL,0.1000,9079786.000,2024-07-06 05:23:21.774
BTC,SELL,0.0050,9079201.000,2024-07-06 05:23:21.774
BTC,SELL,0.0125,9078480.000,2024-07-06 05:23:21.774
BTC,SELL,0.0025,9078447.000,2024-07-06 05:23:21.774
BTC,BUY,0.0001,9078137.000,2024-07-06 05:23:40.879
BTC,BUY,0.0010,9077679.000,2024-07-06 05:24:22.312
BTC,BUY,0.0003,9080000.000,2024-07-06 05:24:56.961
BTC,SELL,0.1000,9080050.000,2024-07-06 05:29:06.548
BTC,SELL,0.0020,9080000.000,2024-07-06 05:29:06.548
BTC,SELL,0.0001,9079999.000,2024-07-06 05:29:12.228
BTC,SELL,0.0080,9080000.000,2024-07-06 05:29:51.413
BTC,SELL,0.0200,9080050.000,2024-07-06 05:30:10.031
BTC,SELL,0.0200,9080050.000,2024-07-06 05:30:10.255
BTC,SELL,0.0200,9080000.000,2024-07-06 05:30:10.454
BTC,SELL,0.0006,9079400.000,2024-07-06 05:31:18.501
BTC,BUY,0.0015,9081992.000,2024-07-06 05:31:25.628
BTC,BUY,0.0125,9084240.000,2024-07-06 05:31:59.756
BTC,BUY,0.0050,9084266.000,2024-07-06 05:32:00.028
BTC,BUY,0.0050,9084730.000,2024-07-06 05:32:00.523
BTC,BUY,0.0520,9084730.000,2024-07-06 05:32:01.397
BTC,BUY,0.0002,9085000.000,2024-07-06 05:32:01.495
BTC,BUY,0.0048,9089978.000,2024-07-06 05:32:01.495
BTC,BUY,0.0042,9089978.000,2024-07-06 05:32:03.869
BTC,BUY,0.0008,9090000.000,2024-07-06 05:32:03.869
BTC,BUY,0.0003,9090000.000,2024-07-06 05:32:22.220
BTC,SELL,0.0026,9089978.000,2024-07-06 05:32:34.821
BTC,SELL,0.0074,9089977.000,2024-07-06 05:32:34.821
BTC,SELL,0.0035,9089977.000,2024-07-06 05:32:35.122
BTC,SELL,0.1000,9088100.000,2024-07-06 05:32:47.558
BTC,BUY,0.0004,9086121.000,2024-07-06 05:32:48.953
BTC,BUY,0.0050,9090000.000,2024-07-06 05:33:12.284
BTC,BUY,0.0050,9090000.000,2024-07-06 05:33:14.401
BTC,BUY,0.0100,9089999.000,2024-07-06 05:34:10.664
BTC,BUY,0.0039,9090000.000,2024-07-06 05:34:10.664
BTC,BUY,0.0003,9090000.000,2024-07-06 05:34:10.664
BTC,SELL,0.1073,9090000.000,2024-07-06 05:34:22.171
BTC,SELL,0.0027,9089600.000,2024-07-06 05:34:22.171
BTC,SELL,0.0168,9090050.000,2024-07-06 05:34:22.888
BTC,BUY,0.0050,9092929.000,2024-07-06 05:35:29.375
BTC,BUY,0.0010,9090400.000,2024-07-06 05:38:25.729
BTC,BUY,0.0100,9089775.000,2024-07-06 05:39:09.148
BTC,BUY,0.0002,9091760.000,2024-07-06 05:39:44.859
BTC,BUY,0.0004,9091879.000,2024-07-06 05:39:57.865
BTC,SELL,0.0100,9093400.000,2024-07-06 05:40:15.284
BTC,SELL,0.0821,9093400.000,2024-07-06 05:40:15.503
BTC,SELL,0.0003,9089600.000,2024-07-06 05:42:38.818
BTC,BUY,0.0010,9088797.000,2024-07-06 05:42:52.320
BTC,BUY,0.0010,9087045.000,2024-07-06 05:43:02.393
BTC,BUY,0.0010,9086532.000,2024-07-06 05:43:32.285
BTC,BUY,0.0010,9086161.000,2024-07-06 05:44:12.906
BTC,BUY,0.0010,9085980.000,2024-07-06 05:44:22.290
BTC,BUY,0.0010,9085850.000,2024-07-06 05:44:32.339
BTC,BUY,0.0010,9090075.000,2024-07-06 05:44:42.263
BTC,BUY,0.0010,9090558.000,2024-07-06 05:44:52.384
BTC,SELL,0.0200,9090136.000,2024-07-06 05:45:05.511
BTC,BUY,0.0001,9090338.000,2024-07-06 05:46:41.792
BTC,BUY,0.0400,9090038.000,2024-07-06 05:48:32.310
BTC,BUY,0.0001,9092320.000,2024-07-06 05:49:12.528
BTC,BUY,0.0001,9092000.000,2024-07-06 05:49:21.199
BTC,BUY,0.0001,9092300.000,2024-07-06 05:49:29.218
BTC,BUY,0.0001,9092000.000,2024-07-06 05:50:32.931
BTC,BUY,0.0010,9091100.000,2024-07-06 05:50:53.880
BTC,BUY,0.0002,9090600.000,2024-07-06 05:51:01.099
BTC,BUY,0.0002,9090001.000,2024-07-06 05:51:24.473
BTC,BUY,0.0050,9090080.000,2024-07-06 05:52:15.798
BTC,BUY,0.0005,9090001.000,2024-07-06 05:53:14.332
BTC,BUY,0.0001,9090001.000,2024-07-06 05:53:32.058
BTC,SELL,0.0050,9090000.000,2024-07-06 05:54:23.833
BTC,BUY,0.0200,9086666.000,2024-07-06 05:55:07.452
BTC,BUY,0.0100,9086666.000,2024-07-06 05:55:07.452
BTC,BUY,0.0300,9086666.000,2024-07-06 05:55:07.452
BTC,SELL,0.0100,9086665.000,2024-07-06 05:55:48.203
BTC,SELL,0.0010,9086665.000,2024-07-06 05:55:53.310
BTC,SELL,0.0071,9082144.000,2024-07-06 05:55:58.722
BTC,BUY,0.0100,9082950.000,2024-07-06 05:56:32.605
BTC,BUY,0.0015,9082240.000,2024-07-06 05:57:21.372
BTC,SELL,0.0005,9082239.000,2024-07-06 05:57:25.540
BTC,SELL,0.0129,9082144.000,2024-07-06 05:57:25.540
BTC,BUY,0.0050,9080414.000,2024-07-06 05:57:45.615
BTC,BUY,0.0004,9080414.000,2024-07-06 05:59:01.567
BTC,BUY,0.0026,9081920.000,2024-07-06 05:59:01.567
BTC,BUY,0.0015,9081400.000,2024-07-06 06:00:37.436
BTC,BUY,0.0019,9080001.000,2024-07-06 06:00:44.529
BTC,BUY,0.0005,9080466.000,2024-07-06 06:02:31.907
BTC,BUY,0.0005,9082000.000,2024-07-06 06:04:26.965
BTC,SELL,0.0010,9081991.000,2024-07-06 06:05:07.721
BTC,SELL,0.0010,9081991.000,2024-07-06 06:05:08.283
BTC,SELL,0.0070,9081991.000,2024-07-06 06:05:29.784
BTC,BUY,0.0050,9082000.000,2024-07-06 06:06:18.622
BTC,SELL,0.0050,9081771.000,2024-07-06 06:06:27.339
BTC,SELL,0.0100,9081642.000,2024-07-06 06:06:43.745
BTC,SELL,0.0280,9080850.000,2024-07-06 06:06:49.536
BTC,SELL,0.0053,9080850.000,2024-07-06 06:06:50.089
BTC,SELL,0.0227,9080801.000,2024-07-06 06:06:50.089
BTC,SELL,0.0030,9080500.000,2024-07-06 06:06:55.644
BTC,BUY,0.0005,9082000.000,2024-07-06 06:08:07.615
BTC,BUY,0.0500,9082000.000,2024-07-06 06:10:00.433
BTC,BUY,0.0012,9082000.000,2024-07-06 06:10:28.016
BTC,BUY,0.0294,9082000.000,2024-07-06 06:10:32.335
BTC,SELL,0.0056,9089522.000,2024-07-06 06:12:19.332
BTC,SELL,0.0010,9089522.000,2024-07-06 06:15:03.001
BTC,BUY,0.0002,9089522.000,2024-07-06 06:16:50.601
BTC,BUY,0.0010,9089522.000,2024-07-06 06:17:31.267
BTC,SELL,0.0100,9089521.000,2024-07-06 06:17:38.699
BTC,SELL,0.0025,9089521.000,2024-07-06 06:18:18.589
BTC,SELL,0.0453,9089521.000,2024-07-06 06:18:18.589
BTC,BUY,0.0100,9091000.000,2024-07-06 06:18:53.409
BTC,SELL,0.0100,9093517.000,2024-07-06 06:20:45.422
BTC,SELL,0.0002,9094737.000,2024-07-06 06:21:03.273
BTC,BUY,0.0003,9100000.000,2024-07-06 06:24:11.346
BTC,BUY,0.0002,9100000.000,2024-07-06 06:24:11.346
BTC,BUY,0.0010,9105000.000,2024-07-06 06:24:18.961
BTC,SELL,0.0013,9104999.000,2024-07-06 06:24:33.583
BTC,BUY,0.0001,9105000.000,2024-07-06 06:24:45.991
BTC,BUY,0.0050,9105000.000,2024-07-06 06:25:04.855
BTC,BUY,0.0039,9105000.000,2024-07-06 06:25:24.009
BTC,BUY,0.0011,9109851.000,2024-07-06 06:25:24.009
BTC,BUY,0.0013,9107858.000,2024-07-06 06:25:46.466
BTC,BUY,0.0007,9109998.000,2024-07-06 06:25:46.466
BTC,SELL,0.0010,9106372.000,2024-07-06 06:25:53.246
BTC,BUY,0.0007,9105209.000,2024-07-06 06:26:16.513
BTC,BUY,0.0050,9106443.000,2024-07-06 06:26:16.513
BTC,BUY,0.0700,9108625.000,2024-07-06 06:26:16.513
BTC,BUY,0.0227,9108895.000,2024-07-06 06:26:16.513
BTC,BUY,0.0019,9109614.000,2024-07-06 06:26:16.513
BTC,BUY,0.0002,9103265.000,2024-07-06 06:26:17.321
BTC,BUY,0.0002,9104133.000,2024-07-06 06:26:22.735
BTC,BUY,0.0002,9104174.000,2024-07-06 06:26:30.368
BTC,BUY,0.0008,9109828.000,2024-07-06 06:26:30.368
BTC,BUY,0.0100,9109450.000,2024-07-06 06:27:07.654
BTC,BUY,0.0001,9104185.000,2024-07-06 06:27:27.018
BTC,SELL,0.0012,9100052.000,2024-07-06 06:27:47.752
BTC,BUY,0.0055,9100157.000,2024-07-06 06:28:04.873
BTC,BUY,0.0030,9102724.000,2024-07-06 06:28:13.706
BTC,BUY,0.0012,9102724.000,2024-07-06 06:30:02.075
BTC,BUY,0.0058,9102724.000,2024-07-06 06:30:18.321
BTC,BUY,0.0042,9105308.000,2024-07-06 06:30:18.321
BTC,BUY,0.0300,9105372.000,2024-07-06 06:30:30.298
BTC,BUY,0.0010,9103911.000,2024-07-06 06:31:10.573
BTC,SELL,0.0002,9104997.000,2024-07-06 06:33:59.156
BTC,BUY,0.0500,9109150.000,2024-07-06 06:34:07.019
BTC,BUY,0.0003,9109648.000,2024-07-06 06:34:24.321
BTC,BUY,0.0001,9106322.000,2024-07-06 06:35:50.526
BTC,BUY,0.0004,9106371.000,2024-07-06 06:36:14.049
BTC,BUY,0.0025,9109856.000,2024-07-06 06:37:06.731
BTC,BUY,0.0100,9109001.000,2024-07-06 06:37:51.094
BTC,BUY,0.0100,9109001.000,2024-07-06 06:37:51.094
BTC,BUY,0.0100,9109001.000,2024-07-06 06:37:59.191
BTC,BUY,0.0300,9109001.000,2024-07-06 06:38:00.983
BTC,BUY,0.0100,9109001.000,2024-07-06 06:38:00.983
BTC,BUY,0.0050,9109001.000,2024-07-06 06:38:21.645
BTC,SELL,0.0005,9109000.000,2024-07-06 06:38:38.231
BTC,BUY,0.0004,9109001.000,2024-07-06 06:39:25.705
BTC,BUY,0.0100,9109001.000,2024-07-06 06:40:00.799
BTC,BUY,0.0040,9109001.000,2024-07-06 06:40:45.136
BTC,BUY,0.0009,9109001.000,2024-07-06 06:40:47.470
BTC,BUY,0.0003,9110000.000,2024-07-06 06:41:23.762
BTC,BUY,0.0012,9110000.000,2024-07-06 06:41:23.762
BTC,BUY,0.0088,9110000.000,2024-07-06 06:42:02.842
BTC,BUY,0.0012,9110000.000,2024-07-06 06:42:02.842
BTC,BUY,0.0200,9110000.000,2024-07-06 06:43:15.480
BTC,SELL,0.0006,9109000.000,2024-07-06 06:44:18.133
BTC,SELL,0.0003,9108000.000,2024-07-06 06:44:18.133
BTC,SELL,0.0007,9108000.000,2024-07-06 06:44:49.748
BTC,BUY,0.0001,9106873.000,2024-07-06 06:45:07.636
BTC,SELL,0.0010,9106872.000,2024-07-06 06:45:13.235
BTC,BUY,0.0010,9103511.000,2024-07-06 06:45:52.924
BTC,SELL,0.0010,9103510.000,2024-07-06 06:46:56.266
BTC,SELL,0.0020,9103510.000,2024-07-06 06:46:56.266
BTC,SELL,0.0010,9102723.000,2024-07-06 06:46:56.266
BTC,SELL,0.0010,9102450.000,2024-07-06 06:46:56.266
BTC,SELL,0.0010,9102450.000,2024-07-06 06:46:56.266
BTC,SELL,0.0010,9102450.000,2024-07-06 06:46:56.266
BTC,SELL,0.0010,9102450.000,2024-07-06 06:46:56.266
BTC,SELL,0.0011,9101000.000,2024-07-06 06:46:56.266
BTC,SELL,0.0007,9100052.000,2024-07-06 06:46:56.266
BTC,SELL,0.0002,9098804.000,2024-07-06 06:46:56.266
BTC,SELL,0.0008,9093179.000,2024-07-06 06:47:59.228
BTC,BUY,0.0001,9093180.000,2024-07-06 06:48:05.824
BTC,SELL,0.0040,9096234.000,2024-07-06 06:48:52.280
BTC,SELL,0.0363,9093179.000,2024-07-06 06:48:52.280
BTC,BUY,0.0010,9096235.000,2024-07-06 06:49:59.200
BTC,BUY,0.0014,9096150.000,2024-07-06 06:51:57.247
BTC,BUY,0.0010,9095151.000,2024-07-06 06:53:49.730
BTC,BUY,0.0001,9095151.000,2024-07-06 06:55:13.511
BTC,SELL,0.0001,9095150.000,2024-07-06 06:55:15.955
BTC,SELL,0.0399,9091020.000,2024-07-06 06:55:15.955
BTC,BUY,0.0003,9096750.000,2024-07-06 06:56:44.752
BTC,SELL,0.0004,9091258.000,2024-07-06 06:57:02.126
BTC,BUY,0.0002,9095800.000,2024-07-06 06:59:31.377
BTC,SELL,0.0026,9091256.000,2024-07-06 07:00:06.232
BTC,BUY,0.0970,9099493.000,2024-07-06 07:04:51.651
BTC,BUY,0.0030,9099493.000,2024-07-06 07:04:51.778
BTC,BUY,0.0100,9103673.000,2024-07-06 07:05:05.691
BTC,BUY,0.0010,9107479.000,2024-07-06 07:05:07.687
BTC,BUY,0.0010,9107479.000,2024-07-06 07:05:08.254
BTC,BUY,0.0400,9108947.000,2024-07-06 07:05:26.248
BTC,BUY,0.0070,9110000.000,2024-07-06 07:05:29.323
BTC,SELL,0.0100,9109999.000,2024-07-06 07:05:36.378
BTC,BUY,0.0018,9110000.000,2024-07-06 07:05:37.169
BTC,BUY,0.0002,9110000.000,2024-07-06 07:05:37.169
BTC,BUY,0.0001,9114337.000,2024-07-06 07:05:37.481
BTC,BUY,0.0003,9120000.000,2024-07-06 07:06:05.228
BTC,BUY,0.0002,9120000.000,2024-07-06 07:06:05.228
BTC,BUY,0.0030,9121830.000,2024-07-06 07:06:10.527
BTC,BUY,0.0024,9121830.000,2024-07-06 07:06:13.407
BTC,BUY,0.0336,9122234.000,2024-07-06 07:06:13.407
BTC,SELL,0.0010,9121829.000,2024-07-06 07:06:16.938
BTC,BUY,0.0010,9120749.000,2024-07-06 07:06:20.927
BTC,BUY,0.0050,9120977.000,2024-07-06 07:06:25.781
BTC,BUY,0.0100,9126310.000,2024-07-06 07:06:41.455
BTC,BUY,0.0250,9126200.000,2024-07-06 07:06:47.009
BTC,BUY,0.0030,9126240.000,2024-07-06 07:06:47.009
BTC,BUY,0.0280,9126200.000,2024-07-06 07:06:47.568
BTC,BUY,0.0030,9125810.000,2024-07-06 07:06:53.132
BTC,BUY,0.0100,9126299.000,2024-07-06 07:07:14.415
BTC,SELL,0.0001,9120461.000,2024-07-06 07:07:19.616
BTC,BUY,0.0056,9123539.000,2024-07-06 07:07:41.764
BTC,BUY,0.0010,9123534.000,2024-07-06 07:07:46.685
BTC,BUY,0.0001,9124326.000,2024-07-06 07:09:40.108
BTC,BUY,0.0020,9127001.000,2024-07-06 07:10:18.471
BTC,BUY,0.0007,9127001.000,2024-07-06 07:10:55.166
BTC,BUY,0.0002,9127001.000,2024-07-06 07:11:06.747
BTC,BUY,0.0180,9127001.000,2024-07-06 07:11:07.696
BTC,BUY,0.0001,9127001.000,2024-07-06 07:11:26.471
BTC,SELL,0.0001,9127000.000,2024-07-06 07:11:46.263
BTC,BUY,0.0010,9125600.000,2024-07-06 07:12:28.917
BTC,BUY,0.0001,9124000.000,2024-07-06 07:12:49.702
BTC,SELL,0.0001,9123533.000,2024-07-06 07:13:19.638
BTC,SELL,0.0100,9123533.000,2024-07-06 07:13:20.245
BTC,SELL,0.0050,9123533.000,2024-07-06 07:13:20.250
BTC,SELL,0.0050,9123533.000,2024-07-06 07:13:20.756
BTC,SELL,0.0103,9123533.000,2024-07-06 07:13:20.771
BTC,SELL,0.0113,9123533.000,2024-07-06 07:13:21.041
BTC,SELL,0.0050,9123533.000,2024-07-06 07:13:21.274
BTC,BUY,0.0030,9123534.000,2024-07-06 07:13:34.939
BTC,BUY,0.0020,9123534.000,2024-07-06 07:13:54.949
BTC,BUY,0.0005,9123534.000,2024-07-06 07:13:58.038
BTC,BUY,0.0001,9123534.000,2024-07-06 07:14:05.057
BTC,BUY,0.0002,9124009.000,2024-07-06 07:14:15.894
BTC,BUY,0.0031,9124009.000,2024-07-06 07:14:29.042
BTC,BUY,0.0069,9126226.000,2024-07-06 07:14:29.042
BTC,BUY,0.0001,9126226.000,2024-07-06 07:14:29.123
BTC,BUY,0.0002,9126223.000,2024-07-06 07:14:31.131
BTC,BUY,0.0004,9126000.000,2024-07-06 07:14:42.021
BTC,BUY,0.0010,9125050.000,2024-07-06 07:15:07.409
BTC,BUY,0.0055,9123534.000,2024-07-06 07:15:32.458
BTC,SELL,0.0010,9123533.000,2024-07-06 07:15:50.696
BTC,BUY,0.0005,9123534.000,2024-07-06 07:16:18.446
BTC,SELL,0.0006,9123533.000,2024-07-06 07:16:18.766
BTC,SELL,0.0001,9123533.000,2024-07-06 07:16:34.426
BTC,BUY,0.0003,9123534.000,2024-07-06 07:16:47.331
BTC,SELL,0.0002,9123533.000,2024-07-06 07:16:50.830
BTC,BUY,0.0001,9123534.000,2024-07-06 07:17:15.149
BTC,SELL,0.0001,9123533.000,2024-07-06 07:17:17.391
BTC,BUY,0.0200,9123534.000,2024-07-06 07:17:26.529
BTC,BUY,0.1000,9124406.000,2024-07-06 07:18:00.361
BTC,BUY,0.0500,9128608.000,2024-07-06 07:18:00.361
BTC,BUY,0.0001,9129300.000,2024-07-06 07:18:33.099
BTC,BUY,0.0005,9128950.000,2024-07-06 07:21:19.376
BTC,BUY,0.0010,9128001.000,2024-07-06 07:22:12.361
BTC,SELL,0.0002,9128000.000,2024-07-06 07:23:01.065
BTC,SELL,0.0043,9123533.000,2024-07-06 07:23:01.065
BTC,SELL,0.0055,9123533.000,2024-07-06 07:23:01.065
BTC,SELL,0.0191,9123533.000,2024-07-06 07:23:17.455
BTC,SELL,0.0200,9123533.000,2024-07-06 07:23:23.453
BTC,SELL,0.0060,9123533.000,2024-07-06 07:23:23.662
BTC,SELL,0.0020,9123533.000,2024-07-06 07:23:24.485
BTC,SELL,0.0050,9123533.000,2024-07-06 07:23:29.599
BTC,SELL,0.0050,9123533.000,2024-07-06 07:23:32.680
BTC,SELL,0.0189,9123533.000,2024-07-06 07:23:33.728
BTC,SELL,0.0157,9123533.000,2024-07-06 07:23:34.097
BTC,SELL,0.0050,9123533.000,2024-07-06 07:23:34.186
BTC,SELL,0.0050,9123533.000,2024-07-06 07:23:34.674
BTC,SELL,0.0050,9123533.000,2024-07-06 07:23:35.206
BTC,SELL,0.0008,9123533.000,2024-07-06 07:23:42.120
BTC,SELL,0.0007,9119966.000,2024-07-06 07:23:42.120
BTC,SELL,0.0020,9119966.000,2024-07-06 07:23:42.825
BTC,SELL,0.0050,9119966.000,2024-07-06 07:23:43.059
BTC,BUY,0.0005,9119967.000,2024-07-06 07:24:00.668
BTC,BUY,0.0001,9119967.000,2024-07-06 07:24:02.960
BTC,SELL,0.0010,9119966.000,2024-07-06 07:25:14.380
BTC,SELL,0.0025,9119966.000,2024-07-06 07:26:34.730
BTC,SELL,0.0004,9119949.000,2024-07-06 07:26:34.730
BTC,SELL,0.0034,9112536.000,2024-07-06 07:26:40.233
BTC,BUY,0.0030,9120326.000,2024-07-06 07:27:11.616
BTC,BUY,0.0003,9118200.000,2024-07-06 07:30:38.390
BTC,SELL,0.0118,9116742.000,2024-07-06 07:31:25.868
BTC,SELL,0.0001,9115742.000,2024-07-06 07:32:23.870
BTC,SELL,0.0100,9115742.000,2024-07-06 07:32:23.870
BTC,SELL,0.0033,9112200.000,2024-07-06 07:32:23.870
BTC,SELL,0.0234,9110367.000,2024-07-06 07:32:23.870
BTC,BUY,0.0800,9109414.000,2024-07-06 07:33:04.045
BTC,BUY,0.0020,9110738.000,2024-07-06 07:35:18.824
BTC,SELL,0.0002,9117644.000,2024-07-06 07:36:08.318
BTC,SELL,0.0010,9115940.000,2024-07-06 07:36:49.354
BTC,BUY,0.0100,9121987.000,2024-07-06 07:36:54.936
BTC,BUY,0.0035,9122450.000,2024-07-06 07:37:20.894
BTC,BUY,0.1000,9122450.000,2024-07-06 07:37:20.894
BTC,BUY,0.0100,9122958.000,2024-07-06 07:37:49.539
BTC,BUY,0.0005,9122958.000,2024-07-06 07:38:23.091
BTC,BUY,0.0010,9122958.000,2024-07-06 07:39:04.293
BTC,BUY,0.0263,9122451.000,2024-07-06 07:40:18.897
BTC,BUY,0.1000,9122451.000,2024-07-06 07:40:18.897
BTC,SELL,0.0185,9122451.000,2024-07-06 07:40:52.814
BTC,SELL,0.0050,9122451.000,2024-07-06 07:40:53.178
BTC,BUY,0.0137,9122452.000,2024-07-06 07:40:55.026
BTC,BUY,0.0010,9121300.000,2024-07-06 07:41:02.758
BTC,BUY,0.0001,9119000.000,2024-07-06 07:41:47.862
BTC,BUY,0.0030,9118000.000,2024-07-06 07:43:15.456
BTC,SELL,0.0004,9117700.000,2024-07-06 07:44:48.307
BTC,SELL,0.0020,9114302.000,2024-07-06 07:44:53.737
BTC,BUY,0.0015,9115100.000,2024-07-06 07:47:34.374
BTC,BUY,0.0040,9115539.000,2024-07-06 07:51:38.371
BTC,SELL,0.0050,9114500.000,2024-07-06 07:52:18.860
BTC,BUY,0.0010,9117285.000,2024-07-06 07:52:20.286
BTC,SELL,0.0030,9116100.000,2024-07-06 07:52:35.692
BTC,BUY,0.0010,9118000.000,2024-07-06 07:54:52.487
BTC,BUY,0.0050,9117299.000,2024-07-06 07:56:16.452
BTC,BUY,0.0038,9118000.000,2024-07-06 07:56:16.452
BTC,BUY,0.0002,9118000.000,2024-07-06 07:57:13.567
BTC,BUY,0.0004,9121200.000,2024-07-06 07:57:13.567
BTC,BUY,0.0004,9121278.000,2024-07-06 07:57:13.567
BTC,BUY,0.0400,9127540.000,2024-07-06 07:59:19.322
BTC,BUY,0.0050,9127400.000,2024-07-06 07:59:53.745
BTC,BUY,0.0001,9125600.000,2024-07-06 08:00:03.637
BTC,BUY,0.0040,9125938.000,2024-07-06 08:00:13.972
BTC,SELL,0.0010,9121576.000,2024-07-06 08:00:26.541
BTC,BUY,0.0010,9124005.000,2024-07-06 08:00:31.792
BTC,BUY,0.0040,9121577.000,2024-07-06 08:00:46.003
BTC,BUY,0.0002,9121577.000,2024-07-06 08:00:50.359
BTC,BUY,0.0055,9121577.000,2024-07-06 08:01:04.189
BTC,BUY,0.0001,9121577.000,2024-07-06 08:01:05.384
BTC,BUY,0.0001,9121577.000,2024-07-06 08:01:19.061
BTC,BUY,0.0941,9121577.000,2024-07-06 08:01:22.048
BTC,BUY,0.0100,9121577.000,2024-07-06 08:01:22.048
BTC,BUY,0.0335,9121577.000,2024-07-06 08:01:22.048
BTC,BUY,0.0124,9121600.000,2024-07-06 08:01:22.048
BTC,BUY,0.0535,9121645.000,2024-07-06 08:01:22.048
BTC,BUY,0.0974,9121670.000,2024-07-06 08:01:22.048
BTC,BUY,0.3561,9122360.000,2024-07-06 08:01:22.048
BTC,BUY,0.0005,9122890.000,2024-07-06 08:01:31.754
BTC,BUY,0.0110,9122850.000,2024-07-06 08:01:40.242
BTC,BUY,0.0032,9121577.000,2024-07-06 08:02:27.551
BTC,BUY,0.0008,9121577.000,2024-07-06 08:02:27.551
BTC,SELL,0.0007,9121576.000,2024-07-06 08:02:30.121
BTC,SELL,0.0093,9119151.000,2024-07-06 08:02:30.121
BTC,SELL,0.0007,9119151.000,2024-07-06 08:03:11.449
BTC,SELL,0.0016,9118301.000,2024-07-06 08:03:11.449
BTC,SELL,0.0477,9115073.000,2024-07-06 08:03:11.449
BTC,BUY,0.0001,9116300.000,2024-07-06 08:03:41.897
BTC,BUY,0.0010,9116300.000,2024-07-06 08:04:25.731
BTC,SELL,0.0001,9115300.000,2024-07-06 08:05:07.027
BTC,SELL,0.0009,9112065.000,2024-07-06 08:05:07.027
BTC,SELL,0.0420,9112075.000,2024-07-06 08:05:21.225
BTC,BUY,0.0004,9115700.000,2024-07-06 08:05:27.599
BTC,SELL,0.0070,9112343.000,2024-07-06 08:05:27.939
BTC,SELL,0.0050,9111611.000,2024-07-06 08:06:23.486
BTC,SELL,0.0100,9111520.000,2024-07-06 08:06:39.289
BTC,SELL,0.0280,9111500.000,2024-07-06 08:06:44.864
BTC,SELL,0.0030,9111495.000,2024-07-06 08:06:50.418
BTC,BUY,0.0004,9113450.000,2024-07-06 08:06:52.122
BTC,SELL,0.0500,9111310.000,2024-07-06 08:07:12.282
BTC,SELL,0.0100,9111290.000,2024-07-06 08:07:12.282
BTC,SELL,0.0400,9112115.000,2024-07-06 08:07:30.637
BTC,BUY,0.0001,9113496.000,2024-07-06 08:08:09.227
BTC,BUY,0.0011,9113496.000,2024-07-06 08:09:25.768
BTC,BUY,0.0034,9114700.000,2024-07-06 08:10:14.605
BTC,BUY,0.0010,9113950.000,2024-07-06 08:11:27.159
BTC,SELL,0.0050,9113496.000,2024-07-06 08:11:36.472
BTC,BUY,0.0001,9113497.000,2024-07-06 08:11:54.933
BTC,BUY,0.0050,9113497.000,2024-07-06 08:13:33.834
BTC,BUY,0.0003,9113497.000,2024-07-06 08:13:43.224
BTC,BUY,0.0010,9113497.000,2024-07-06 08:14:00.282
BTC,SELL,0.0053,9113496.000,2024-07-06 08:14:18.194
BTC,SELL,0.0010,9113496.000,2024-07-06 08:14:18.194
BTC,SELL,0.0010,9113496.000,2024-07-06 08:14:18.194
BTC,SELL,0.0010,9113496.000,2024-07-06 08:14:18.194
BTC,BUY,0.0100,9113450.000,2024-07-06 08:14:50.446
BTC,BUY,0.0005,9113450.000,2024-07-06 08:15:30.986
BTC,BUY,0.0020,9113200.000,2024-07-06 08:17:14.728
BTC,BUY,0.0020,9113200.000,2024-07-06 08:17:19.090
BTC,SELL,0.0055,9112088.000,2024-07-06 08:19:20.872
BTC,BUY,0.0012,9112050.000,2024-07-06 08:19:22.178
BTC,SELL,0.0041,9112049.000,2024-07-06 08:20:09.888
BTC,SELL,0.0010,9112045.000,2024-07-06 08:20:09.888
BTC,SELL,0.0017,9112000.000,2024-07-06 08:20:09.888
BTC,SELL,0.0100,9111284.000,2024-07-06 08:20:09.888
BTC,SELL,0.0040,9111283.000,2024-07-06 08:20:09.888
BTC,SELL,0.0010,9111000.000,2024-07-06 08:20:09.888
BTC,SELL,0.0010,9111000.000,2024-07-06 08:20:09.888
BTC,SELL,0.0010,9111000.000,2024-07-06 08:20:09.888
BTC,SELL,0.0010,9111000.000,2024-07-06 08:20:09.888
BTC,SELL,0.0010,9111000.000,2024-07-06 08:20:09.888
BTC,SELL,0.0010,9110736.000,2024-07-06 08:20:09.888
BTC,SELL,0.0012,9110419.000,2024-07-06 08:20:09.888
BTC,SELL,0.0010,9110025.000,2024-07-06 08:20:09.888
BTC,SELL,0.0010,9109620.000,2024-07-06 08:20:09.888
BTC,SELL,0.0090,9109600.000,2024-07-06 08:20:09.888
BTC,BUY,0.0038,9112088.000,2024-07-06 08:20:35.957
BTC,BUY,0.0062,9113275.000,2024-07-06 08:20:35.957
BTC,BUY,0.0005,9114700.000,2024-07-06 08:21:56.078
BTC,BUY,0.0005,9114700.000,2024-07-06 08:22:53.340
BTC,BUY,0.0005,9124368.000,2024-07-06 08:22:58.724
BTC,SELL,0.0001,9120973.000,2024-07-06 08:23:26.028
BTC,BUY,0.0095,9124902.000,2024-07-06 08:24:40.066
BTC,BUY,0.0005,9124903.000,2024-07-06 08:24:40.066
BTC,BUY,0.0010,9128405.000,2024-07-06 08:24:52.038
BTC,BUY,0.0001,9125660.000,2024-07-06 08:25:31.761
BTC,BUY,0.0011,9124800.000,2024-07-06 08:25:53.412
BTC,SELL,0.0050,9120973.000,2024-07-06 08:26:44.891
BTC,SELL,0.0050,9118644.000,2024-07-06 08:26:45.381
BTC,SELL,0.0001,9117938.000,2024-07-06 08:26:48.060
BTC,BUY,0.0025,9121191.000,2024-07-06 08:26:56.078
BTC,BUY,0.0001,9120306.000,2024-07-06 08:27:27.061
BTC,BUY,0.0100,9121168.000,2024-07-06 08:27:37.700
BTC,BUY,0.0100,9121408.000,2024-07-06 08:27:54.508
BTC,BUY,0.0010,9120869.000,2024-07-06 08:28:02.279
BTC,BUY,0.0010,9121149.000,2024-07-06 08:28:22.476
BTC,BUY,0.0050,9122622.000,2024-07-06 08:29:42.522
BTC,SELL,0.0011,9121149.000,2024-07-06 08:31:19.369
BTC,SELL,0.0010,9120000.000,2024-07-06 08:31:19.369
BTC,SELL,0.0001,9120000.000,2024-07-06 08:31:19.369
BTC,SELL,0.0028,9115000.000,2024-07-06 08:31:19.369
BTC,BUY,0.0002,9115496.000,2024-07-06 08:31:28.332
BTC,BUY,0.0020,9118710.000,2024-07-06 08:32:12.945
BTC,BUY,0.0003,9118710.000,2024-07-06 08:33:06.843
BTC,BUY,0.0472,9119331.000,2024-07-06 08:33:06.843
BTC,BUY,0.0051,9120594.000,2024-07-06 08:33:06.843
BTC,BUY,0.0050,9122699.000,2024-07-06 08:33:06.843
BTC,BUY,0.0300,9122900.000,2024-07-06 08:33:06.843
BTC,BUY,0.0124,9123255.000,2024-07-06 08:33:06.843
BTC,BUY,0.0100,9124378.000,2024-07-06 08:35:03.993
BTC,SELL,0.0050,9128404.000,2024-07-06 08:35:45.711
BTC,SELL,0.0050,9128600.000,2024-07-06 08:36:04.626
BTC,BUY,0.0003,9130000.000,2024-07-06 08:37:01.541
BTC,BUY,0.0020,9130000.000,2024-07-06 08:37:01.541
BTC,BUY,0.0027,9130000.000,2024-07-06 08:37:01.541
BTC,BUY,0.0002,9130000.000,2024-07-06 08:37:09.883
BTC,SELL,0.0050,9125200.000,2024-07-06 08:39:03.260
BTC,SELL,0.0050,9122114.000,2024-07-06 08:39:03.795
BTC,SELL,0.0003,9117854.000,2024-07-06 08:39:37.119
BTC,BUY,0.0003,9123488.000,2024-07-06 08:39:52.432
BTC,BUY,0.0003,9123488.000,2024-07-06 08:40:06.228
BTC,BUY,0.0001,9120000.000,2024-07-06 08:40:44.313
BTC,BUY,0.0010,9120000.000,2024-07-06 08:41:22.322
BTC,BUY,0.0010,9120000.000,2024-07-06 08:41:32.360
BTC,SELL,0.0479,9119527.000,2024-07-06 08:41:39.610
BTC,BUY,0.0003,9124999.000,2024-07-06 08:42:33.396
BTC,BUY,0.0030,9124999.000,2024-07-06 08:43:25.576
BTC,BUY,0.0010,9122159.000,2024-07-06 08:45:32.411
BTC,SELL,0.0002,9120000.000,2024-07-06 08:45:57.754
BTC,SELL,0.0001,9119527.000,2024-07-06 08:45:57.754
BTC,SELL,0.0021,9113526.000,2024-07-06 08:45:57.754
BTC,SELL,0.0050,9112327.000,2024-07-06 08:45:57.754
BTC,SELL,0.0226,9111488.000,2024-07-06 08:45:57.754
BTC,SELL,0.0005,9110143.000,2024-07-06 08:47:47.578
BTC,BUY,0.0011,9112558.000,2024-07-06 08:49:38.926
BTC,SELL,0.0550,9112550.000,2024-07-06 08:53:56.712
BTC,SELL,0.0072,9110000.000,2024-07-06 08:53:56.712
BTC,SELL,0.0100,9109702.000,2024-07-06 08:53:56.712
BTC,SELL,0.0011,9109693.000,2024-07-06 08:53:56.712
BTC,SELL,0.0267,9108918.000,2024-07-06 08:53:56.712
BTC,SELL,0.1000,9109000.000,2024-07-06 08:54:11.670
BTC,BUY,0.0010,9112551.000,2024-07-06 08:54:42.283
BTC,BUY,0.0010,9112551.000,2024-07-06 08:54:52.315
BTC,SELL,0.0002,9109080.000,2024-07-06 08:56:13.421
BTC,SELL,0.0100,9109950.000,2024-07-06 08:56:47.478
BTC,BUY,0.0100,9118236.000,2024-07-06 08:58:06.151
BTC,BUY,0.0010,9117850.000,2024-07-06 09:00:26.335
BTC,BUY,0.0002,9118808.000,2024-07-06 09:01:13.798
BTC,BUY,0.0002,9116950.000,2024-07-06 09:01:59.070
BTC,BUY,0.0005,9115850.000,2024-07-06 09:02:10.015
BTC,BUY,0.0002,9115600.000,2024-07-06 09:02:31.034
BTC,BUY,0.0013,9115959.000,2024-07-06 09:02:57.297
BTC,BUY,0.0020,9118350.000,2024-07-06 09:04:31.568
BTC,BUY,0.0219,9116300.000,2024-07-06 09:04:57.693
BTC,SELL,0.0003,9114650.000,2024-07-06 09:05:13.243
BTC,SELL,0.0018,9114650.000,2024-07-06 09:05:17.744
BTC,BUY,0.0003,9114651.000,2024-07-06 09:05:36.648
BTC,SELL,0.0479,9113850.000,2024-07-06 09:06:45.236
BTC,SELL,0.0221,9108930.000,2024-07-06 09:06:45.236
BTC,BUY,0.0055,9114400.000,2024-07-06 09:07:06.011
BTC,BUY,0.0003,9110836.000,2024-07-06 09:07:31.122
BTC,BUY,0.0010,9113114.000,2024-07-06 09:07:36.915
BTC,SELL,0.0060,9110000.000,2024-07-06 09:07:55.741
BTC,SELL,0.0002,9110500.000,2024-07-06 09:08:44.456
BTC,BUY,0.0010,9114886.000,2024-07-06 09:10:55.804
BTC,BUY,0.0010,9115715.000,2024-07-06 09:11:06.577
BTC,BUY,0.0010,9115709.000,2024-07-06 09:11:16.946
BTC,BUY,0.0010,9115650.000,2024-07-06 09:11:25.044
BTC,BUY,0.0020,9115600.000,2024-07-06 09:11:32.684
BTC,BUY,0.0020,9115600.000,2024-07-06 09:11:40.195
BTC,BUY,0.0022,9114400.000,2024-07-06 09:13:45.704
BTC,BUY,0.0005,9115650.000,2024-07-06 09:14:06.286
BTC,BUY,0.0022,9112750.000,2024-07-06 09:14:57.369
BTC,SELL,0.0006,9109000.000,2024-07-06 09:15:45.565
BTC,BUY,0.0005,9111800.000,2024-07-06 09:16:39.901
BTC,SELL,0.0001,9108914.000,2024-07-06 09:17:26.462
BTC,SELL,0.0013,9108914.000,2024-07-06 09:17:32.254
BTC,SELL,0.0013,9108914.000,2024-07-06 09:17:37.733
BTC,BUY,0.0004,9110847.000,2024-07-06 09:18:24.666
BTC,BUY,0.0010,9110700.000,2024-07-06 09:19:23.014
BTC,BUY,0.0007,9110700.000,2024-07-06 09:19:46.534
BTC,BUY,0.0003,9110650.000,2024-07-06 09:20:11.831
BTC,BUY,0.0001,9110650.000,2024-07-06 09:20:20.738
BTC,SELL,0.0010,9108915.000,2024-07-06 09:20:28.707
BTC,SELL,0.0037,9108914.000,2024-07-06 09:20:32.864
BTC,SELL,0.0001,9108914.000,2024-07-06 09:20:37.098
BTC,SELL,0.0016,9108914.000,2024-07-06 09:20:43.114
BTC,SELL,0.0019,9108914.000,2024-07-06 09:20:52.594
BTC,BUY,0.0020,9108798.000,2024-07-06 09:21:36.130
BTC,BUY,0.0001,9108798.000,2024-07-06 09:22:01.637
BTC,SELL,0.0010,9108797.000,2024-07-06 09:23:17.786
BTC,SELL,0.0010,9106352.000,2024-07-06 09:23:17.786
BTC,BUY,0.0025,9107807.000,2024-07-06 09:24:24.391
BTC,BUY,0.0012,9108349.000,2024-07-06 09:27:09.114
BTC,SELL,0.0013,9108369.000,2024-07-06 09:28:26.771
BTC,SELL,0.0052,9106000.000,2024-07-06 09:28:26.771
BTC,BUY,0.0200,9108200.000,2024-07-06 09:29:31.192
BTC,BUY,0.0200,9108200.000,2024-07-06 09:30:34.940
BTC,BUY,0.0001,9108200.000,2024-07-06 09:31:15.343
BTC,BUY,0.0002,9107749.000,2024-07-06 09:33:28.491
BTC,BUY,0.0043,9106950.000,2024-07-06 09:34:22.183
BTC,SELL,0.0048,9106000.000,2024-07-06 09:35:29.660
BTC,SELL,0.0004,9105000.000,2024-07-06 09:35:29.660
BTC,SELL,0.0002,9105000.000,2024-07-06 09:35:29.660
BTC,SELL,0.0110,9104368.000,2024-07-06 09:35:29.660
BTC,SELL,0.0396,9101176.000,2024-07-06 09:35:29.660
BTC,BUY,0.0002,9105900.000,2024-07-06 09:36:36.510
BTC,BUY,0.0005,9106450.000,2024-07-06 09:37:59.199
BTC,BUY,0.0003,9108000.000,2024-07-06 09:38:52.205
BTC,BUY,0.0001,9107700.000,2024-07-06 09:39:26.284
BTC,SELL,0.0011,9103346.000,2024-07-06 09:39:55.440
BTC,BUY,0.0005,9106800.000,2024-07-06 09:41:18.975
BTC,BUY,0.0100,9110000.000,2024-07-06 09:43:37.369
BTC,BUY,0.0002,9119850.000,2024-07-06 09:45:03.400
BTC,BUY,0.0400,9119050.000,2024-07-06 09:45:34.697
BTC,BUY,0.0090,9116400.000,2024-07-06 09:46:21.280
BTC,BUY,0.0015,9116465.000,2024-07-06 09:47:00.878
BTC,BUY,0.0004,9116565.000,2024-07-06 09:47:36.349
BTC,BUY,0.0010,9118484.000,2024-07-06 09:50:19.626
BTC,BUY,0.0005,9118328.000,2024-07-06 09:50:56.347
BTC,BUY,0.0001,9126400.000,2024-07-06 09:51:53.992
BTC,SELL,0.0020,9127851.000,2024-07-06 09:52:54.451
BTC,SELL,0.0100,9126202.000,2024-07-06 09:52:54.451
BTC,SELL,0.0100,9126201.000,2024-07-06 09:52:54.451
BTC,SELL,0.0234,9124371.000,2024-07-06 09:52:54.451
BTC,BUY,0.0100,9129999.000,2024-07-06 09:53:42.711
BTC,BUY,0.3900,9130000.000,2024-07-06 09:53:42.711
BTC,BUY,0.0050,9130000.000,2024-07-06 09:53:42.769
BTC,BUY,0.0200,9130000.000,2024-07-06 09:53:42.771
BTC,BUY,0.0111,9130000.000,2024-07-06 09:53:42.972
BTC,BUY,0.1000,9130000.000,2024-07-06 09:53:43.163
BTC,BUY,0.0050,9130000.000,2024-07-06 09:53:43.279
BTC,BUY,0.0400,9130000.000,2024-07-06 09:53:43.422
BTC,BUY,0.1000,9130000.000,2024-07-06 09:53:43.666
BTC,BUY,0.0050,9130000.000,2024-07-06 09:53:43.739
BTC,BUY,0.0147,9130000.000,2024-07-06 09:53:43.899
BTC,BUY,0.0200,9130000.000,2024-07-06 09:53:44.268
BTC,BUY,0.1000,9130000.000,2024-07-06 09:53:44.635
BTC,BUY,0.0050,9130000.000,2024-07-06 09:53:44.744
BTC,BUY,0.0095,9130000.000,2024-07-06 09:53:44.921
BTC,BUY,0.0050,9130000.000,2024-07-06 09:53:45.305
BTC,BUY,0.0100,9130000.000,2024-07-06 09:53:45.746
BTC,BUY,0.0200,9130000.000,2024-07-06 09:53:45.748
BTC,BUY,0.0100,9130000.000,2024-07-06 09:53:46.260
BTC,BUY,0.0050,9130000.000,2024-07-06 09:53:46.289
BTC,BUY,0.0010,9130000.000,2024-07-06 09:53:46.329
BTC,BUY,0.1000,9130000.000,2024-07-06 09:53:46.749
BTC,BUY,0.0100,9130000.000,2024-07-06 09:53:46.751
BTC,BUY,0.0108,9130000.000,2024-07-06 09:53:46.902
BTC,BUY,0.0002,9131725.000,2024-07-06 09:53:47.505
BTC,BUY,0.0002,9131725.000,2024-07-06 09:53:47.708
BTC,BUY,0.0050,9132841.000,2024-07-06 09:53:49.305
BTC,BUY,0.0050,9132841.000,2024-07-06 09:53:49.320
BTC,BUY,0.0050,9132841.000,2024-07-06 09:53:49.828
BTC,BUY,0.0002,9132841.000,2024-07-06 09:53:52.775
BTC,BUY,0.0008,9133365.000,2024-07-06 09:53:52.775
BTC,BUY,0.0050,9133365.000,2024-07-06 09:53:53.619
BTC,BUY,0.0050,9133365.000,2024-07-06 09:53:53.896
BTC,BUY,0.0050,9133544.000,2024-07-06 09:53:54.899
BTC,BUY,0.0002,9133564.000,2024-07-06 09:54:36.748
BTC,BUY,0.0002,9135000.000,2024-07-06 09:54:42.244
BTC,BUY,0.0011,9135609.000,2024-07-06 09:54:42.244
BTC,BUY,0.0360,9135609.000,2024-07-06 09:54:44.285
BTC,SELL,0.0050,9135500.000,2024-07-06 09:56:33.191
BTC,BUY,0.0010,9135609.000,2024-07-06 09:58:45.075
BTC,SELL,0.0100,9135608.000,2024-07-06 09:58:46.141
BTC,BUY,0.0100,9136875.000,2024-07-06 09:58:49.075
BTC,BUY,0.0100,9136875.000,2024-07-06 09:58:50.170
BTC,BUY,0.0003,9140000.000,2024-07-06 09:59:00.416
BTC,BUY,0.0017,9145428.000,2024-07-06 09:59:00.416
BTC,SELL,0.0010,9145040.000,2024-07-06 09:59:02.924
BTC,BUY,0.0010,9145298.000,2024-07-06 09:59:06.929
BTC,BUY,0.0700,9148698.000,2024-07-06 09:59:16.266
BTC,BUY,0.0407,9149014.000,2024-07-06 09:59:16.266
BTC,BUY,0.0200,9150000.000,2024-07-06 09:59:16.266
BTC,BUY,0.0003,9150000.000,2024-07-06 09:59:16.266
BTC,BUY,0.0002,9150000.000,2024-07-06 09:59:16.266
BTC,BUY,0.0100,9150000.000,2024-07-06 09:59:16.266
BTC,BUY,0.0079,9150000.000,2024-07-06 09:59:16.266
BTC,BUY,0.0001,9150000.000,2024-07-06 09:59:16.266
BTC,BUY,0.5508,9150000.000,2024-07-06 09:59:16.266
BTC,BUY,0.1000,9149950.000,2024-07-06 09:59:21.645
BTC,BUY,0.0050,9149950.000,2024-07-06 09:59:42.432
BTC,BUY,0.0500,9149950.000,2024-07-06 09:59:49.579
BTC,BUY,0.0010,9149950.000,2024-07-06 09:59:51.424
BTC,SELL,0.0025,9148240.000,2024-07-06 09:59:54.718
BTC,SELL,0.0075,9148220.000,2024-07-06 09:59:54.718
BTC,BUY,0.0033,9144350.000,2024-07-06 10:01:00.622
BTC,BUY,0.0010,9142200.000,2024-07-06 10:01:22.389
BTC,BUY,0.0010,9142531.000,2024-07-06 10:01:42.305
BTC,BUY,0.0011,9143973.000,2024-07-06 10:01:45.841
BTC,BUY,0.0010,9145627.000,2024-07-06 10:01:52.335
BTC,BUY,0.0010,9144500.000,2024-07-06 10:02:14.502
BTC,BUY,0.0200,9148198.000,2024-07-06 10:03:03.167
BTC,BUY,0.0060,9149999.000,2024-07-06 10:03:20.098
BTC,SELL,0.0100,9149998.000,2024-07-06 10:03:28.799
BTC,SELL,0.0700,9149998.000,2024-07-06 10:03:28.799
BTC,SELL,0.0300,9149998.000,2024-07-06 10:03:28.799
BTC,SELL,0.0941,9149998.000,2024-07-06 10:03:28.799
BTC,SELL,0.1000,9149998.000,2024-07-06 10:03:28.799
BTC,SELL,0.1000,9149998.000,2024-07-06 10:03:28.799
BTC,SELL,0.0700,9149997.000,2024-07-06 10:03:39.412
BTC,BUY,0.0110,9149997.000,2024-07-06 10:03:55.997
BTC,SELL,0.0090,9149996.000,2024-07-06 10:04:12.062
BTC,SELL,0.0700,9149996.000,2024-07-06 10:04:12.062
BTC,SELL,0.1000,9149996.000,2024-07-06 10:04:12.062
BTC,SELL,0.1000,9149996.000,2024-07-06 10:04:12.062
BTC,BUY,0.0021,9148928.000,2024-07-06 10:04:37.067
BTC,BUY,0.0005,9148928.000,2024-07-06 10:05:02.297
BTC,BUY,0.0022,9148928.000,2024-07-06 10:05:04.193
BTC,BUY,0.0010,9148928.000,2024-07-06 10:05:18.131
BTC,BUY,0.0010,9148928.000,2024-07-06 10:05:22.370
BTC,BUY,0.0032,9148928.000,2024-07-06 10:05:35.474
BTC,BUY,0.0068,9149799.000,2024-07-06 10:05:35.474
BTC,SELL,0.0125,9148960.000,2024-07-06 10:05:36.209
BTC,SELL,0.0100,9148928.000,2024-07-06 10:05:36.209
BTC,SELL,0.0126,9148927.000,2024-07-06 10:05:36.209
BTC,SELL,0.0100,9148927.000,2024-07-06 10:05:36.209
BTC,SELL,0.0700,9148927.000,2024-07-06 10:05:36.209
