symbol,side,size,price,timestamp
ETH,BUY,0.2000,545201.000,2024-07-16 21:01:07.734
ETH,BUY,0.1202,545263.000,2024-07-16 21:01:45.956
ETH,BUY,0.0100,545337.000,2024-07-16 21:01:56.985
ETH,BUY,0.0900,545343.000,2024-07-16 21:01:56.985
ETH,BUY,0.0100,545084.000,2024-07-16 21:02:26.992
ETH,BUY,0.0100,545083.000,2024-07-16 21:02:28.181
ETH,BUY,0.0171,545088.000,2024-07-16 21:02:28.181
ETH,BUY,0.0120,545082.000,2024-07-16 21:02:30.174
ETH,BUY,0.5000,545087.000,2024-07-16 21:02:30.695
ETH,BUY,0.0638,545087.000,2024-07-16 21:02:31.750
ETH,BUY,1.0000,545087.000,2024-07-16 21:02:32.982
ETH,BUY,0.0420,545420.000,2024-07-16 21:02:35.962
ETH,BUY,0.0200,545421.000,2024-07-16 21:07:24.887
ETH,BUY,0.5938,545421.000,2024-07-16 21:07:24.887
ETH,BUY,0.1202,545421.000,2024-07-16 21:07:24.887
ETH,BUY,0.0450,545421.000,2024-07-16 21:07:24.887
ETH,BUY,0.0210,545425.000,2024-07-16 21:07:24.887
ETH,BUY,0.0194,545425.000,2024-07-16 21:07:25.114
ETH,SELL,0.7266,545420.000,2024-07-16 21:07:25.132
ETH,SELL,0.2734,545420.000,2024-07-16 21:07:33.496
ETH,SELL,0.5000,545062.000,2024-07-16 21:09:09.477
ETH,SELL,0.0863,545062.000,2024-07-16 21:09:37.316
ETH,SELL,0.0120,545000.000,2024-07-16 21:10:15.749
ETH,SELL,0.0099,545000.000,2024-07-16 21:10:15.749
ETH,SELL,0.0001,545000.000,2024-07-16 21:10:16.168
ETH,SELL,0.0220,544428.000,2024-07-16 21:10:17.043
ETH,SELL,0.0680,544428.000,2024-07-16 21:11:44.140
ETH,SELL,0.0200,544420.000,2024-07-16 21:11:45.360
ETH,SELL,0.0200,543699.000,2024-07-16 21:11:46.342
ETH,SELL,0.4900,543699.000,2024-07-16 21:11:48.696
ETH,BUY,0.0130,543466.000,2024-07-16 21:11:56.495
ETH,BUY,0.0100,543512.000,2024-07-16 21:11:56.495
ETH,BUY,0.0969,543699.000,2024-07-16 21:11:56.495
ETH,BUY,0.0230,543866.000,2024-07-16 21:12:07.559
ETH,BUY,0.0994,543442.000,2024-07-16 21:13:26.887
ETH,SELL,0.1700,543860.000,2024-07-16 21:15:54.399
ETH,SELL,0.8300,543860.000,2024-07-16 21:15:54.399
ETH,BUY,0.4100,544405.000,2024-07-16 21:17:08.953
ETH,BUY,0.1050,544440.000,2024-07-16 21:18:12.980
ETH,BUY,0.0270,544440.000,2024-07-16 21:18:20.969
ETH,BUY,0.0002,544440.000,2024-07-16 21:18:24.299
ETH,BUY,0.0500,544500.000,2024-07-16 21:18:24.299
ETH,BUY,0.1498,544882.000,2024-07-16 21:18:24.299
ETH,SELL,0.2900,544868.000,2024-07-16 21:20:20.346
ETH,SELL,1.5500,544866.000,2024-07-16 21:20:20.346
ETH,SELL,1.1293,544768.000,2024-07-16 21:20:20.346
ETH,SELL,0.5944,544622.000,2024-07-16 21:20:20.346
ETH,SELL,0.4363,544621.000,2024-07-16 21:20:20.346
ETH,SELL,0.0100,544882.000,2024-07-16 21:21:36.045
ETH,SELL,1.0000,544868.000,2024-07-16 21:22:56.296
ETH,BUY,0.0100,545118.000,2024-07-16 21:23:11.539
ETH,BUY,0.1000,545027.000,2024-07-16 21:23:19.628
ETH,SELL,0.5942,544722.000,2024-07-16 21:26:16.409
ETH,BUY,0.0100,544791.000,2024-07-16 21:27:44.520
ETH,BUY,0.0500,544869.000,2024-07-16 21:27:44.520
ETH,BUY,0.0200,544869.000,2024-07-16 21:27:46.436
ETH,BUY,0.0867,544839.000,2024-07-16 21:31:42.343
ETH,BUY,0.0412,544869.000,2024-07-16 21:31:42.343
ETH,BUY,0.0209,544869.000,2024-07-16 21:31:45.974
ETH,BUY,0.0658,545030.000,2024-07-16 21:31:45.974
ETH,SELL,0.7278,544733.000,2024-07-16 21:41:23.113
ETH,BUY,0.1322,544776.000,2024-07-16 21:43:07.696
ETH,BUY,0.0100,545020.000,2024-07-16 21:43:32.235
ETH,SELL,0.0190,545025.000,2024-07-16 21:43:37.422
ETH,BUY,0.6066,545092.000,2024-07-16 21:43:40.112
ETH,BUY,0.6066,545104.000,2024-07-16 21:43:49.320
ETH,BUY,0.6256,545105.000,2024-07-16 21:43:49.320
ETH,SELL,0.7278,544825.000,2024-07-16 21:44:06.994
ETH,BUY,0.0596,545180.000,2024-07-16 21:47:21.838
ETH,BUY,1.0000,545184.000,2024-07-16 21:47:21.838
ETH,BUY,0.3904,545372.000,2024-07-16 21:47:21.838
ETH,BUY,0.0164,545386.000,2024-07-16 21:47:40.581
ETH,BUY,0.1536,545465.000,2024-07-16 21:47:40.581
ETH,BUY,0.0164,545475.000,2024-07-16 21:47:44.559
ETH,BUY,0.0100,545475.000,2024-07-16 21:47:50.728
ETH,BUY,0.5000,545560.000,2024-07-16 21:49:49.518
ETH,SELL,0.7268,545410.000,2024-07-16 21:50:32.492
ETH,SELL,0.7270,544992.000,2024-07-16 21:52:40.970
ETH,BUY,0.1000,544830.000,2024-07-16 21:54:09.065
ETH,SELL,0.1000,544500.000,2024-07-16 21:59:48.206
ETH,SELL,0.0999,544480.000,2024-07-16 21:59:48.206
ETH,SELL,1.0000,544527.000,2024-07-16 21:59:51.426
ETH,SELL,0.6066,543961.000,2024-07-16 21:59:51.426
ETH,SELL,0.0234,543961.000,2024-07-16 21:59:51.426
ETH,SELL,0.0100,544445.000,2024-07-16 22:02:21.838
ETH,SELL,0.0869,544587.000,2024-07-16 22:03:18.671
ETH,BUY,0.2000,544565.000,2024-07-16 22:03:26.323
ETH,BUY,0.2002,544402.000,2024-07-16 22:04:17.814
ETH,SELL,0.0147,544266.000,2024-07-16 22:05:31.982
ETH,SELL,0.6074,544201.000,2024-07-16 22:05:32.767
ETH,BUY,0.0910,543487.000,2024-07-16 22:08:25.376
ETH,SELL,0.0100,543442.000,2024-07-16 22:08:27.057
ETH,SELL,0.1000,543000.000,2024-07-16 22:08:34.694
ETH,SELL,0.0370,542700.000,2024-07-16 22:08:37.870
ETH,BUY,0.3520,542498.000,2024-07-16 22:08:52.715
ETH,SELL,0.5000,542748.000,2024-07-16 22:09:28.739
ETH,BUY,0.0500,542235.000,2024-07-16 22:09:52.682
ETH,SELL,0.0100,542000.000,2024-07-16 22:10:07.455
ETH,BUY,0.0352,541886.000,2024-07-16 22:13:05.339
ETH,BUY,0.1648,542269.000,2024-07-16 22:13:11.563
ETH,BUY,0.0100,542405.000,2024-07-16 22:13:58.137
ETH,BUY,0.0100,543088.000,2024-07-16 22:16:59.188
ETH,SELL,1.0000,543086.000,2024-07-16 22:16:59.645
ETH,SELL,0.8200,543054.000,2024-07-16 22:16:59.645
ETH,SELL,0.1800,543052.000,2024-07-16 22:16:59.645
ETH,BUY,0.0100,543329.000,2024-07-16 22:20:31.767
ETH,BUY,0.0200,543335.000,2024-07-16 22:20:31.767
ETH,BUY,0.0700,543338.000,2024-07-16 22:20:31.767
ETH,BUY,0.0200,543340.000,2024-07-16 22:20:35.424
ETH,SELL,0.0190,543100.000,2024-07-16 22:22:24.575
ETH,SELL,0.9810,543041.000,2024-07-16 22:22:24.575
ETH,SELL,0.0200,542623.000,2024-07-16 22:23:23.460
ETH,SELL,0.2500,542483.000,2024-07-16 22:24:43.291
ETH,SELL,0.0300,542483.000,2024-07-16 22:24:43.291
ETH,SELL,0.0192,542483.000,2024-07-16 22:24:43.291
ETH,BUY,0.0115,542798.000,2024-07-16 22:26:50.574
ETH,SELL,1.0000,542620.000,2024-07-16 22:27:34.006
ETH,SELL,0.5000,541967.000,2024-07-16 22:28:04.834
ETH,SELL,0.0100,541561.000,2024-07-16 22:28:29.596
ETH,SELL,0.0108,541814.000,2024-07-16 22:28:46.943
ETH,SELL,1.0000,541730.000,2024-07-16 22:29:19.094
ETH,BUY,0.0170,542147.000,2024-07-16 22:31:43.391
ETH,BUY,0.1000,542349.000,2024-07-16 22:34:19.986
ETH,BUY,0.0100,542327.000,2024-07-16 22:35:03.709
ETH,BUY,0.0135,541759.000,2024-07-16 22:37:26.961
ETH,BUY,0.9865,541765.000,2024-07-16 22:37:26.961
ETH,BUY,0.0135,541776.000,2024-07-16 22:37:29.000
ETH,BUY,0.2000,541773.000,2024-07-16 22:37:31.878
ETH,BUY,0.0100,541773.000,2024-07-16 22:38:47.502
ETH,BUY,0.0244,541950.000,2024-07-16 22:38:47.502
ETH,BUY,0.0100,541988.000,2024-07-16 22:38:49.068
ETH,BUY,0.0177,541993.000,2024-07-16 22:38:49.068
ETH,BUY,0.1000,542198.000,2024-07-16 22:41:18.352
ETH,BUY,0.0100,542615.000,2024-07-16 22:45:47.685
ETH,BUY,0.0900,542638.000,2024-07-16 22:45:47.685
ETH,BUY,0.0200,542740.000,2024-07-16 22:45:51.011
ETH,SELL,0.1091,542601.000,2024-07-16 22:46:42.784
ETH,SELL,0.1197,542600.000,2024-07-16 22:46:42.784
ETH,SELL,0.5000,543250.000,2024-07-16 22:52:10.583
ETH,BUY,0.0100,543337.000,2024-07-16 22:53:07.728
ETH,BUY,1.0000,543251.000,2024-07-16 22:55:58.846
ETH,BUY,0.1325,543319.000,2024-07-16 22:55:58.846
ETH,BUY,0.1478,543340.000,2024-07-16 22:55:58.846
ETH,BUY,0.0200,543374.000,2024-07-16 22:57:52.474
ETH,SELL,0.7299,543402.000,2024-07-16 22:58:19.014
ETH,BUY,0.0100,543346.000,2024-07-16 23:03:51.937
ETH,BUY,0.2400,543572.000,2024-07-16 23:03:51.937
ETH,BUY,0.0200,543579.000,2024-07-16 23:03:54.963
ETH,SELL,0.7293,543340.000,2024-07-16 23:05:44.671
ETH,SELL,0.6500,543340.000,2024-07-16 23:05:44.854
ETH,SELL,0.0100,543340.000,2024-07-16 23:05:45.100
ETH,SELL,0.7293,543340.000,2024-07-16 23:05:46.643
ETH,SELL,0.7294,543340.000,2024-07-16 23:05:50.285
ETH,SELL,0.7294,543340.000,2024-07-16 23:05:59.229
ETH,BUY,1.0000,544347.000,2024-07-16 23:14:15.782
ETH,BUY,1.0000,544675.000,2024-07-16 23:14:15.782
ETH,BUY,1.4334,544763.000,2024-07-16 23:14:15.782
ETH,BUY,1.3994,544781.000,2024-07-16 23:14:15.782
ETH,BUY,0.0453,544966.000,2024-07-16 23:14:15.782
ETH,BUY,0.0453,545025.000,2024-07-16 23:14:18.427
ETH,SELL,0.6216,545000.000,2024-07-16 23:15:20.190
ETH,SELL,0.0901,545070.000,2024-07-16 23:15:45.428
ETH,SELL,0.0099,545067.000,2024-07-16 23:15:45.428
ETH,BUY,0.0100,545263.000,2024-07-16 23:16:38.396
ETH,BUY,0.0100,545419.000,2024-07-16 23:17:02.418
ETH,BUY,0.0429,545444.000,2024-07-16 23:17:02.418
ETH,BUY,0.5882,545482.000,2024-07-16 23:17:02.418
ETH,BUY,1.0000,545720.000,2024-07-16 23:17:02.418
ETH,BUY,0.3589,545751.000,2024-07-16 23:17:02.418
ETH,BUY,0.0529,545552.000,2024-07-16 23:17:05.924
ETH,BUY,0.0370,545552.000,2024-07-16 23:19:40.544
ETH,BUY,0.2930,545552.000,2024-07-16 23:19:40.669
ETH,BUY,0.0100,545567.000,2024-07-16 23:19:40.669
ETH,BUY,0.0270,545978.000,2024-07-16 23:19:40.669
ETH,BUY,0.0100,545978.000,2024-07-16 23:19:40.814
ETH,BUY,0.1500,545665.000,2024-07-16 23:20:52.476
ETH,BUY,0.0105,545386.000,2024-07-16 23:21:25.744
ETH,BUY,0.1000,545673.000,2024-07-16 23:29:11.805
ETH,BUY,0.5526,545793.000,2024-07-16 23:29:23.200
ETH,BUY,0.0105,545900.000,2024-07-16 23:29:43.734
ETH,BUY,0.9895,545900.000,2024-07-16 23:29:45.135
ETH,BUY,0.0103,546000.000,2024-07-16 23:29:45.135
ETH,BUY,0.2087,546000.000,2024-07-16 23:29:46.628
ETH,BUY,0.5496,546000.000,2024-07-16 23:29:47.322
ETH,BUY,0.0100,545994.000,2024-07-16 23:29:48.155
ETH,BUY,0.1900,546000.000,2024-07-16 23:29:48.155
ETH,BUY,0.0414,546000.000,2024-07-16 23:29:48.278
ETH,BUY,0.0438,546200.000,2024-07-16 23:29:48.489
ETH,BUY,0.2000,546200.000,2024-07-16 23:29:48.681
ETH,BUY,0.1557,546200.000,2024-07-16 23:29:48.683
ETH,BUY,0.2000,546200.000,2024-07-16 23:29:48.921
ETH,BUY,0.1000,546200.000,2024-07-16 23:29:48.922
ETH,BUY,0.1000,546200.000,2024-07-16 23:29:49.003
ETH,BUY,0.1597,546200.000,2024-07-16 23:29:50.279
ETH,BUY,0.0408,546200.000,2024-07-16 23:29:50.352
ETH,BUY,0.0568,546580.000,2024-07-16 23:29:50.352
ETH,BUY,0.0513,546581.000,2024-07-16 23:29:50.352
ETH,BUY,0.0511,546851.000,2024-07-16 23:29:50.352
ETH,BUY,0.0105,546851.000,2024-07-16 23:29:50.649
ETH,BUY,0.0100,546845.000,2024-07-16 23:29:51.514
ETH,BUY,0.0338,546851.000,2024-07-16 23:29:51.514
ETH,BUY,0.1557,546851.000,2024-07-16 23:29:51.668
ETH,BUY,0.0200,547310.000,2024-07-16 23:29:53.509
ETH,SELL,0.2000,547221.000,2024-07-16 23:29:54.918
ETH,BUY,1.0000,547222.000,2024-07-16 23:29:56.390
ETH,BUY,1.0000,547489.000,2024-07-16 23:29:56.390
ETH,BUY,1.7000,547548.000,2024-07-16 23:29:56.390
ETH,SELL,0.2000,547221.000,2024-07-16 23:29:56.657
ETH,SELL,0.2000,547101.000,2024-07-16 23:29:59.437
ETH,BUY,0.0668,546956.000,2024-07-16 23:30:00.111
ETH,SELL,0.2000,546788.000,2024-07-16 23:30:03.101
ETH,SELL,0.0200,547152.000,2024-07-16 23:31:28.441
ETH,SELL,0.0800,547061.000,2024-07-16 23:31:28.441
ETH,SELL,0.0999,547061.000,2024-07-16 23:31:28.667
ETH,SELL,0.4000,547000.000,2024-07-16 23:31:37.174
ETH,SELL,0.1000,547000.000,2024-07-16 23:31:37.310
ETH,SELL,0.0200,547000.000,2024-07-16 23:31:48.436
ETH,SELL,0.0139,547000.000,2024-07-16 23:31:53.463
ETH,SELL,0.0221,547000.000,2024-07-16 23:31:55.120
ETH,SELL,0.0199,547000.000,2024-07-16 23:31:56.726
ETH,SELL,0.0230,547000.000,2024-07-16 23:32:00.550
ETH,BUY,0.6040,546957.000,2024-07-16 23:32:12.725
ETH,BUY,0.6992,546957.000,2024-07-16 23:32:12.725
ETH,BUY,0.0493,546966.000,2024-07-16 23:32:12.725
ETH,BUY,0.1800,547025.000,2024-07-16 23:32:12.725
ETH,BUY,1.0675,547027.000,2024-07-16 23:32:12.725
ETH,BUY,0.1000,547003.000,2024-07-16 23:32:16.815
ETH,BUY,0.6045,547055.000,2024-07-16 23:32:16.815
ETH,BUY,1.1205,547056.000,2024-07-16 23:32:16.815
ETH,BUY,0.1000,547084.000,2024-07-16 23:32:21.491
ETH,BUY,0.0300,547155.000,2024-07-16 23:34:41.158
ETH,SELL,0.0200,546814.000,2024-07-16 23:35:12.814
ETH,SELL,0.0421,546600.000,2024-07-16 23:36:48.459
ETH,SELL,0.1579,546251.000,2024-07-16 23:36:48.459
ETH,BUY,0.2000,546134.000,2024-07-16 23:37:16.159
ETH,BUY,0.0200,546341.000,2024-07-16 23:37:36.621
ETH,BUY,0.1586,546341.000,2024-07-16 23:37:36.621
ETH,BUY,0.0100,546342.000,2024-07-16 23:37:36.621
ETH,BUY,0.8114,546621.000,2024-07-16 23:37:36.621
ETH,SELL,0.7259,546058.000,2024-07-16 23:38:03.182
ETH,SELL,0.7258,546217.000,2024-07-16 23:38:21.694
ETH,SELL,0.7260,545981.000,2024-07-16 23:38:47.973
ETH,BUY,0.0100,546572.000,2024-07-16 23:47:31.700
ETH,BUY,0.0100,546573.000,2024-07-16 23:47:31.700
ETH,BUY,0.0300,546544.000,2024-07-16 23:47:34.953
ETH,BUY,0.0100,546535.000,2024-07-16 23:49:13.145
ETH,BUY,0.0100,546541.000,2024-07-16 23:49:13.145
ETH,SELL,0.7255,546348.000,2024-07-16 23:49:19.630
ETH,SELL,0.7256,546339.000,2024-07-16 23:49:30.138
ETH,SELL,0.7253,546503.000,2024-07-16 23:50:34.496
ETH,BUY,1.0000,546129.000,2024-07-16 23:52:06.571
ETH,BUY,0.1000,546275.000,2024-07-16 23:52:06.571
ETH,SELL,0.7256,546187.000,2024-07-16 23:53:22.150
ETH,SELL,0.7258,546121.000,2024-07-16 23:53:34.738
ETH,SELL,0.7259,546061.000,2024-07-16 23:54:07.604
ETH,BUY,0.2000,545943.000,2024-07-16 23:56:00.515
ETH,SELL,0.1000,545940.000,2024-07-16 23:56:03.917
ETH,SELL,0.0657,545670.000,2024-07-16 23:56:09.445
ETH,SELL,0.7246,545630.000,2024-07-16 23:56:16.755
ETH,SELL,0.0198,545487.000,2024-07-16 23:56:37.557
ETH,SELL,0.2500,545487.000,2024-07-16 23:56:37.652
ETH,SELL,0.1000,545551.000,2024-07-16 23:57:18.906
ETH,SELL,0.0861,545694.000,2024-07-16 23:57:24.426
ETH,BUY,0.1000,545715.000,2024-07-16 23:57:24.914
ETH,SELL,0.0100,545610.000,2024-07-16 23:57:32.934
ETH,SELL,0.0100,545550.000,2024-07-16 23:57:42.955
ETH,SELL,0.0120,545495.000,2024-07-16 23:57:51.420
ETH,SELL,0.7265,545531.000,2024-07-16 23:58:30.462
ETH,SELL,0.0107,545473.000,2024-07-16 23:58:38.935
ETH,SELL,0.0151,545685.000,2024-07-17 00:01:08.443
ETH,BUY,0.0200,545626.000,2024-07-17 00:01:21.456
ETH,BUY,0.0830,545896.000,2024-07-17 00:01:34.354
ETH,SELL,0.0156,545838.000,2024-07-17 00:02:00.451
ETH,SELL,0.0124,546355.000,2024-07-17 00:03:02.980
ETH,SELL,0.0271,546460.000,2024-07-17 00:03:26.434
ETH,BUY,1.0000,546570.000,2024-07-17 00:04:18.124
ETH,BUY,0.7260,546859.000,2024-07-17 00:04:18.124
ETH,BUY,0.2740,546860.000,2024-07-17 00:04:18.124
ETH,BUY,1.0000,546700.000,2024-07-17 00:04:34.026
ETH,BUY,0.7016,546853.000,2024-07-17 00:04:34.026
ETH,BUY,0.1000,547000.000,2024-07-17 00:04:34.026
ETH,BUY,0.2321,547015.000,2024-07-17 00:04:34.026
ETH,BUY,0.9663,547201.000,2024-07-17 00:04:34.026
ETH,SELL,0.0124,546495.000,2024-07-17 00:05:22.962
ETH,SELL,0.1000,546413.000,2024-07-17 00:05:35.443
ETH,SELL,0.0669,546472.000,2024-07-17 00:05:40.922
ETH,SELL,0.0110,546810.000,2024-07-17 00:05:50.956
ETH,SELL,0.0333,547025.000,2024-07-17 00:06:20.472
ETH,SELL,0.0164,546923.000,2024-07-17 00:06:57.419
ETH,BUY,0.0347,547548.000,2024-07-17 00:08:46.545
ETH,BUY,0.6410,547700.000,2024-07-17 00:08:47.447
ETH,BUY,0.3590,547985.000,2024-07-17 00:08:47.447
ETH,BUY,0.0370,548000.000,2024-07-17 00:09:37.636
ETH,BUY,0.0347,548015.000,2024-07-17 00:09:37.636
ETH,BUY,1.0000,548016.000,2024-07-17 00:09:37.636
ETH,SELL,0.1000,548500.000,2024-07-17 00:09:39.161
ETH,SELL,0.7234,548500.000,2024-07-17 00:09:39.891
ETH,SELL,0.7236,548500.000,2024-07-17 00:09:44.399
ETH,SELL,0.1000,548500.000,2024-07-17 00:09:45.537
ETH,SELL,1.9998,548500.000,2024-07-17 00:09:45.614
ETH,SELL,0.1000,548500.000,2024-07-17 00:09:46.409
ETH,SELL,0.1000,548500.000,2024-07-17 00:09:47.671
ETH,SELL,0.0815,548500.000,2024-07-17 00:09:48.560
ETH,SELL,0.0185,547975.000,2024-07-17 00:09:48.560
ETH,SELL,0.0121,547912.000,2024-07-17 00:10:16.429
ETH,SELL,0.0286,547896.000,2024-07-17 00:10:42.952
ETH,SELL,0.0223,548133.000,2024-07-17 00:10:48.425
ETH,SELL,0.0109,547949.000,2024-07-17 00:11:53.921
ETH,SELL,0.1000,548231.000,2024-07-17 00:12:15.914
ETH,SELL,0.1000,548151.000,2024-07-17 00:13:51.949
ETH,SELL,0.0850,548134.000,2024-07-17 00:13:57.441
ETH,SELL,0.5453,548206.000,2024-07-17 00:14:47.660
ETH,SELL,0.7238,548132.000,2024-07-17 00:15:13.337
ETH,BUY,0.0300,548094.000,2024-07-17 00:15:23.319
ETH,SELL,0.7242,548000.000,2024-07-17 00:15:43.182
ETH,SELL,1.9998,548000.000,2024-07-17 00:15:56.340
ETH,SELL,0.7241,548000.000,2024-07-17 00:16:00.531
ETH,SELL,0.2018,548000.000,2024-07-17 00:16:12.077
ETH,SELL,0.0555,548007.000,2024-07-17 00:16:40.492
ETH,SELL,0.0289,548292.000,2024-07-17 00:16:51.929
ETH,BUY,0.5000,548175.000,2024-07-17 00:17:11.252
ETH,BUY,0.0001,548175.000,2024-07-17 00:17:17.607
ETH,SELL,0.0137,548422.000,2024-07-17 00:18:18.488
ETH,SELL,0.0129,548318.000,2024-07-17 00:18:56.928
ETH,SELL,0.0110,548479.000,2024-07-17 00:19:47.444
ETH,BUY,0.0200,548503.000,2024-07-17 00:20:00.735
ETH,BUY,0.9800,548726.000,2024-07-17 00:20:00.735
ETH,SELL,0.0100,548225.000,2024-07-17 00:20:35.831
ETH,SELL,0.0151,548225.000,2024-07-17 00:20:36.475
ETH,SELL,0.0101,548163.000,2024-07-17 00:21:22.422
ETH,BUY,0.0950,548435.000,2024-07-17 00:21:29.738
ETH,BUY,0.1500,548346.000,2024-07-17 00:21:44.052
ETH,BUY,0.0251,548496.000,2024-07-17 00:21:44.052
ETH,BUY,0.0230,548497.000,2024-07-17 00:21:44.052
ETH,BUY,0.1019,548563.000,2024-07-17 00:21:44.052
ETH,SELL,0.5000,548454.000,2024-07-17 00:23:18.754
ETH,SELL,0.1000,548517.000,2024-07-17 00:23:27.082
ETH,SELL,0.0808,548619.000,2024-07-17 00:23:32.450
ETH,SELL,0.7230,548662.000,2024-07-17 00:23:35.619
ETH,BUY,0.0150,548510.000,2024-07-17 00:24:00.495
ETH,SELL,0.4850,548538.000,2024-07-17 00:24:55.997
ETH,SELL,0.5000,548558.000,2024-07-17 00:26:10.641
ETH,BUY,0.1000,548573.000,2024-07-17 00:26:39.403
ETH,SELL,0.0126,548608.000,2024-07-17 00:26:45.428
ETH,SELL,0.0072,548640.000,2024-07-17 00:27:58.441
ETH,SELL,0.0032,548638.000,2024-07-17 00:27:58.441
ETH,SELL,0.4900,548600.000,2024-07-17 00:29:07.706
ETH,SELL,0.0128,548194.000,2024-07-17 00:30:33.942
ETH,SELL,0.0164,548302.000,2024-07-17 00:30:49.945
ETH,SELL,0.0229,548725.000,2024-07-17 00:32:17.919
ETH,BUY,0.3832,548888.000,2024-07-17 00:32:25.257
ETH,BUY,0.1168,548888.000,2024-07-17 00:32:44.602
ETH,SELL,0.0361,548888.000,2024-07-17 00:33:08.504
ETH,SELL,0.0522,548888.000,2024-07-17 00:33:10.186
ETH,SELL,0.0049,548888.000,2024-07-17 00:33:11.031
ETH,SELL,0.0201,548102.000,2024-07-17 00:33:35.425
ETH,BUY,0.3500,548101.000,2024-07-17 00:34:55.731
ETH,BUY,0.0100,548102.000,2024-07-17 00:35:05.838
ETH,SELL,0.0136,548100.000,2024-07-17 00:35:22.924
ETH,SELL,0.0414,548100.000,2024-07-17 00:36:10.374
ETH,SELL,0.0114,548006.000,2024-07-17 00:36:19.455
ETH,SELL,0.0300,547849.000,2024-07-17 00:37:49.059
ETH,BUY,0.0100,547875.000,2024-07-17 00:38:08.411
ETH,SELL,0.0114,547915.000,2024-07-17 00:38:12.923
ETH,SELL,0.0106,548026.000,2024-07-17 00:39:01.940
ETH,BUY,0.0537,548102.000,2024-07-17 00:39:40.042
ETH,BUY,0.2000,548102.000,2024-07-17 00:39:43.141
ETH,BUY,0.2363,548102.000,2024-07-17 00:39:45.549
ETH,BUY,0.0115,548503.000,2024-07-17 00:39:46.986
ETH,BUY,0.2248,548591.000,2024-07-17 00:39:46.986
ETH,BUY,0.0527,548630.000,2024-07-17 00:39:49.443
ETH,BUY,0.1473,548708.000,2024-07-17 00:39:52.416
ETH,SELL,0.0532,548345.000,2024-07-17 00:39:53.922
ETH,SELL,0.7227,548774.000,2024-07-17 00:40:00.327
ETH,BUY,0.1199,548799.000,2024-07-17 00:40:29.338
ETH,BUY,0.0363,548951.000,2024-07-17 00:40:31.372
ETH,BUY,0.2200,549086.000,2024-07-17 00:40:31.372
ETH,BUY,1.0000,549088.000,2024-07-17 00:40:31.372
ETH,BUY,0.0370,549100.000,2024-07-17 00:40:31.372
ETH,BUY,0.1000,549155.000,2024-07-17 00:40:31.372
ETH,BUY,0.0286,549286.000,2024-07-17 00:40:31.372
ETH,BUY,0.5986,549346.000,2024-07-17 00:40:31.372
ETH,BUY,0.3000,549434.000,2024-07-17 00:40:31.372
ETH,BUY,6.1900,549550.000,2024-07-17 00:40:31.372
ETH,BUY,0.0700,549579.000,2024-07-17 00:40:31.372
ETH,BUY,7.0000,549608.000,2024-07-17 00:40:31.372
ETH,BUY,2.4195,549637.000,2024-07-17 00:40:31.372
ETH,BUY,0.3000,549175.000,2024-07-17 00:40:47.638
ETH,BUY,0.2000,549170.000,2024-07-17 00:41:03.869
ETH,SELL,0.0275,549606.000,2024-07-17 00:41:38.451
ETH,SELL,0.7214,549689.000,2024-07-17 00:41:46.877
ETH,BUY,0.2000,549690.000,2024-07-17 00:41:47.348
ETH,SELL,0.7216,549649.000,2024-07-17 00:42:03.057
ETH,BUY,0.1000,549782.000,2024-07-17 00:42:07.872
ETH,BUY,0.3300,549510.000,2024-07-17 00:42:17.660
ETH,SELL,0.1000,549782.000,2024-07-17 00:42:19.030
ETH,SELL,0.1000,549782.000,2024-07-17 00:42:24.980
ETH,SELL,0.1000,549782.000,2024-07-17 00:42:26.763
ETH,SELL,0.0752,549782.000,2024-07-17 00:42:31.937
ETH,SELL,0.7216,549782.000,2024-07-17 00:42:33.737
ETH,SELL,0.4330,549782.000,2024-07-17 00:42:36.994
ETH,SELL,0.0002,549782.000,2024-07-17 00:42:44.933
ETH,SELL,0.0098,549589.000,2024-07-17 00:42:44.933
ETH,BUY,0.3000,549577.000,2024-07-17 00:42:48.662
ETH,SELL,0.0101,549785.000,2024-07-17 00:44:02.447
ETH,SELL,0.0115,549761.000,2024-07-17 00:44:33.450
ETH,BUY,0.0156,549531.000,2024-07-17 00:45:48.355
ETH,BUY,0.0154,549098.000,2024-07-17 00:46:55.342
ETH,BUY,0.0500,549121.000,2024-07-17 00:47:35.311
ETH,BUY,0.0050,549690.000,2024-07-17 00:49:06.611
ETH,BUY,0.3950,549695.000,2024-07-17 00:49:06.611
ETH,BUY,0.0210,549481.000,2024-07-17 00:50:47.752
ETH,BUY,0.0870,549000.000,2024-07-17 00:52:54.388
ETH,SELL,0.0930,548958.000,2024-07-17 00:53:06.399
ETH,BUY,0.0520,549044.000,2024-07-17 00:53:11.344
ETH,SELL,0.0102,549006.000,2024-07-17 00:53:22.452
ETH,BUY,1.0000,549140.000,2024-07-17 00:54:13.830
ETH,BUY,0.0930,549368.000,2024-07-17 00:54:13.830
ETH,BUY,0.3570,549607.000,2024-07-17 00:54:13.830
ETH,SELL,0.0174,549140.000,2024-07-17 00:54:16.012
ETH,BUY,0.1500,549578.000,2024-07-17 00:54:19.276
ETH,BUY,0.0200,549133.000,2024-07-17 00:54:25.362
ETH,BUY,0.0110,549302.000,2024-07-17 00:54:43.737
ETH,SELL,0.0134,549535.000,2024-07-17 00:55:00.929
ETH,BUY,0.1986,549753.000,2024-07-17 00:55:25.393
ETH,BUY,0.0400,549541.000,2024-07-17 00:57:19.735
ETH,BUY,0.1819,549579.000,2024-07-17 00:58:30.334
ETH,SELL,0.0141,549613.000,2024-07-17 00:58:31.936
ETH,BUY,0.1000,549610.000,2024-07-17 00:58:47.779
ETH,BUY,0.0103,549634.000,2024-07-17 00:58:55.469
ETH,BUY,0.2000,549676.000,2024-07-17 00:59:01.424
ETH,BUY,0.0134,549935.000,2024-07-17 00:59:06.649
ETH,BUY,0.0753,549999.000,2024-07-17 00:59:06.649
ETH,BUY,0.0227,550000.000,2024-07-17 00:59:06.649
ETH,SELL,0.0104,549689.000,2024-07-17 00:59:26.428
ETH,SELL,0.0197,549676.000,2024-07-17 00:59:52.951
ETH,SELL,0.0103,549680.000,2024-07-17 00:59:58.422
ETH,SELL,0.0165,549959.000,2024-07-17 01:00:27.946
ETH,BUY,0.9773,550000.000,2024-07-17 01:00:41.353
ETH,BUY,0.0120,550000.000,2024-07-17 01:00:41.353
ETH,BUY,0.0100,550000.000,2024-07-17 01:00:41.353
ETH,BUY,0.0100,550318.000,2024-07-17 01:00:41.353
ETH,BUY,1.0000,550364.000,2024-07-17 01:00:41.353
ETH,BUY,0.0207,550756.000,2024-07-17 01:00:41.353
ETH,BUY,0.0165,550879.000,2024-07-17 01:00:41.353
ETH,BUY,0.2000,550880.000,2024-07-17 01:00:41.353
ETH,BUY,1.2535,550884.000,2024-07-17 01:00:41.353
ETH,BUY,0.5000,550123.000,2024-07-17 01:00:47.208
ETH,BUY,0.0168,549993.000,2024-07-17 01:01:11.390
ETH,BUY,0.2000,550565.000,2024-07-17 01:01:17.513
ETH,BUY,0.0200,550594.000,2024-07-17 01:01:26.845
ETH,BUY,0.0100,550594.000,2024-07-17 01:01:35.386
ETH,SELL,0.0100,550565.000,2024-07-17 01:01:43.938
ETH,SELL,0.0094,549975.000,2024-07-17 01:01:43.938
ETH,SELL,0.0737,550010.000,2024-07-17 01:01:49.438
ETH,BUY,0.1200,550012.000,2024-07-17 01:02:25.720
ETH,BUY,0.0200,550190.000,2024-07-17 01:02:48.435
ETH,BUY,0.1200,550278.000,2024-07-17 01:02:50.373
ETH,SELL,1.0000,551084.000,2024-07-17 01:03:09.262
ETH,SELL,0.1126,550675.000,2024-07-17 01:03:09.262
ETH,BUY,0.1000,551078.000,2024-07-17 01:03:13.451
ETH,SELL,0.0121,550980.000,2024-07-17 01:03:27.944
ETH,BUY,0.2000,551194.000,2024-07-17 01:03:52.343
ETH,SELL,0.0123,551337.000,2024-07-17 01:03:52.997
ETH,SELL,0.0107,551626.000,2024-07-17 01:04:37.466
ETH,SELL,0.0659,551625.000,2024-07-17 01:04:38.260
ETH,SELL,1.0000,551510.000,2024-07-17 01:04:38.260
ETH,SELL,0.9341,551361.000,2024-07-17 01:04:38.260
ETH,BUY,0.0614,551572.000,2024-07-17 01:05:09.511
ETH,BUY,0.4012,551572.000,2024-07-17 01:05:09.646
ETH,SELL,0.0122,550930.000,2024-07-17 01:06:15.972
ETH,BUY,0.2000,550999.000,2024-07-17 01:06:27.385
ETH,BUY,0.0300,550987.000,2024-07-17 01:07:00.027
ETH,SELL,0.0126,551204.000,2024-07-17 01:07:15.445
ETH,SELL,0.1878,551205.000,2024-07-17 01:07:21.510
ETH,SELL,0.2000,551520.000,2024-07-17 01:08:04.902
ETH,SELL,1.0000,551509.000,2024-07-17 01:08:04.902
ETH,SELL,0.8000,551473.000,2024-07-17 01:08:04.902
ETH,SELL,0.2307,551609.000,2024-07-17 01:08:39.124
ETH,BUY,0.2000,551960.000,2024-07-17 01:09:19.658
ETH,BUY,0.2000,551960.000,2024-07-17 01:09:25.391
ETH,BUY,0.1000,551960.000,2024-07-17 01:09:29.161
ETH,SELL,0.0990,551963.000,2024-07-17 01:09:31.465
ETH,BUY,0.0370,552000.000,2024-07-17 01:09:36.394
ETH,BUY,0.0100,552000.000,2024-07-17 01:09:36.394
ETH,BUY,0.1530,552000.000,2024-07-17 01:09:36.394
ETH,BUY,0.0470,552000.000,2024-07-17 01:09:38.485
ETH,BUY,0.0200,552000.000,2024-07-17 01:09:38.485
ETH,BUY,0.0370,552300.000,2024-07-17 01:09:47.453
ETH,BUY,0.0500,552500.000,2024-07-17 01:09:47.453
ETH,BUY,0.0200,552617.000,2024-07-17 01:09:47.453
ETH,BUY,0.0930,552650.000,2024-07-17 01:09:47.453
ETH,SELL,0.0210,552247.000,2024-07-17 01:09:48.979
ETH,SELL,0.0191,552348.000,2024-07-17 01:09:54.460
ETH,BUY,0.0250,552502.000,2024-07-17 01:10:13.393
ETH,BUY,0.1750,553000.000,2024-07-17 01:10:13.393
ETH,BUY,0.5000,553000.000,2024-07-17 01:10:13.698
ETH,BUY,0.3250,553000.000,2024-07-17 01:10:33.057
ETH,BUY,0.4950,553000.000,2024-07-17 01:10:33.057
ETH,BUY,0.5050,553000.000,2024-07-17 01:10:33.358
ETH,BUY,0.1000,553513.000,2024-07-17 01:10:36.654
ETH,BUY,0.0100,554000.000,2024-07-17 01:10:48.395
ETH,BUY,0.0159,554000.000,2024-07-17 01:10:48.395
ETH,SELL,0.0583,553756.000,2024-07-17 01:10:49.899
ETH,BUY,0.1898,553795.000,2024-07-17 01:11:01.815
ETH,SELL,0.0152,553795.000,2024-07-17 01:13:17.974
ETH,BUY,0.1100,553796.000,2024-07-17 01:13:24.930
ETH,BUY,0.3900,553799.000,2024-07-17 01:13:24.930
ETH,BUY,0.0100,553800.000,2024-07-17 01:13:53.318
ETH,BUY,0.5141,553853.000,2024-07-17 01:13:53.318
ETH,BUY,1.0000,553910.000,2024-07-17 01:13:53.318
ETH,BUY,1.6200,553926.000,2024-07-17 01:13:53.318
ETH,BUY,0.6359,553931.000,2024-07-17 01:13:53.318
ETH,BUY,0.1934,553938.000,2024-07-17 01:14:05.513
ETH,BUY,0.0066,554000.000,2024-07-17 01:14:05.513
ETH,SELL,0.0113,553943.000,2024-07-17 01:14:19.009
ETH,BUY,0.0200,554000.000,2024-07-17 01:14:29.394
ETH,SELL,0.8000,553808.000,2024-07-17 01:14:41.014
ETH,BUY,0.2000,554000.000,2024-07-17 01:15:39.588
ETH,BUY,0.7575,554000.000,2024-07-17 01:15:39.684
ETH,BUY,0.0100,554000.000,2024-07-17 01:15:39.684
ETH,BUY,0.0100,554000.000,2024-07-17 01:15:39.684
ETH,BUY,0.3000,554000.000,2024-07-17 01:15:39.684
ETH,SELL,1.0000,554756.000,2024-07-17 01:15:51.795
ETH,BUY,0.0100,554828.000,2024-07-17 01:16:07.351
ETH,BUY,0.0300,554968.000,2024-07-17 01:16:07.351
ETH,BUY,0.0121,555000.000,2024-07-17 01:16:07.351
ETH,BUY,0.0100,555000.000,2024-07-17 01:16:07.351
ETH,BUY,0.1379,555000.000,2024-07-17 01:16:07.351
ETH,BUY,0.0736,555000.000,2024-07-17 01:16:08.626
ETH,BUY,0.5000,555000.000,2024-07-17 01:16:09.431
ETH,BUY,0.1000,555000.000,2024-07-17 01:16:09.928
ETH,BUY,0.1474,555000.000,2024-07-17 01:16:10.057
ETH,BUY,0.5000,555000.000,2024-07-17 01:16:10.340
ETH,BUY,0.3578,555000.000,2024-07-17 01:16:10.661
ETH,BUY,0.1833,555000.000,2024-07-17 01:16:10.952
ETH,BUY,0.0200,555000.000,2024-07-17 01:16:10.952
ETH,BUY,0.0100,555000.000,2024-07-17 01:16:10.952
ETH,BUY,0.1000,555000.000,2024-07-17 01:16:10.952
ETH,BUY,0.0100,555000.000,2024-07-17 01:16:10.952
ETH,BUY,0.0100,555000.000,2024-07-17 01:16:10.952
ETH,BUY,0.0100,555000.000,2024-07-17 01:16:10.952
ETH,BUY,0.1000,555000.000,2024-07-17 01:16:10.952
ETH,BUY,0.0500,555000.000,2024-07-17 01:16:10.952
ETH,BUY,0.0500,555000.000,2024-07-17 01:16:10.952
ETH,BUY,0.0500,555000.000,2024-07-17 01:16:10.952
ETH,BUY,0.2000,555000.000,2024-07-17 01:16:10.952
ETH,BUY,0.0100,555000.000,2024-07-17 01:16:10.952
ETH,BUY,0.0370,555400.000,2024-07-17 01:16:11.194
ETH,BUY,0.1500,555500.000,2024-07-17 01:16:11.194
ETH,BUY,0.0130,555555.000,2024-07-17 01:16:11.194
ETH,BUY,0.0300,555555.000,2024-07-17 01:16:11.423
ETH,BUY,0.1000,555555.000,2024-07-17 01:16:11.425
ETH,BUY,0.3765,555555.000,2024-07-17 01:16:16.850
ETH,BUY,0.1235,555555.000,2024-07-17 01:16:17.626
ETH,BUY,0.5400,555555.000,2024-07-17 01:16:19.238
ETH,BUY,0.8170,555555.000,2024-07-17 01:16:19.240
ETH,SELL,0.5000,555554.000,2024-07-17 01:16:20.030
ETH,BUY,0.0500,555969.000,2024-07-17 01:16:36.350
ETH,BUY,0.0099,556000.000,2024-07-17 01:16:36.350
ETH,BUY,0.0401,556000.000,2024-07-17 01:16:36.954
ETH,SELL,0.5000,556003.000,2024-07-17 01:16:40.157
ETH,BUY,0.2000,556172.000,2024-07-17 01:16:54.035
ETH,BUY,0.2000,556172.000,2024-07-17 01:16:58.371
ETH,BUY,0.0200,556762.000,2024-07-17 01:17:38.493
ETH,BUY,0.1000,557000.000,2024-07-17 01:17:46.851
ETH,BUY,0.0100,557000.000,2024-07-17 01:17:46.851
ETH,BUY,0.0100,557100.000,2024-07-17 01:17:46.851
ETH,BUY,0.2800,557387.000,2024-07-17 01:17:46.851
ETH,SELL,0.2000,557610.000,2024-07-17 01:18:01.616
ETH,SELL,0.3440,557607.000,2024-07-17 01:18:01.616
ETH,BUY,0.0200,557666.000,2024-07-17 01:18:07.392
ETH,SELL,0.0144,557570.000,2024-07-17 01:18:15.980
ETH,SELL,0.2000,557570.000,2024-07-17 01:18:16.260
ETH,SELL,0.1999,557500.000,2024-07-17 01:18:19.587
ETH,SELL,0.1026,557500.000,2024-07-17 01:18:19.649
ETH,SELL,0.3000,557500.000,2024-07-17 01:18:19.885
ETH,SELL,0.2374,557500.000,2024-07-17 01:18:21.234
ETH,BUY,0.1070,557090.000,2024-07-17 01:18:25.213
ETH,BUY,0.1080,557094.000,2024-07-17 01:18:25.213
ETH,BUY,0.0100,556655.000,2024-07-17 01:18:31.762
ETH,SELL,0.2000,556899.000,2024-07-17 01:20:29.874
ETH,SELL,0.0122,556667.000,2024-07-17 01:20:40.959
ETH,BUY,0.3090,556404.000,2024-07-17 01:21:13.252
ETH,BUY,1.1000,556450.000,2024-07-17 01:21:13.252
ETH,BUY,0.1239,556477.000,2024-07-17 01:21:13.252
ETH,BUY,0.4671,556484.000,2024-07-17 01:21:13.252
ETH,BUY,1.0000,556804.000,2024-07-17 01:21:24.407
ETH,BUY,0.5329,556857.000,2024-07-17 01:21:24.407
ETH,BUY,0.4671,556967.000,2024-07-17 01:21:24.407
ETH,SELL,0.0171,556604.000,2024-07-17 01:21:24.455
ETH,BUY,1.0000,557023.000,2024-07-17 01:21:36.331
ETH,BUY,0.0171,557414.000,2024-07-17 01:21:36.331
ETH,BUY,0.9829,557553.000,2024-07-17 01:21:36.331
ETH,BUY,0.0360,556962.000,2024-07-17 01:22:05.059
ETH,SELL,0.0143,556087.000,2024-07-17 01:22:52.450
ETH,SELL,0.0100,556087.000,2024-07-17 01:22:52.521
ETH,BUY,1.0000,555813.000,2024-07-17 01:23:03.996
ETH,BUY,1.0000,556162.000,2024-07-17 01:23:03.996
ETH,SELL,0.0100,555812.000,2024-07-17 01:23:04.053
ETH,BUY,1.0000,555923.000,2024-07-17 01:23:15.833
ETH,BUY,0.1250,556274.000,2024-07-17 01:23:15.833
ETH,BUY,0.8750,556307.000,2024-07-17 01:23:15.833
ETH,SELL,0.9000,555898.000,2024-07-17 01:23:22.669
ETH,BUY,0.8180,556170.000,2024-07-17 01:23:30.157
ETH,BUY,1.0000,556321.000,2024-07-17 01:23:59.750
ETH,BUY,0.3976,556334.000,2024-07-17 01:23:59.750
ETH,BUY,0.3345,556739.000,2024-07-17 01:23:59.750
ETH,BUY,0.2679,556740.000,2024-07-17 01:23:59.750
ETH,BUY,1.0000,556604.000,2024-07-17 01:24:07.258
ETH,BUY,1.0000,556812.000,2024-07-17 01:24:14.827
ETH,BUY,0.4900,556812.000,2024-07-17 01:24:14.827
ETH,BUY,0.3580,557056.000,2024-07-17 01:24:14.827
ETH,BUY,1.0000,556580.000,2024-07-17 01:24:27.904
ETH,BUY,0.2400,556558.000,2024-07-17 01:24:40.684
ETH,BUY,1.0000,556530.000,2024-07-17 01:24:55.650
ETH,BUY,0.2741,556886.000,2024-07-17 01:24:55.650
ETH,BUY,0.2000,556970.000,2024-07-17 01:24:55.650
ETH,BUY,0.5259,557003.000,2024-07-17 01:24:55.650
ETH,BUY,1.0000,556614.000,2024-07-17 01:25:10.257
ETH,BUY,1.0000,556629.000,2024-07-17 01:25:15.879
ETH,BUY,0.0770,556501.000,2024-07-17 01:25:27.947
ETH,SELL,0.0318,556503.000,2024-07-17 01:25:47.473
ETH,SELL,0.0253,556503.000,2024-07-17 01:25:49.201
ETH,SELL,0.0103,556503.000,2024-07-17 01:25:55.073
ETH,SELL,0.0100,556503.000,2024-07-17 01:26:02.113
ETH,SELL,0.0800,556503.000,2024-07-17 01:26:03.294
ETH,SELL,0.0151,556503.000,2024-07-17 01:26:03.325
ETH,SELL,0.0349,556085.000,2024-07-17 01:26:03.325
ETH,BUY,0.1800,556510.000,2024-07-17 01:26:03.528
ETH,BUY,0.0500,556510.000,2024-07-17 01:26:03.633
ETH,SELL,0.0800,556510.000,2024-07-17 01:26:10.315
ETH,SELL,0.0144,556000.000,2024-07-17 01:26:11.427
ETH,BUY,0.0200,556104.000,2024-07-17 01:26:15.722
ETH,SELL,0.0155,556000.000,2024-07-17 01:26:25.971
ETH,BUY,0.0150,556017.000,2024-07-17 01:26:31.603
ETH,SELL,0.0201,556000.000,2024-07-17 01:26:42.327
ETH,SELL,0.0235,555097.000,2024-07-17 01:27:01.518
ETH,SELL,0.0100,555097.000,2024-07-17 01:27:01.579
ETH,SELL,0.0100,555097.000,2024-07-17 01:27:01.717
ETH,SELL,0.0100,555000.000,2024-07-17 01:27:39.943
ETH,SELL,0.0247,555000.000,2024-07-17 01:27:39.943
ETH,SELL,0.0053,555000.000,2024-07-17 01:27:47.543
ETH,SELL,0.0100,554888.000,2024-07-17 01:27:47.543
ETH,SELL,1.0000,554543.000,2024-07-17 01:27:47.543
ETH,SELL,0.2288,554428.000,2024-07-17 01:27:47.543
ETH,SELL,1.1091,554380.000,2024-07-17 01:27:47.543
ETH,SELL,0.6468,554271.000,2024-07-17 01:27:47.543
ETH,SELL,0.3532,554271.000,2024-07-17 01:27:47.629
ETH,SELL,0.0370,554200.000,2024-07-17 01:27:47.629
ETH,SELL,0.0098,553991.000,2024-07-17 01:27:47.629
ETH,SELL,0.0132,554195.000,2024-07-17 01:28:19.952
ETH,SELL,0.0102,554148.000,2024-07-17 01:28:25.459
ETH,SELL,0.6200,553788.000,2024-07-17 01:29:00.184
ETH,BUY,0.0265,553809.000,2024-07-17 01:29:36.967
ETH,BUY,0.0678,554000.000,2024-07-17 01:29:49.037
ETH,SELL,0.0124,554583.000,2024-07-17 01:30:12.946
ETH,BUY,0.0290,555045.000,2024-07-17 01:30:41.157
ETH,BUY,0.0360,554978.000,2024-07-17 01:31:23.263
ETH,SELL,0.0266,554999.000,2024-07-17 01:32:06.810
ETH,BUY,0.0100,555000.000,2024-07-17 01:32:08.052
ETH,BUY,0.0899,555230.000,2024-07-17 01:32:08.673
ETH,BUY,0.0266,555518.000,2024-07-17 01:32:38.916
ETH,SELL,0.0200,555568.000,2024-07-17 01:32:42.877
ETH,BUY,0.0992,555570.000,2024-07-17 01:32:44.219
ETH,SELL,0.0120,555462.000,2024-07-17 01:33:57.488
ETH,SELL,0.0114,555551.000,2024-07-17 01:34:17.924
ETH,SELL,0.1000,555192.000,2024-07-17 01:34:41.272
ETH,SELL,0.0100,555136.000,2024-07-17 01:34:58.564
ETH,BUY,1.0000,555190.000,2024-07-17 01:35:01.362
ETH,BUY,0.0718,555190.000,2024-07-17 01:35:01.362
ETH,SELL,0.0635,555190.000,2024-07-17 01:35:21.926
ETH,SELL,0.5000,555190.000,2024-07-17 01:35:52.301
ETH,BUY,1.0000,555191.000,2024-07-17 01:36:05.690
ETH,BUY,1.1091,555191.000,2024-07-17 01:36:05.690
ETH,BUY,0.0300,555191.000,2024-07-17 01:36:05.690
ETH,BUY,0.2289,555191.000,2024-07-17 01:36:05.690
ETH,BUY,0.2000,555195.000,2024-07-17 01:36:05.690
ETH,BUY,1.1300,555205.000,2024-07-17 01:36:05.690
ETH,BUY,2.1160,555234.000,2024-07-17 01:36:05.690
ETH,SELL,0.0679,555190.000,2024-07-17 01:36:13.045
ETH,SELL,0.1238,555190.000,2024-07-17 01:36:13.143
ETH,SELL,0.0100,554385.000,2024-07-17 01:36:25.798
ETH,BUY,0.0100,554691.000,2024-07-17 01:36:48.115
ETH,BUY,0.3900,554799.000,2024-07-17 01:36:48.115
ETH,SELL,0.0394,554780.000,2024-07-17 01:37:22.965
ETH,BUY,0.0995,555000.000,2024-07-17 01:39:28.142
ETH,SELL,1.0000,554999.000,2024-07-17 01:39:30.064
ETH,SELL,0.8005,554999.000,2024-07-17 01:39:30.064
ETH,BUY,1.0000,555402.000,2024-07-17 01:39:48.283
ETH,BUY,0.2000,555435.000,2024-07-17 01:39:48.283
ETH,BUY,0.5085,555618.000,2024-07-17 01:39:48.283
ETH,BUY,0.2915,555625.000,2024-07-17 01:39:48.283
ETH,SELL,0.0839,555545.000,2024-07-17 01:42:46.478
ETH,SELL,0.0307,555545.000,2024-07-17 01:42:51.379
ETH,SELL,0.0401,555545.000,2024-07-17 01:42:52.993
ETH,SELL,0.0181,555545.000,2024-07-17 01:42:55.427
ETH,SELL,0.0071,555545.000,2024-07-17 01:42:55.427
ETH,BUY,0.0400,555546.000,2024-07-17 01:43:03.646
ETH,BUY,0.0100,555546.000,2024-07-17 01:43:03.646
ETH,SELL,0.0129,555545.000,2024-07-17 01:43:04.957
ETH,BUY,1.0000,554874.000,2024-07-17 01:43:07.447
ETH,SELL,0.1073,554937.000,2024-07-17 01:43:11.424
ETH,SELL,0.1000,555130.000,2024-07-17 01:45:18.345
ETH,BUY,0.0323,554998.000,2024-07-17 01:45:29.921
ETH,SELL,0.1651,555075.000,2024-07-17 01:46:34.481
ETH,SELL,0.8349,555075.000,2024-07-17 01:46:34.481
ETH,SELL,0.0165,554992.000,2024-07-17 01:46:47.422
ETH,BUY,1.0000,554916.000,2024-07-17 01:47:21.565
ETH,BUY,0.0313,555228.000,2024-07-17 01:48:36.448
ETH,BUY,0.0272,555238.000,2024-07-17 01:48:41.917
ETH,BUY,0.2000,555147.000,2024-07-17 01:48:44.000
ETH,SELL,0.2000,554970.000,2024-07-17 01:48:52.414
ETH,BUY,0.0382,554786.000,2024-07-17 01:48:56.416
ETH,SELL,0.3000,554831.000,2024-07-17 01:49:06.237
ETH,SELL,0.2000,554779.000,2024-07-17 01:49:07.696
ETH,BUY,0.0194,554944.000,2024-07-17 01:49:12.446
ETH,SELL,0.0500,554299.000,2024-07-17 01:51:52.282
ETH,SELL,0.0413,554000.000,2024-07-17 01:52:22.568
ETH,SELL,0.2026,554000.000,2024-07-17 01:52:24.216
ETH,SELL,0.1000,554000.000,2024-07-17 01:52:25.087
ETH,SELL,0.0221,554000.000,2024-07-17 01:52:25.894
ETH,SELL,0.0779,553402.000,2024-07-17 01:52:25.894
ETH,BUY,0.0223,553143.000,2024-07-17 01:52:30.017
ETH,BUY,0.0778,553291.000,2024-07-17 01:52:35.489
ETH,SELL,0.0200,553000.000,2024-07-17 01:53:18.913
ETH,SELL,0.0370,552800.000,2024-07-17 01:53:18.913
ETH,SELL,1.0000,552629.000,2024-07-17 01:53:18.913
ETH,SELL,0.0200,552586.000,2024-07-17 01:53:18.913
ETH,SELL,0.0051,552394.000,2024-07-17 01:53:18.913
ETH,BUY,0.2000,552740.000,2024-07-17 01:54:09.714
ETH,BUY,0.0150,553158.000,2024-07-17 01:54:29.891
ETH,BUY,0.2000,553155.000,2024-07-17 01:56:11.048
ETH,BUY,0.8005,553158.000,2024-07-17 01:56:11.048
ETH,BUY,1.1300,553159.000,2024-07-17 01:56:11.048
ETH,BUY,1.4500,553204.000,2024-07-17 01:56:11.048
ETH,BUY,0.0895,553215.000,2024-07-17 01:56:11.048
ETH,SELL,0.0400,552688.000,2024-07-17 01:59:05.110
ETH,BUY,0.0109,552993.000,2024-07-17 01:59:47.223
ETH,SELL,0.1000,552602.000,2024-07-17 02:00:28.668
ETH,BUY,0.1500,552992.000,2024-07-17 02:01:22.592
ETH,BUY,0.6728,552952.000,2024-07-17 02:01:30.761
ETH,BUY,1.3179,552953.000,2024-07-17 02:01:30.761
ETH,BUY,4.0093,553030.000,2024-07-17 02:01:30.761
ETH,BUY,0.0100,553088.000,2024-07-17 02:02:18.613
ETH,SELL,0.0346,552688.000,2024-07-17 02:02:33.924
ETH,BUY,1.0000,552739.000,2024-07-17 02:03:40.302
ETH,BUY,1.0000,553285.000,2024-07-17 02:04:22.115
ETH,BUY,0.0500,553290.000,2024-07-17 02:04:47.122
ETH,BUY,0.3251,553291.000,2024-07-17 02:05:43.532
ETH,BUY,0.0249,553320.000,2024-07-17 02:05:43.532
ETH,BUY,0.0250,553320.000,2024-07-17 02:05:43.694
ETH,SELL,0.0286,552867.000,2024-07-17 02:06:48.494
ETH,BUY,0.0100,553549.000,2024-07-17 02:08:11.813
ETH,SELL,0.2000,553842.000,2024-07-17 02:09:00.933
ETH,BUY,0.2000,554045.000,2024-07-17 02:09:10.487
ETH,BUY,0.0100,554074.000,2024-07-17 02:09:15.735
ETH,SELL,0.1131,554100.000,2024-07-17 02:12:21.851
ETH,BUY,0.0320,554103.000,2024-07-17 02:12:55.029
ETH,SELL,0.1000,554102.000,2024-07-17 02:14:44.817
ETH,SELL,0.1000,554092.000,2024-07-17 02:14:45.702
ETH,SELL,0.1508,554092.000,2024-07-17 02:14:50.925
ETH,SELL,0.6491,554092.000,2024-07-17 02:16:20.847
ETH,SELL,0.0001,554092.000,2024-07-17 02:16:26.178
ETH,SELL,0.0572,554092.000,2024-07-17 02:16:26.178
ETH,SELL,0.1228,554092.000,2024-07-17 02:16:26.750
ETH,SELL,0.3772,554074.000,2024-07-17 02:16:26.750
ETH,SELL,0.0607,554074.000,2024-07-17 02:16:27.860
ETH,SELL,0.0276,554074.000,2024-07-17 02:16:29.451
ETH,SELL,0.0744,554074.000,2024-07-17 02:16:31.327
ETH,SELL,0.0001,554074.000,2024-07-17 02:16:38.080
ETH,SELL,0.1734,553570.000,2024-07-17 02:16:51.189
ETH,SELL,1.0000,553126.000,2024-07-17 02:16:51.189
ETH,SELL,1.1119,553125.000,2024-07-17 02:16:51.189
ETH,BUY,1.6200,553000.000,2024-07-17 02:16:51.932
ETH,BUY,1.0947,553000.000,2024-07-17 02:16:52.065
ETH,BUY,0.5300,553059.000,2024-07-17 02:16:53.278
ETH,SELL,0.0100,552867.000,2024-07-17 02:17:50.732
ETH,SELL,0.0160,552300.000,2024-07-17 02:18:05.505
ETH,SELL,0.2340,552300.000,2024-07-17 02:18:38.611
ETH,SELL,0.7660,551654.000,2024-07-17 02:18:59.695
ETH,BUY,0.0160,551673.000,2024-07-17 02:20:04.157
ETH,BUY,0.0160,551783.000,2024-07-17 02:20:16.319
ETH,BUY,0.0100,551984.000,2024-07-17 02:20:57.647
ETH,SELL,0.0186,551590.000,2024-07-17 02:22:19.918
ETH,SELL,0.0250,551502.000,2024-07-17 02:23:13.912
ETH,SELL,0.0750,551502.000,2024-07-17 02:23:13.912
ETH,SELL,0.0250,551502.000,2024-07-17 02:23:14.072
ETH,SELL,0.0750,550804.000,2024-07-17 02:23:14.072
ETH,SELL,0.3332,550872.000,2024-07-17 02:23:19.423
ETH,SELL,0.1330,551041.000,2024-07-17 02:23:34.380
ETH,SELL,0.0100,551177.000,2024-07-17 02:23:50.420
ETH,SELL,0.0010,551161.000,2024-07-17 02:23:50.420
ETH,SELL,0.0204,551375.000,2024-07-17 02:23:58.986
ETH,SELL,0.1000,551437.000,2024-07-17 02:24:05.944
ETH,SELL,0.1384,551522.000,2024-07-17 02:24:54.923
ETH,SELL,0.0249,551580.000,2024-07-17 02:25:00.455
ETH,SELL,0.0974,551518.000,2024-07-17 02:25:17.943
ETH,SELL,0.0694,551616.000,2024-07-17 02:25:23.448
ETH,BUY,0.0154,551810.000,2024-07-17 02:26:19.461
ETH,SELL,0.0150,552013.000,2024-07-17 02:26:22.600
ETH,BUY,0.0700,552210.000,2024-07-17 02:26:28.427
ETH,BUY,0.3000,552210.000,2024-07-17 02:26:30.274
ETH,BUY,0.0306,552773.000,2024-07-17 02:27:37.214
ETH,BUY,0.0400,553098.000,2024-07-17 02:28:49.708
ETH,BUY,0.1500,553065.000,2024-07-17 02:30:55.486
ETH,BUY,0.7100,553065.000,2024-07-17 02:30:55.486
ETH,BUY,1.1119,553067.000,2024-07-17 02:30:55.486
ETH,BUY,0.0281,553117.000,2024-07-17 02:30:55.486
ETH,BUY,1.6247,553120.000,2024-07-17 02:31:05.172
ETH,BUY,0.3753,553121.000,2024-07-17 02:31:05.172
ETH,BUY,1.2146,553135.000,2024-07-17 02:31:10.083
ETH,BUY,0.7854,553146.000,2024-07-17 02:31:10.083
ETH,BUY,0.0500,553175.000,2024-07-17 02:31:11.990
ETH,BUY,0.2100,553204.000,2024-07-17 02:31:11.990
ETH,BUY,1.0000,552828.000,2024-07-17 02:31:32.883
ETH,BUY,0.1000,553201.000,2024-07-17 02:31:46.213
ETH,BUY,0.0200,553204.000,2024-07-17 02:32:18.020
ETH,SELL,0.0700,552550.000,2024-07-17 02:35:19.734
ETH,SELL,0.7176,552550.000,2024-07-17 02:35:42.167
ETH,SELL,0.0124,552550.000,2024-07-17 02:35:48.585
ETH,BUY,0.0106,552538.000,2024-07-17 02:39:13.972
ETH,BUY,0.0234,552550.000,2024-07-17 02:40:08.930
ETH,BUY,0.0100,552560.000,2024-07-17 02:40:19.586
ETH,BUY,0.0758,552557.000,2024-07-17 02:40:23.425
ETH,BUY,0.0285,552565.000,2024-07-17 02:40:34.924
ETH,BUY,0.1645,552561.000,2024-07-17 02:40:40.423
ETH,BUY,1.0000,552549.000,2024-07-17 02:40:58.568
ETH,BUY,0.6000,552566.000,2024-07-17 02:40:58.568
ETH,BUY,0.4000,552595.000,2024-07-17 02:40:58.568
ETH,BUY,0.0271,552539.000,2024-07-17 02:41:12.930
ETH,BUY,0.0272,552566.000,2024-07-17 02:41:18.429
ETH,BUY,0.0542,552595.000,2024-07-17 02:41:25.453
ETH,BUY,0.0793,552648.000,2024-07-17 02:41:30.943
ETH,BUY,0.0162,552769.000,2024-07-17 02:42:00.433
ETH,BUY,0.0652,552798.000,2024-07-17 02:42:05.933
ETH,BUY,2.0000,552827.000,2024-07-17 02:42:10.512
ETH,BUY,0.0552,552856.000,2024-07-17 02:42:17.432
ETH,BUY,0.0251,552914.000,2024-07-17 02:42:22.927
ETH,BUY,0.0251,553088.000,2024-07-17 02:42:40.425
ETH,BUY,0.0433,553169.000,2024-07-17 02:42:40.425
ETH,BUY,0.0231,553319.000,2024-07-17 02:42:45.976
ETH,BUY,0.0264,553407.000,2024-07-17 02:42:57.991
ETH,BUY,0.0344,553494.000,2024-07-17 02:43:04.936
ETH,BUY,0.0712,553523.000,2024-07-17 02:43:10.470
ETH,BUY,0.0309,553610.000,2024-07-17 02:43:18.971
ETH,BUY,0.0331,553668.000,2024-07-17 02:43:24.440
ETH,BUY,0.0181,553842.000,2024-07-17 02:43:49.435
ETH,BUY,0.0480,553871.000,2024-07-17 02:43:54.920
ETH,SELL,0.0683,553545.000,2024-07-17 02:45:16.189
ETH,SELL,0.0317,553542.000,2024-07-17 02:45:16.189
ETH,BUY,0.8000,553552.000,2024-07-17 02:47:53.343
ETH,SELL,0.0122,553072.000,2024-07-17 02:48:54.485
ETH,SELL,0.1000,553087.000,2024-07-17 02:48:56.939
ETH,SELL,0.1000,553015.000,2024-07-17 02:48:57.077
ETH,SELL,0.0773,552971.000,2024-07-17 02:49:02.432
ETH,SELL,0.0696,552865.000,2024-07-17 02:49:34.936
ETH,SELL,0.1090,552747.000,2024-07-17 02:49:40.425
ETH,SELL,0.0174,552793.000,2024-07-17 02:50:30.962
ETH,SELL,0.0115,552421.000,2024-07-17 02:50:45.440
ETH,SELL,0.0564,552571.000,2024-07-17 02:50:55.459
ETH,SELL,0.0290,552680.000,2024-07-17 02:51:03.946
ETH,SELL,0.0145,552730.000,2024-07-17 02:51:24.425
ETH,SELL,0.1137,552695.000,2024-07-17 02:51:29.932
ETH,SELL,0.0275,552322.000,2024-07-17 02:51:57.952
ETH,SELL,0.0548,552365.000,2024-07-17 02:52:06.454
ETH,SELL,0.0458,552344.000,2024-07-17 02:52:11.960
ETH,SELL,0.0307,552351.000,2024-07-17 02:52:35.425
ETH,SELL,0.0160,552223.000,2024-07-17 02:52:40.925
ETH,SELL,0.1000,552364.000,2024-07-17 02:53:03.581
ETH,SELL,0.0391,552293.000,2024-07-17 02:53:08.961
ETH,SELL,0.0402,551466.000,2024-07-17 02:54:35.436
ETH,SELL,0.0121,551166.000,2024-07-17 02:54:42.427
ETH,SELL,0.0265,551219.000,2024-07-17 02:54:49.426
ETH,SELL,0.1240,551222.000,2024-07-17 02:54:54.946
ETH,SELL,0.0241,551395.000,2024-07-17 02:55:15.450
ETH,SELL,0.0524,551250.000,2024-07-17 02:55:29.928
ETH,SELL,0.0684,551279.000,2024-07-17 02:55:36.980
ETH,SELL,0.1000,551736.000,2024-07-17 02:55:47.534
ETH,SELL,0.0102,551765.000,2024-07-17 02:56:00.501
ETH,SELL,0.0212,551765.000,2024-07-17 02:56:23.947
ETH,BUY,0.0213,551811.000,2024-07-17 02:56:27.533
ETH,BUY,0.9787,551812.000,2024-07-17 02:56:27.533
ETH,SELL,0.0128,551765.000,2024-07-17 02:56:29.431
ETH,BUY,1.0000,552242.000,2024-07-17 02:58:25.469
ETH,BUY,1.0000,552247.000,2024-07-17 02:58:25.469
ETH,BUY,0.1329,552104.000,2024-07-17 02:58:50.392
ETH,BUY,0.5221,552106.000,2024-07-17 02:58:50.392
ETH,BUY,1.3450,552247.000,2024-07-17 02:58:50.392
ETH,BUY,0.2000,552200.000,2024-07-17 02:59:04.534
ETH,BUY,0.5911,552202.000,2024-07-17 02:59:04.534
ETH,BUY,0.0772,552251.000,2024-07-17 02:59:04.534
ETH,BUY,0.7300,552276.000,2024-07-17 02:59:04.534
ETH,BUY,0.4017,552305.000,2024-07-17 02:59:04.534
ETH,BUY,0.0300,552248.000,2024-07-17 02:59:20.760
ETH,BUY,0.2300,552219.000,2024-07-17 02:59:48.731
ETH,BUY,1.4700,552276.000,2024-07-17 02:59:48.731
ETH,BUY,0.3000,552305.000,2024-07-17 02:59:48.731
ETH,BUY,0.0181,552334.000,2024-07-17 03:00:07.837
ETH,BUY,0.9000,552363.000,2024-07-17 03:00:11.091
ETH,BUY,0.0200,552392.000,2024-07-17 03:00:22.669
ETH,BUY,0.0800,552421.000,2024-07-17 03:00:22.669
ETH,BUY,0.0300,551936.000,2024-07-17 03:00:41.352
ETH,BUY,0.0160,552276.000,2024-07-17 03:00:58.361
ETH,SELL,0.3000,552414.000,2024-07-17 03:01:22.902
ETH,SELL,0.0163,552113.000,2024-07-17 03:01:33.422
ETH,SELL,0.0414,552130.000,2024-07-17 03:01:49.447
ETH,BUY,0.1800,552133.000,2024-07-17 03:01:50.923
ETH,BUY,0.8200,552133.000,2024-07-17 03:01:52.978
ETH,BUY,0.0185,552150.000,2024-07-17 03:01:56.237
ETH,BUY,0.0187,552473.000,2024-07-17 03:02:11.432
ETH,BUY,0.0938,552487.000,2024-07-17 03:02:16.932
ETH,BUY,1.0000,552613.000,2024-07-17 03:02:21.611
ETH,BUY,0.0340,552755.000,2024-07-17 03:03:48.545
ETH,SELL,0.1000,552656.000,2024-07-17 03:04:05.487
ETH,SELL,0.1990,552500.000,2024-07-17 03:04:10.927
ETH,SELL,1.0859,552500.000,2024-07-17 03:05:11.747
ETH,SELL,1.0163,552500.000,2024-07-17 03:05:11.955
ETH,SELL,0.1000,552500.000,2024-07-17 03:05:22.733
ETH,BUY,0.1400,552501.000,2024-07-17 03:05:33.365
ETH,BUY,0.1000,552501.000,2024-07-17 03:05:33.365
ETH,SELL,0.0311,552500.000,2024-07-17 03:06:13.429
ETH,SELL,1.0277,552500.000,2024-07-17 03:06:24.336
ETH,SELL,0.5923,551864.000,2024-07-17 03:06:24.336
ETH,BUY,0.0150,551851.000,2024-07-17 03:08:36.429
ETH,SELL,0.2040,551052.000,2024-07-17 03:11:36.727
ETH,BUY,0.1000,551051.000,2024-07-17 03:11:41.645
ETH,BUY,0.2400,551087.000,2024-07-17 03:11:41.645
ETH,BUY,0.0100,551114.000,2024-07-17 03:11:57.648
ETH,BUY,0.0100,551123.000,2024-07-17 03:13:05.300
ETH,SELL,0.0225,550800.000,2024-07-17 03:14:29.009
ETH,SELL,0.0145,550800.000,2024-07-17 03:14:30.572
ETH,BUY,0.0256,550605.000,2024-07-17 03:14:51.934
ETH,BUY,0.0555,550608.000,2024-07-17 03:14:57.481
ETH,BUY,0.0100,551400.000,2024-07-17 03:16:26.240
ETH,BUY,0.7230,551783.000,2024-07-17 03:18:02.384
ETH,BUY,0.1000,551957.000,2024-07-17 03:18:37.272
ETH,BUY,0.3151,551957.000,2024-07-17 03:20:20.772
ETH,BUY,0.3152,551819.000,2024-07-17 03:23:30.219
ETH,BUY,0.0100,551831.000,2024-07-17 03:23:30.219
ETH,BUY,0.6748,551877.000,2024-07-17 03:23:30.219
ETH,SELL,0.0156,551243.000,2024-07-17 03:24:55.439
ETH,SELL,0.1000,551188.000,2024-07-17 03:25:02.047
ETH,SELL,0.0345,551135.000,2024-07-17 03:25:07.427
ETH,SELL,0.1193,551127.000,2024-07-17 03:25:07.427
ETH,SELL,0.0100,551525.000,2024-07-17 03:27:00.720
ETH,BUY,0.2000,551810.000,2024-07-17 03:28:05.272
ETH,BUY,0.0400,551870.000,2024-07-17 03:28:14.158
ETH,BUY,0.0238,551986.000,2024-07-17 03:28:41.432
ETH,BUY,0.1000,552000.000,2024-07-17 03:28:42.829
ETH,BUY,0.0408,552160.000,2024-07-17 03:29:01.937
ETH,BUY,0.0186,552189.000,2024-07-17 03:29:49.455
ETH,BUY,0.0226,552247.000,2024-07-17 03:30:41.424
ETH,BUY,0.0933,552885.000,2024-07-17 03:32:07.933
ETH,BUY,0.2373,552943.000,2024-07-17 03:32:13.507
ETH,BUY,0.2100,552943.000,2024-07-17 03:32:20.988
ETH,BUY,1.7900,552972.000,2024-07-17 03:32:20.988
ETH,BUY,0.0855,553000.000,2024-07-17 03:32:21.943
ETH,BUY,0.0339,553029.000,2024-07-17 03:32:27.458
ETH,BUY,0.1661,553030.000,2024-07-17 03:32:27.458
ETH,BUY,0.0400,553059.000,2024-07-17 03:32:29.835
ETH,BUY,1.9600,553088.000,2024-07-17 03:32:29.835
ETH,BUY,0.1045,553088.000,2024-07-17 03:32:30.451
ETH,BUY,0.0293,553117.000,2024-07-17 03:32:37.440
ETH,BUY,1.8507,553117.000,2024-07-17 03:32:40.788
ETH,BUY,0.1493,553146.000,2024-07-17 03:32:40.788
ETH,BUY,0.1157,553175.000,2024-07-17 03:32:42.923
ETH,SELL,0.0536,553200.000,2024-07-17 03:32:58.935
ETH,SELL,0.1000,553200.000,2024-07-17 03:33:18.270
ETH,SELL,0.0743,553200.000,2024-07-17 03:33:23.430
ETH,SELL,0.5400,553200.000,2024-07-17 03:33:27.972
ETH,SELL,0.0636,553200.000,2024-07-17 03:33:30.440
ETH,SELL,0.0557,553201.000,2024-07-17 03:33:35.936
ETH,SELL,0.1000,553201.000,2024-07-17 03:34:58.923
ETH,SELL,0.2381,553200.000,2024-07-17 03:35:04.432
ETH,SELL,0.0104,553200.000,2024-07-17 03:35:11.421
ETH,SELL,0.0100,553110.000,2024-07-17 03:35:13.249
ETH,SELL,0.1213,553110.000,2024-07-17 03:35:16.955
ETH,SELL,0.0587,553110.000,2024-07-17 03:35:23.243
ETH,SELL,0.0413,553100.000,2024-07-17 03:35:23.243
ETH,SELL,0.1000,552895.000,2024-07-17 03:35:28.436
ETH,SELL,0.0173,552890.000,2024-07-17 03:35:28.436
ETH,SELL,0.0174,552924.000,2024-07-17 03:35:59.444
ETH,SELL,0.1000,552576.000,2024-07-17 03:36:00.430
ETH,SELL,0.1000,552925.000,2024-07-17 03:36:00.611
ETH,SELL,0.0787,552302.000,2024-07-17 03:36:05.944
ETH,SELL,0.1000,552321.000,2024-07-17 03:36:13.122
ETH,SELL,0.0855,552335.000,2024-07-17 03:36:18.417
ETH,SELL,0.1199,552446.000,2024-07-17 03:36:28.444
ETH,SELL,0.0972,552460.000,2024-07-17 03:36:33.942
ETH,SELL,0.0072,552457.000,2024-07-17 03:36:33.942
ETH,SELL,1.4000,552464.000,2024-07-17 03:36:37.760
ETH,SELL,1.2000,552464.000,2024-07-17 03:36:37.760
ETH,SELL,0.0784,552467.000,2024-07-17 03:36:42.426
ETH,BUY,0.0235,552196.000,2024-07-17 03:37:08.945
ETH,BUY,0.1222,552603.000,2024-07-17 03:37:14.496
ETH,BUY,0.2067,552604.000,2024-07-17 03:37:14.496
ETH,SELL,0.0109,552375.000,2024-07-17 03:37:25.932
ETH,SELL,0.0150,552418.000,2024-07-17 03:37:38.931
ETH,SELL,0.0840,552372.000,2024-07-17 03:37:45.954
ETH,SELL,0.1042,552378.000,2024-07-17 03:37:51.445
ETH,BUY,0.0744,552479.000,2024-07-17 03:38:34.430
ETH,BUY,0.1211,552508.000,2024-07-17 03:38:39.924
ETH,BUY,0.0445,552457.000,2024-07-17 03:38:48.445
ETH,BUY,0.7000,552423.000,2024-07-17 03:38:51.282
ETH,BUY,0.0711,552413.000,2024-07-17 03:38:53.923
ETH,BUY,0.0339,552387.000,2024-07-17 03:39:02.442
ETH,SELL,1.0000,552301.000,2024-07-17 03:39:03.484
ETH,SELL,0.0100,552300.000,2024-07-17 03:39:03.484
ETH,SELL,0.1750,552000.000,2024-07-17 03:39:03.484
ETH,SELL,0.0250,551817.000,2024-07-17 03:39:03.484
ETH,BUY,0.1015,552218.000,2024-07-17 03:39:09.949
ETH,BUY,0.0605,552276.000,2024-07-17 03:39:34.952
ETH,BUY,0.0181,552333.000,2024-07-17 03:39:53.395
ETH,BUY,0.0346,552391.000,2024-07-17 03:39:56.919
ETH,BUY,0.0636,552421.000,2024-07-17 03:40:03.148
ETH,BUY,0.0123,552482.000,2024-07-17 03:40:09.945
ETH,BUY,0.0100,552488.000,2024-07-17 03:40:10.487
ETH,BUY,0.0284,552163.000,2024-07-17 03:40:15.433
ETH,BUY,0.0253,552216.000,2024-07-17 03:40:23.982
ETH,BUY,0.0100,552298.000,2024-07-17 03:40:28.176
ETH,BUY,0.3200,552298.000,2024-07-17 03:40:29.516
ETH,BUY,0.6700,552298.000,2024-07-17 03:40:29.599
ETH,BUY,0.0518,552336.000,2024-07-17 03:40:30.569
ETH,BUY,0.0302,552336.000,2024-07-17 03:40:30.945
ETH,BUY,0.1186,552426.000,2024-07-17 03:40:36.463
ETH,BUY,0.3400,552635.000,2024-07-17 03:40:43.104
ETH,BUY,0.1700,552635.000,2024-07-17 03:40:45.904
ETH,BUY,0.0300,552635.000,2024-07-17 03:40:46.013
ETH,BUY,0.2000,552635.000,2024-07-17 03:42:09.912
ETH,BUY,0.0100,552635.000,2024-07-17 03:42:10.376
ETH,BUY,0.0300,552635.000,2024-07-17 03:42:10.560
ETH,BUY,0.2000,552635.000,2024-07-17 03:42:11.017
ETH,BUY,0.0200,552635.000,2024-07-17 03:42:13.961
ETH,BUY,0.0231,552868.000,2024-07-17 03:42:13.961
ETH,BUY,0.0569,552950.000,2024-07-17 03:42:13.961
ETH,BUY,0.0730,552950.000,2024-07-17 03:42:16.455
ETH,BUY,1.6244,552812.000,2024-07-17 03:44:36.126
ETH,BUY,0.3756,552816.000,2024-07-17 03:44:36.126
ETH,BUY,1.2464,552790.000,2024-07-17 03:44:41.973
ETH,BUY,0.7536,552885.000,2024-07-17 03:44:41.973
ETH,BUY,2.0000,552950.000,2024-07-17 03:44:47.303
ETH,BUY,0.5000,552950.000,2024-07-17 03:44:52.704
ETH,BUY,0.0360,552950.000,2024-07-17 03:45:23.048
ETH,BUY,0.0130,552950.000,2024-07-17 03:46:12.936
ETH,BUY,0.0463,552950.000,2024-07-17 03:46:19.937
ETH,BUY,0.0105,552950.000,2024-07-17 03:46:25.434
ETH,BUY,0.0143,552950.000,2024-07-17 03:46:41.428
ETH,BUY,0.0447,552950.000,2024-07-17 03:46:48.436
ETH,BUY,0.0418,552924.000,2024-07-17 03:47:04.421
ETH,BUY,0.0500,552900.000,2024-07-17 03:47:09.932
ETH,BUY,0.0732,552923.000,2024-07-17 03:47:09.932
ETH,SELL,0.0300,552500.000,2024-07-17 03:47:19.832
ETH,SELL,0.0100,552500.000,2024-07-17 03:47:20.098
ETH,BUY,0.0490,552501.000,2024-07-17 03:47:21.483
ETH,BUY,0.0920,552508.000,2024-07-17 03:47:26.925
ETH,BUY,0.0370,552537.000,2024-07-17 03:47:33.985
ETH,BUY,0.1441,552566.000,2024-07-17 03:47:39.433
ETH,BUY,0.0930,552595.000,2024-07-17 03:47:49.426
ETH,BUY,0.0328,552624.000,2024-07-17 03:47:54.950
ETH,BUY,0.0183,552653.000,2024-07-17 03:48:30.435
ETH,BUY,0.1559,552682.000,2024-07-17 03:48:37.425
ETH,BUY,0.0826,552711.000,2024-07-17 03:48:44.429
ETH,SELL,0.1000,552739.000,2024-07-17 03:48:48.888
ETH,SELL,0.0238,552501.000,2024-07-17 03:48:49.955
ETH,BUY,0.0444,552595.000,2024-07-17 03:49:04.429
ETH,BUY,0.0438,552653.000,2024-07-17 03:49:09.981
ETH,SELL,0.4000,552584.000,2024-07-17 03:49:23.823
ETH,BUY,0.0565,552624.000,2024-07-17 03:49:27.424
ETH,BUY,0.0564,552653.000,2024-07-17 03:49:32.924
ETH,BUY,0.0389,552711.000,2024-07-17 03:49:41.458
ETH,BUY,0.0635,552769.000,2024-07-17 03:49:46.925
ETH,SELL,0.0510,552530.000,2024-07-17 03:49:59.944
ETH,SELL,0.1000,552768.000,2024-07-17 03:50:06.856
ETH,SELL,0.2100,552531.000,2024-07-17 03:50:06.856
ETH,SELL,0.0813,552531.000,2024-07-17 03:50:06.941
ETH,BUY,0.0240,552943.000,2024-07-17 03:50:24.430
ETH,BUY,0.0576,552950.000,2024-07-17 03:50:29.977
ETH,BUY,0.0771,552950.000,2024-07-17 03:50:57.932
ETH,BUY,0.0372,552950.000,2024-07-17 03:51:03.452
ETH,BUY,0.1000,552950.000,2024-07-17 03:51:11.928
ETH,BUY,0.6334,552950.000,2024-07-17 03:51:12.622
ETH,BUY,1.3666,553088.000,2024-07-17 03:51:12.622
ETH,BUY,2.0000,553088.000,2024-07-17 03:51:17.152
ETH,BUY,0.0906,553204.000,2024-07-17 03:51:17.456
ETH,BUY,1.1600,553233.000,2024-07-17 03:51:19.958
ETH,BUY,0.8400,553262.000,2024-07-17 03:51:19.958
ETH,BUY,2.0000,553291.000,2024-07-17 03:51:23.753
ETH,BUY,0.0506,553290.000,2024-07-17 03:51:25.967
ETH,BUY,0.0500,553227.000,2024-07-17 03:51:29.069
ETH,BUY,0.2408,553290.000,2024-07-17 03:51:29.069
ETH,BUY,0.1100,553291.000,2024-07-17 03:51:29.069
ETH,BUY,1.5992,553320.000,2024-07-17 03:51:29.069
ETH,BUY,2.0000,553349.000,2024-07-17 03:51:37.410
ETH,BUY,0.0449,553378.000,2024-07-17 03:51:41.924
ETH,BUY,0.0371,553407.000,2024-07-17 03:51:59.453
ETH,BUY,0.0302,553436.000,2024-07-17 03:52:12.525
ETH,BUY,5.4300,553465.000,2024-07-17 03:52:24.086
ETH,BUY,0.5700,553494.000,2024-07-17 03:52:24.086
ETH,BUY,1.1600,553494.000,2024-07-17 03:52:27.401
ETH,BUY,0.8400,553523.000,2024-07-17 03:52:27.401
ETH,SELL,1.0000,553051.000,2024-07-17 03:52:27.872
ETH,SELL,0.0027,553000.000,2024-07-17 03:52:27.872
ETH,SELL,0.7851,552937.000,2024-07-17 03:52:27.872
ETH,SELL,0.1000,552937.000,2024-07-17 03:52:28.453
ETH,BUY,2.0000,553088.000,2024-07-17 03:52:59.639
ETH,BUY,0.0279,553146.000,2024-07-17 03:53:06.943
ETH,BUY,0.8851,553174.000,2024-07-17 03:53:42.597
ETH,BUY,1.1149,553175.000,2024-07-17 03:53:42.597
ETH,SELL,0.0959,552926.000,2024-07-17 03:53:43.959
ETH,SELL,0.1000,552927.000,2024-07-17 03:53:44.182
ETH,SELL,0.0408,552916.000,2024-07-17 03:53:49.435
ETH,BUY,0.2048,553001.000,2024-07-17 03:53:59.440
ETH,BUY,2.0000,553059.000,2024-07-17 03:54:07.630
ETH,BUY,0.0319,553088.000,2024-07-17 03:54:24.428
ETH,BUY,0.0310,553117.000,2024-07-17 03:54:38.983
ETH,SELL,0.1000,552750.000,2024-07-17 03:54:40.379
ETH,SELL,0.1022,552758.000,2024-07-17 03:54:45.937
ETH,SELL,0.0746,552770.000,2024-07-17 03:54:57.422
ETH,SELL,0.0880,552628.000,2024-07-17 03:55:13.420
ETH,SELL,0.0869,552583.000,2024-07-17 03:55:24.926
ETH,SELL,0.0305,552579.000,2024-07-17 03:55:31.937
ETH,SELL,0.0218,552579.000,2024-07-17 03:55:37.418
ETH,SELL,0.0487,552538.000,2024-07-17 03:55:51.938
ETH,SELL,0.0272,552572.000,2024-07-17 03:56:01.942
ETH,SELL,0.2625,552526.000,2024-07-17 03:56:07.439
ETH,SELL,0.0529,552551.000,2024-07-17 03:56:14.453
ETH,SELL,0.1732,552551.000,2024-07-17 03:56:19.942
ETH,SELL,0.1000,552487.000,2024-07-17 03:56:32.211
ETH,SELL,0.0401,552642.000,2024-07-17 03:56:44.931
ETH,SELL,0.0675,552289.000,2024-07-17 03:56:53.430
ETH,SELL,0.0749,552439.000,2024-07-17 03:57:00.450
ETH,SELL,0.0131,552685.000,2024-07-17 03:57:38.932
ETH,BUY,0.0100,552484.000,2024-07-17 04:00:07.660
ETH,SELL,0.0721,552270.000,2024-07-17 04:00:15.947
ETH,SELL,0.1313,552143.000,2024-07-17 04:00:30.428
ETH,SELL,0.0583,552148.000,2024-07-17 04:00:35.920
ETH,SELL,0.0367,552024.000,2024-07-17 04:01:08.421
ETH,BUY,0.0380,552044.000,2024-07-17 04:01:30.447
ETH,BUY,0.0374,552102.000,2024-07-17 04:01:35.925
ETH,BUY,0.1000,552218.000,2024-07-17 04:01:42.348
ETH,BUY,2.0000,552276.000,2024-07-17 04:01:47.847
ETH,BUY,0.0320,552333.000,2024-07-17 04:01:50.935
ETH,BUY,0.1269,552450.000,2024-07-17 04:02:05.427
ETH,BUY,0.0630,552450.000,2024-07-17 04:02:10.931
ETH,BUY,0.0403,552591.000,2024-07-17 04:02:37.429
ETH,SELL,0.0715,552178.000,2024-07-17 04:02:42.940
ETH,BUY,0.0813,552479.000,2024-07-17 04:02:49.938
ETH,BUY,0.5058,552564.000,2024-07-17 04:02:52.993
ETH,BUY,1.4942,552566.000,2024-07-17 04:02:52.993
ETH,BUY,0.1529,552595.000,2024-07-17 04:02:55.439
ETH,BUY,0.0680,552623.000,2024-07-17 04:03:23.434
ETH,BUY,0.1404,552624.000,2024-07-17 04:03:23.434
ETH,BUY,0.0713,552531.000,2024-07-17 04:03:33.425
ETH,BUY,0.0713,552624.000,2024-07-17 04:03:33.425
ETH,BUY,2.0000,552682.000,2024-07-17 04:03:49.924
ETH,BUY,0.0435,552769.000,2024-07-17 04:03:53.981
ETH,BUY,0.0730,552827.000,2024-07-17 04:04:12.922
ETH,BUY,0.1000,552849.000,2024-07-17 04:04:25.939
ETH,BUY,0.1000,552914.000,2024-07-17 04:04:25.939
ETH,BUY,0.0589,553001.000,2024-07-17 04:04:31.445
ETH,BUY,0.0684,553030.000,2024-07-17 04:04:38.453
ETH,BUY,0.0670,553020.000,2024-07-17 04:04:45.435
ETH,BUY,0.0690,553020.000,2024-07-17 04:04:50.948
ETH,BUY,0.0812,552967.000,2024-07-17 04:05:02.785
ETH,BUY,0.0557,553001.000,2024-07-17 04:05:09.436
ETH,BUY,0.1539,553030.000,2024-07-17 04:05:14.943
ETH,BUY,0.0765,553035.000,2024-07-17 04:05:21.922
ETH,BUY,0.1957,553059.000,2024-07-17 04:05:27.442
ETH,BUY,0.0735,552597.000,2024-07-17 04:05:34.447
ETH,BUY,0.1000,552597.000,2024-07-17 04:05:35.473
ETH,BUY,0.1269,553030.000,2024-07-17 04:05:41.460
ETH,BUY,0.1000,552602.000,2024-07-17 04:05:45.979
ETH,BUY,0.0189,552602.000,2024-07-17 04:05:48.439
ETH,SELL,0.0770,552604.000,2024-07-17 04:05:53.935
ETH,BUY,0.0897,552972.000,2024-07-17 04:06:03.932
ETH,BUY,0.1151,553000.000,2024-07-17 04:06:09.435
ETH,SELL,0.0210,552641.000,2024-07-17 04:06:19.424
ETH,BUY,0.1000,552943.000,2024-07-17 04:06:21.379
ETH,BUY,0.1000,552943.000,2024-07-17 04:06:21.805
ETH,BUY,0.1000,553000.000,2024-07-17 04:06:21.990
ETH,BUY,0.3331,553000.000,2024-07-17 04:06:27.440
ETH,SELL,0.0177,552657.000,2024-07-17 04:06:34.443
ETH,SELL,0.1000,552663.000,2024-07-17 04:06:40.526
ETH,SELL,0.1000,552663.000,2024-07-17 04:06:41.214
ETH,SELL,0.1553,552668.000,2024-07-17 04:06:46.458
ETH,BUY,0.0185,553000.000,2024-07-17 04:06:53.442
ETH,BUY,0.1042,553000.000,2024-07-17 04:06:58.940
ETH,BUY,0.1553,552999.000,2024-07-17 04:07:07.424
ETH,BUY,0.0447,553000.000,2024-07-17 04:07:07.424
ETH,BUY,0.4858,553000.000,2024-07-17 04:07:12.929
ETH,BUY,0.0210,552904.000,2024-07-17 04:07:19.946
ETH,BUY,0.1060,552970.000,2024-07-17 04:07:25.448
ETH,SELL,0.1000,552762.000,2024-07-17 04:07:31.800
ETH,BUY,0.1450,552885.000,2024-07-17 04:07:33.938
ETH,BUY,0.0259,552943.000,2024-07-17 04:07:39.428
ETH,BUY,0.0156,552887.000,2024-07-17 04:07:46.456
ETH,BUY,0.1164,552943.000,2024-07-17 04:07:51.926
ETH,BUY,0.0374,552968.000,2024-07-17 04:08:00.448
ETH,BUY,0.0411,552960.000,2024-07-17 04:08:05.934
ETH,BUY,0.2203,553000.000,2024-07-17 04:08:05.934
ETH,BUY,0.0782,553000.000,2024-07-17 04:08:12.959
ETH,SELL,0.0999,552651.000,2024-07-17 04:08:18.432
ETH,BUY,1.0000,552966.000,2024-07-17 04:11:18.516
ETH,BUY,0.5001,553000.000,2024-07-17 04:11:18.516
ETH,BUY,1.0000,553024.000,2024-07-17 04:11:28.325
ETH,BUY,2.6549,553088.000,2024-07-17 04:11:28.325
ETH,SELL,0.2449,552933.000,2024-07-17 04:14:03.880
ETH,BUY,0.5000,552972.000,2024-07-17 04:15:06.639
ETH,BUY,0.0107,552994.000,2024-07-17 04:16:10.460
ETH,BUY,0.1425,552857.000,2024-07-17 04:16:15.927
ETH,SELL,0.1000,552762.000,2024-07-17 04:17:34.605
ETH,SELL,0.1000,552685.000,2024-07-17 04:17:34.605
ETH,SELL,0.0300,552685.000,2024-07-17 04:17:34.896
ETH,SELL,0.2000,552685.000,2024-07-17 04:17:47.615
ETH,SELL,0.0100,552685.000,2024-07-17 04:17:48.133
ETH,SELL,0.5000,552685.000,2024-07-17 04:17:51.134
ETH,SELL,0.0600,552685.000,2024-07-17 04:17:52.575
ETH,SELL,0.1400,552500.000,2024-07-17 04:17:52.575
ETH,BUY,0.2000,552485.000,2024-07-17 04:19:00.434
ETH,BUY,0.0600,552490.000,2024-07-17 04:19:00.434
ETH,BUY,0.5400,552499.000,2024-07-17 04:20:06.684
ETH,BUY,0.0302,552500.000,2024-07-17 04:20:10.944
ETH,BUY,0.4698,552500.000,2024-07-17 04:20:16.356
ETH,BUY,0.1000,552421.000,2024-07-17 04:23:06.330
ETH,BUY,0.4000,552365.000,2024-07-17 04:23:13.385
ETH,BUY,2.0000,552392.000,2024-07-17 04:23:55.681
ETH,BUY,0.2300,552420.000,2024-07-17 04:24:02.775
ETH,BUY,1.7700,552421.000,2024-07-17 04:24:02.775
ETH,BUY,1.8800,552421.000,2024-07-17 04:24:09.707
ETH,BUY,0.1200,552450.000,2024-07-17 04:24:09.707
ETH,BUY,0.0292,552508.000,2024-07-17 04:24:34.441
ETH,BUY,0.0100,552537.000,2024-07-17 04:24:46.496
ETH,BUY,0.0100,552566.000,2024-07-17 04:24:46.496
ETH,BUY,0.0343,552595.000,2024-07-17 04:25:09.930
ETH,BUY,0.0700,552682.000,2024-07-17 04:25:20.062
ETH,BUY,0.0200,552711.000,2024-07-17 04:25:31.678
ETH,BUY,0.0315,552740.000,2024-07-17 04:26:07.921
ETH,BUY,0.0697,552627.000,2024-07-17 04:26:33.170
ETH,BUY,1.9303,552769.000,2024-07-17 04:26:33.170
ETH,BUY,1.0000,552794.000,2024-07-17 04:26:39.429
ETH,BUY,1.0000,552798.000,2024-07-17 04:26:39.429
ETH,SELL,1.0000,552155.000,2024-07-17 04:28:56.760
ETH,BUY,2.0000,552160.000,2024-07-17 04:29:00.391
ETH,BUY,2.0000,552189.000,2024-07-17 04:29:06.317
ETH,BUY,2.0000,552218.000,2024-07-17 04:29:13.090
ETH,BUY,2.0000,552218.000,2024-07-17 04:29:17.925
ETH,BUY,2.0000,552247.000,2024-07-17 04:29:20.982
ETH,BUY,0.0300,552276.000,2024-07-17 04:29:34.771
ETH,SELL,0.3782,552000.000,2024-07-17 04:30:38.691
ETH,SELL,0.2880,552000.000,2024-07-17 04:30:42.650
ETH,SELL,0.5000,552000.000,2024-07-17 04:31:01.267
ETH,SELL,0.0918,552000.000,2024-07-17 04:31:06.866
ETH,SELL,0.0100,552000.000,2024-07-17 04:31:06.866
ETH,SELL,0.0982,551598.000,2024-07-17 04:31:06.866
ETH,SELL,0.0758,551598.000,2024-07-17 04:31:09.010
ETH,SELL,0.0242,551590.000,2024-07-17 04:31:09.010
ETH,BUY,2.5600,551609.000,2024-07-17 04:32:23.260
ETH,BUY,0.0242,551614.000,2024-07-17 04:32:23.260
ETH,BUY,3.2658,551638.000,2024-07-17 04:32:23.260
ETH,BUY,0.0260,551667.000,2024-07-17 04:32:31.702
ETH,BUY,0.0453,551566.000,2024-07-17 04:33:37.802
ETH,SELL,0.0100,551565.000,2024-07-17 04:34:20.414
ETH,SELL,0.0936,551378.000,2024-07-17 04:36:17.860
ETH,SELL,0.0309,551379.000,2024-07-17 04:36:19.233
ETH,BUY,0.1100,551696.000,2024-07-17 04:37:58.576
ETH,SELL,0.4600,551715.000,2024-07-17 04:38:10.809
ETH,BUY,0.0170,552189.000,2024-07-17 04:39:36.000
ETH,BUY,0.1280,552305.000,2024-07-17 04:39:41.435
ETH,BUY,0.0650,552334.000,2024-07-17 04:41:42.568
ETH,BUY,0.0100,552653.000,2024-07-17 04:42:59.166
ETH,BUY,0.0800,552711.000,2024-07-17 04:43:13.193
ETH,BUY,2.0000,552740.000,2024-07-17 04:43:15.873
ETH,BUY,2.0000,552798.000,2024-07-17 04:43:29.976
ETH,BUY,0.0936,552757.000,2024-07-17 04:45:00.037
ETH,BUY,0.0310,552758.000,2024-07-17 04:45:00.037
ETH,BUY,1.0000,552825.000,2024-07-17 04:45:00.037
ETH,BUY,0.7100,552827.000,2024-07-17 04:45:00.037
ETH,BUY,0.1654,552856.000,2024-07-17 04:45:00.037
ETH,SELL,0.0228,552437.000,2024-07-17 04:45:33.510
ETH,BUY,0.5423,552595.000,2024-07-17 04:45:37.066
ETH,BUY,2.0000,552653.000,2024-07-17 04:45:39.617
ETH,BUY,0.1000,552711.000,2024-07-17 04:45:53.514
ETH,BUY,0.8000,552740.000,2024-07-17 04:45:55.380
ETH,BUY,0.0140,552740.000,2024-07-17 04:45:58.942
ETH,BUY,0.0200,552693.000,2024-07-17 04:46:02.577
ETH,BUY,0.2000,552711.000,2024-07-17 04:46:07.438
ETH,BUY,0.0280,552769.000,2024-07-17 04:46:27.154
ETH,BUY,0.0160,552798.000,2024-07-17 04:46:40.130
ETH,SELL,0.0178,552298.000,2024-07-17 04:48:02.955
ETH,BUY,0.0409,552363.000,2024-07-17 04:48:44.431
ETH,SELL,0.3200,552536.000,2024-07-17 04:51:22.278
ETH,SELL,0.5400,552516.000,2024-07-17 04:51:44.210
ETH,BUY,0.2000,552795.000,2024-07-17 04:51:54.775
ETH,BUY,0.1500,553256.000,2024-07-17 04:52:33.071
ETH,BUY,0.0100,553647.000,2024-07-17 04:53:09.818
ETH,SELL,0.5000,553399.000,2024-07-17 04:55:52.347
ETH,SELL,1.0000,553399.000,2024-07-17 04:56:24.075
ETH,SELL,0.2000,553360.000,2024-07-17 04:57:37.653
ETH,SELL,0.8000,553357.000,2024-07-17 04:57:37.653
ETH,BUY,0.0289,553502.000,2024-07-17 05:00:10.513
ETH,BUY,0.0310,553502.000,2024-07-17 05:00:12.209
ETH,BUY,0.0379,553502.000,2024-07-17 05:00:22.387
ETH,BUY,0.0261,553502.000,2024-07-17 05:00:35.054
ETH,BUY,0.0721,553502.000,2024-07-17 05:00:36.178
ETH,BUY,1.2300,553800.000,2024-07-17 05:00:40.377
ETH,BUY,0.7600,553800.000,2024-07-17 05:01:01.333
ETH,BUY,1.0000,553607.000,2024-07-17 05:01:31.167
ETH,BUY,0.8321,553994.000,2024-07-17 05:01:31.167
ETH,BUY,0.0370,554000.000,2024-07-17 05:01:31.167
ETH,BUY,1.6128,554025.000,2024-07-17 05:01:31.167
ETH,BUY,0.1821,554057.000,2024-07-17 05:01:31.167
ETH,BUY,0.1000,554020.000,2024-07-17 05:03:13.224
ETH,SELL,0.0194,554000.000,2024-07-17 05:03:59.337
ETH,SELL,0.0356,554000.000,2024-07-17 05:04:01.373
ETH,SELL,0.0354,554000.000,2024-07-17 05:04:02.874
ETH,SELL,0.0001,554000.000,2024-07-17 05:04:03.817
ETH,SELL,0.2915,553720.000,2024-07-17 05:04:03.817
ETH,SELL,0.0355,553720.000,2024-07-17 05:04:06.034
ETH,SELL,0.2889,553720.000,2024-07-17 05:04:10.047
ETH,BUY,1.3200,553721.000,2024-07-17 05:04:46.028
ETH,BUY,1.0000,553721.000,2024-07-17 05:04:46.028
ETH,BUY,0.8041,553722.000,2024-07-17 05:05:14.373
ETH,BUY,0.0491,553719.000,2024-07-17 05:05:26.761
ETH,BUY,0.1509,553755.000,2024-07-17 05:05:26.761
ETH,BUY,0.0500,553810.000,2024-07-17 05:05:53.055
ETH,BUY,0.0300,553870.000,2024-07-17 05:06:14.067
ETH,BUY,0.4200,553870.000,2024-07-17 05:07:33.571
ETH,BUY,1.0300,553900.000,2024-07-17 05:07:33.571
ETH,BUY,0.1500,553929.000,2024-07-17 05:07:49.168
ETH,BUY,0.0100,554057.000,2024-07-17 05:12:28.157
ETH,BUY,1.6200,554057.000,2024-07-17 05:12:39.891
ETH,BUY,0.0177,554057.000,2024-07-17 05:12:39.901
ETH,BUY,1.1702,554057.000,2024-07-17 05:12:39.902
ETH,BUY,0.4500,554179.000,2024-07-17 05:12:42.505
ETH,BUY,0.0100,554712.000,2024-07-17 05:16:11.606
ETH,BUY,0.0273,554494.000,2024-07-17 05:18:39.498
ETH,BUY,0.0245,555000.000,2024-07-17 05:20:12.022
ETH,BUY,0.0274,555000.000,2024-07-17 05:20:13.969
ETH,BUY,0.0181,555000.000,2024-07-17 05:20:15.541
ETH,BUY,0.0400,555000.000,2024-07-17 05:20:15.541
ETH,BUY,0.0149,555000.000,2024-07-17 05:20:15.541
ETH,BUY,0.0479,555000.000,2024-07-17 05:21:11.701
ETH,BUY,0.0297,555000.000,2024-07-17 05:21:13.301
ETH,BUY,0.0175,555000.000,2024-07-17 05:21:23.493
ETH,BUY,0.0200,555000.000,2024-07-17 05:21:23.493
ETH,BUY,0.0100,555000.000,2024-07-17 05:21:23.493
ETH,BUY,0.0625,555025.000,2024-07-17 05:21:23.493
ETH,BUY,0.1360,555025.000,2024-07-17 05:21:25.696
ETH,BUY,0.2315,555025.000,2024-07-17 05:21:26.159
ETH,BUY,0.0894,555102.000,2024-07-17 05:21:26.159
ETH,BUY,0.2000,555102.000,2024-07-17 05:21:26.707
ETH,BUY,0.1000,555102.000,2024-07-17 05:21:27.159
ETH,BUY,0.1699,555102.000,2024-07-17 05:21:27.406
ETH,BUY,0.0288,555102.000,2024-07-17 05:21:28.335
ETH,BUY,0.0100,555102.000,2024-07-17 05:21:28.591
ETH,BUY,0.2000,555102.000,2024-07-17 05:21:29.755
ETH,BUY,0.0700,555102.000,2024-07-17 05:21:32.006
ETH,BUY,0.1400,555102.000,2024-07-17 05:21:32.336
ETH,BUY,0.0019,555102.000,2024-07-17 05:21:35.100
ETH,BUY,0.0370,555500.000,2024-07-17 05:21:35.100
ETH,BUY,0.0611,555735.000,2024-07-17 05:21:35.100
ETH,BUY,0.4900,555735.000,2024-07-17 05:21:35.193
ETH,SELL,0.2000,555826.000,2024-07-17 05:23:05.592
ETH,BUY,0.0500,555617.000,2024-07-17 05:23:23.988
ETH,BUY,0.2317,555992.000,2024-07-17 05:24:39.630
ETH,BUY,0.2000,556000.000,2024-07-17 05:24:48.580
ETH,BUY,0.3000,556000.000,2024-07-17 05:24:49.185
ETH,BUY,0.0811,556000.000,2024-07-17 05:24:51.911
ETH,BUY,0.1000,556000.000,2024-07-17 05:24:52.700
ETH,SELL,0.4900,555938.000,2024-07-17 05:25:17.269
ETH,BUY,0.1110,555700.000,2024-07-17 05:25:35.926
ETH,BUY,0.0180,555977.000,2024-07-17 05:25:50.161
ETH,BUY,0.0500,556000.000,2024-07-17 05:27:21.447
ETH,SELL,1.0000,555999.000,2024-07-17 05:28:35.867
ETH,BUY,0.0176,556000.000,2024-07-17 05:28:36.244
ETH,BUY,0.5000,556000.000,2024-07-17 05:29:26.261
ETH,SELL,0.0100,555655.000,2024-07-17 05:31:28.625
ETH,SELL,0.1628,555655.000,2024-07-17 05:31:33.476
ETH,BUY,0.0110,555529.000,2024-07-17 05:33:19.737
ETH,SELL,0.2000,554985.000,2024-07-17 05:34:16.176
ETH,SELL,0.0500,554981.000,2024-07-17 05:34:16.176
ETH,BUY,0.1800,555011.000,2024-07-17 05:34:22.781
ETH,BUY,0.0799,555015.000,2024-07-17 05:34:23.269
ETH,SELL,2.2100,555199.000,2024-07-17 05:37:44.358
ETH,SELL,1.0000,555199.000,2024-07-17 05:37:44.358
ETH,SELL,0.3900,555199.000,2024-07-17 05:37:44.358
ETH,SELL,0.1100,555199.000,2024-07-17 05:37:44.358
ETH,SELL,0.0400,555199.000,2024-07-17 05:37:44.358
ETH,BUY,0.0107,555541.000,2024-07-17 05:37:59.818
ETH,BUY,0.4756,555695.000,2024-07-17 05:38:04.962
ETH,BUY,0.0400,555718.000,2024-07-17 05:38:04.962
ETH,BUY,1.4844,555722.000,2024-07-17 05:38:04.962
ETH,BUY,0.0437,555735.000,2024-07-17 05:38:15.893
ETH,BUY,1.6157,555743.000,2024-07-17 05:38:15.893
ETH,BUY,0.3406,555959.000,2024-07-17 05:38:15.893
ETH,BUY,2.0000,555959.000,2024-07-17 05:38:30.917
ETH,BUY,0.2100,555959.000,2024-07-17 05:38:41.246
ETH,BUY,0.7100,555988.000,2024-07-17 05:38:41.246
ETH,BUY,1.0800,556000.000,2024-07-17 05:38:41.246
ETH,BUY,0.8000,556000.000,2024-07-17 05:38:58.366
ETH,BUY,0.1600,556000.000,2024-07-17 05:39:13.786
ETH,SELL,0.0500,555610.000,2024-07-17 05:39:31.906
ETH,BUY,0.0160,556000.000,2024-07-17 05:39:33.109
ETH,BUY,0.0140,556000.000,2024-07-17 05:39:51.470
ETH,BUY,0.1000,556000.000,2024-07-17 05:40:26.201
ETH,SELL,0.1000,555310.000,2024-07-17 05:41:47.147
ETH,SELL,0.1000,555248.000,2024-07-17 05:43:01.750
ETH,SELL,0.1000,555272.000,2024-07-17 05:43:37.712
ETH,SELL,0.0200,555280.000,2024-07-17 05:43:50.556
ETH,SELL,0.0590,554801.000,2024-07-17 05:44:59.265
ETH,BUY,1.0000,554804.000,2024-07-17 05:46:30.133
ETH,BUY,0.2000,554805.000,2024-07-17 05:46:30.133
ETH,BUY,0.0590,554814.000,2024-07-17 05:46:30.133
ETH,BUY,0.1410,554818.000,2024-07-17 05:46:30.133
ETH,SELL,0.1730,554800.000,2024-07-17 05:46:45.997
ETH,SELL,0.0700,554568.000,2024-07-17 05:46:47.094
ETH,SELL,0.0100,554394.000,2024-07-17 05:46:47.663
ETH,SELL,0.1143,554186.000,2024-07-17 05:46:48.497
ETH,BUY,0.1143,554276.000,2024-07-17 05:47:19.492
ETH,BUY,0.0357,554277.000,2024-07-17 05:47:19.492
ETH,BUY,0.0400,554278.000,2024-07-17 05:48:21.822
ETH,BUY,0.2500,554364.000,2024-07-17 05:49:18.760
ETH,SELL,0.0204,554300.000,2024-07-17 05:53:01.478
ETH,SELL,0.0296,554300.000,2024-07-17 05:53:03.127
ETH,SELL,0.0200,554115.000,2024-07-17 05:53:47.491
ETH,SELL,0.0263,553734.000,2024-07-17 05:53:50.445
ETH,SELL,0.0235,553532.000,2024-07-17 05:53:57.433
ETH,SELL,0.0100,554232.000,2024-07-17 05:55:29.119
ETH,BUY,0.0500,554538.000,2024-07-17 05:55:43.149
ETH,BUY,0.0500,554567.000,2024-07-17 05:55:57.019
ETH,BUY,0.0400,554693.000,2024-07-17 05:56:35.009
ETH,BUY,0.1600,554712.000,2024-07-17 05:56:35.009
ETH,SELL,0.0118,554353.000,2024-07-17 05:57:38.974
ETH,BUY,0.0100,554332.000,2024-07-17 05:58:42.093
ETH,SELL,0.0110,553877.000,2024-07-17 05:58:45.946
ETH,BUY,0.0400,553900.000,2024-07-17 05:59:24.589
ETH,SELL,0.0103,553527.000,2024-07-17 05:59:28.933
ETH,BUY,0.0103,553475.000,2024-07-17 06:00:33.150
ETH,BUY,0.0135,553478.000,2024-07-17 06:00:33.150
ETH,BUY,0.7400,553581.000,2024-07-17 06:00:33.150
ETH,BUY,0.7500,553610.000,2024-07-17 06:00:33.150
ETH,BUY,0.4862,553639.000,2024-07-17 06:00:33.150
ETH,BUY,0.7900,553668.000,2024-07-17 06:00:45.483
ETH,BUY,1.0000,553696.000,2024-07-17 06:00:45.483
ETH,BUY,0.2100,553697.000,2024-07-17 06:00:45.483
ETH,SELL,0.0150,553089.000,2024-07-17 06:00:50.932
ETH,SELL,0.0100,553003.000,2024-07-17 06:00:56.082
ETH,BUY,0.0100,553146.000,2024-07-17 06:00:58.711
ETH,BUY,0.2000,553146.000,2024-07-17 06:00:58.883
ETH,BUY,0.0700,553146.000,2024-07-17 06:00:58.970
ETH,BUY,0.6000,553146.000,2024-07-17 06:00:59.496
ETH,BUY,0.1000,553204.000,2024-07-17 06:01:00.346
ETH,BUY,2.0000,553262.000,2024-07-17 06:01:00.885
ETH,BUY,2.0000,553291.000,2024-07-17 06:01:11.075
ETH,BUY,0.0200,553320.000,2024-07-17 06:01:29.309
ETH,BUY,1.2000,553349.000,2024-07-17 06:01:48.929
ETH,BUY,0.9300,553407.000,2024-07-17 06:02:54.048
ETH,SELL,0.0193,553115.000,2024-07-17 06:02:59.430
ETH,BUY,0.0800,553431.000,2024-07-17 06:03:09.475
ETH,BUY,0.0100,553581.000,2024-07-17 06:03:10.131
ETH,BUY,0.0300,553190.000,2024-07-17 06:03:11.136
ETH,BUY,0.0300,553190.000,2024-07-17 06:03:11.835
ETH,BUY,0.0100,553311.000,2024-07-17 06:03:16.681
ETH,BUY,0.0100,553311.000,2024-07-17 06:03:16.709
ETH,BUY,0.0700,553311.000,2024-07-17 06:03:16.839
ETH,BUY,0.3200,553311.000,2024-07-17 06:03:16.863
ETH,BUY,0.2000,553311.000,2024-07-17 06:03:16.902
ETH,BUY,0.0100,553311.000,2024-07-17 06:03:17.022
ETH,BUY,0.3800,553311.000,2024-07-17 06:03:17.473
ETH,BUY,0.0300,553755.000,2024-07-17 06:03:17.700
ETH,BUY,0.6000,553755.000,2024-07-17 06:03:17.702
ETH,BUY,0.1129,553755.000,2024-07-17 06:03:17.824
ETH,BUY,0.1000,553813.000,2024-07-17 06:03:18.736
ETH,BUY,0.0100,553871.000,2024-07-17 06:03:27.763
ETH,BUY,0.0180,553871.000,2024-07-17 06:03:28.147
ETH,SELL,0.0186,553442.000,2024-07-17 06:03:34.944
ETH,SELL,0.0224,553958.000,2024-07-17 06:07:59.986
ETH,SELL,0.0257,553836.000,2024-07-17 06:09:29.425
ETH,SELL,0.0100,553836.000,2024-07-17 06:09:34.938
ETH,SELL,0.0173,553836.000,2024-07-17 06:10:43.480
ETH,SELL,0.0200,554019.000,2024-07-17 06:16:50.485
ETH,BUY,0.0193,554030.000,2024-07-17 06:16:54.746
ETH,BUY,0.0224,554166.000,2024-07-17 06:16:54.746
ETH,BUY,0.0283,554190.000,2024-07-17 06:16:54.746
ETH,BUY,0.0180,554364.000,2024-07-17 06:17:07.573
ETH,SELL,0.0256,553840.000,2024-07-17 06:17:54.478
ETH,BUY,0.1500,553871.000,2024-07-17 06:18:35.838
ETH,BUY,0.1000,553900.000,2024-07-17 06:19:21.642
ETH,SELL,0.1000,553838.000,2024-07-17 06:20:09.949
ETH,SELL,0.1000,553846.000,2024-07-17 06:20:26.960
ETH,BUY,0.1000,553929.000,2024-07-17 06:21:22.965
ETH,SELL,0.0174,553836.000,2024-07-17 06:22:53.597
ETH,SELL,0.0102,553836.000,2024-07-17 06:22:55.504
ETH,SELL,0.0194,553836.000,2024-07-17 06:22:56.018
ETH,BUY,1.0000,553803.000,2024-07-17 06:23:43.680
ETH,BUY,0.1000,553826.000,2024-07-17 06:23:43.680
ETH,SELL,0.0390,553300.000,2024-07-17 06:23:59.407
ETH,SELL,0.0515,553300.000,2024-07-17 06:24:01.102
ETH,SELL,0.0107,553000.000,2024-07-17 06:24:08.432
ETH,SELL,0.0185,553000.000,2024-07-17 06:24:39.243
ETH,SELL,0.0139,553000.000,2024-07-17 06:25:08.160
ETH,SELL,0.0115,553000.000,2024-07-17 06:25:12.418
ETH,SELL,0.0117,553000.000,2024-07-17 06:25:15.468
ETH,SELL,0.0277,553000.000,2024-07-17 06:25:47.253
ETH,SELL,0.0139,553000.000,2024-07-17 06:25:50.934
ETH,SELL,0.0021,553000.000,2024-07-17 06:26:10.678
ETH,SELL,0.1000,552401.000,2024-07-17 06:26:34.485
ETH,SELL,0.0900,552401.000,2024-07-17 06:26:53.316
ETH,SELL,0.2225,552401.000,2024-07-17 06:27:06.236
ETH,SELL,0.0118,552401.000,2024-07-17 06:27:08.362
ETH,SELL,0.0448,552401.000,2024-07-17 06:27:15.689
ETH,SELL,0.0984,552401.000,2024-07-17 06:27:31.180
ETH,SELL,0.0500,552401.000,2024-07-17 06:27:58.223
ETH,SELL,0.0175,552401.000,2024-07-17 06:28:07.527
ETH,SELL,0.0370,552400.000,2024-07-17 06:28:08.871
ETH,SELL,0.1500,552101.000,2024-07-17 06:29:51.839
ETH,BUY,0.0500,552131.000,2024-07-17 06:29:54.445
ETH,SELL,0.0890,552000.000,2024-07-17 06:31:22.617
ETH,SELL,1.1151,551752.000,2024-07-17 06:31:22.617
ETH,SELL,0.4059,551324.000,2024-07-17 06:31:22.617
ETH,BUY,1.4800,551406.000,2024-07-17 06:31:26.339
ETH,BUY,1.6300,551435.000,2024-07-17 06:31:28.320
ETH,SELL,0.0822,550574.000,2024-07-17 06:33:00.947
ETH,SELL,2.1478,550574.000,2024-07-17 06:33:01.025
ETH,SELL,1.0000,550551.000,2024-07-17 06:33:01.025
ETH,SELL,1.8000,550530.000,2024-07-17 06:33:01.025
ETH,SELL,0.1000,550329.000,2024-07-17 06:33:01.025
ETH,SELL,1.0000,550328.000,2024-07-17 06:33:01.025
ETH,SELL,0.1244,550085.000,2024-07-17 06:33:01.025
ETH,SELL,0.5933,550013.000,2024-07-17 06:33:01.025
ETH,SELL,0.5454,550012.000,2024-07-17 06:33:01.025
ETH,SELL,2.6891,550000.000,2024-07-17 06:33:01.025
ETH,BUY,0.1434,550323.000,2024-07-17 06:33:10.576
ETH,BUY,0.0700,550797.000,2024-07-17 06:35:42.110
ETH,SELL,0.0199,551174.000,2024-07-17 06:36:25.986
ETH,BUY,1.0000,551080.000,2024-07-17 06:36:54.741
ETH,BUY,0.0700,551431.000,2024-07-17 06:37:19.886
ETH,BUY,0.1000,551431.000,2024-07-17 06:37:22.244
ETH,BUY,0.0700,551606.000,2024-07-17 06:38:05.173
ETH,BUY,0.4000,551917.000,2024-07-17 06:38:16.376
ETH,BUY,0.3000,551905.000,2024-07-17 06:38:28.936
ETH,SELL,0.2050,551679.000,2024-07-17 06:39:20.180
ETH,SELL,0.4100,551887.000,2024-07-17 06:40:22.158
ETH,BUY,0.8100,551636.000,2024-07-17 06:41:02.309
ETH,SELL,0.0100,551771.000,2024-07-17 06:41:20.066
ETH,BUY,0.0200,551758.000,2024-07-17 06:41:28.937
ETH,BUY,0.0700,551906.000,2024-07-17 06:41:38.952
ETH,BUY,0.6000,552138.000,2024-07-17 06:41:45.114
ETH,BUY,0.3200,552138.000,2024-07-17 06:41:45.343
ETH,BUY,0.0100,552138.000,2024-07-17 06:41:45.386
ETH,BUY,0.0100,552138.000,2024-07-17 06:41:45.640
ETH,BUY,0.0300,552138.000,2024-07-17 06:41:46.118
ETH,BUY,0.1000,552162.000,2024-07-17 06:41:47.745
ETH,BUY,0.0100,552674.000,2024-07-17 06:43:42.846
ETH,BUY,0.5000,552673.000,2024-07-17 06:44:37.338
ETH,SELL,0.0100,552650.000,2024-07-17 06:46:04.316
ETH,SELL,0.0116,552650.000,2024-07-17 06:46:46.428
ETH,SELL,0.0740,552650.000,2024-07-17 06:47:12.945
ETH,SELL,1.6299,552650.000,2024-07-17 06:47:17.676
ETH,SELL,0.0123,552650.000,2024-07-17 06:47:34.931
ETH,SELL,1.6299,552650.000,2024-07-17 06:47:37.662
ETH,BUY,0.3723,552651.000,2024-07-17 06:47:40.732
ETH,SELL,0.0200,551822.000,2024-07-17 06:48:43.433
ETH,BUY,0.0950,551840.000,2024-07-17 06:49:05.230
ETH,SELL,1.6200,552264.000,2024-07-17 06:54:53.690
ETH,SELL,1.6200,552264.000,2024-07-17 06:54:53.690
ETH,SELL,0.7600,552263.000,2024-07-17 06:54:53.690
ETH,SELL,0.0370,552310.000,2024-07-17 06:55:14.096
ETH,BUY,0.2151,552065.000,2024-07-17 06:58:15.057
ETH,BUY,1.6201,552068.000,2024-07-17 06:58:15.057
ETH,BUY,1.6201,552068.000,2024-07-17 06:58:15.057
ETH,BUY,0.1000,552332.000,2024-07-17 06:58:15.057
ETH,BUY,1.7050,552333.000,2024-07-17 06:58:15.057
ETH,BUY,0.5797,552334.000,2024-07-17 06:58:15.057
ETH,SELL,0.0116,552334.000,2024-07-17 07:00:56.835
ETH,SELL,0.0884,551694.000,2024-07-17 07:00:56.835
ETH,SELL,0.2000,551636.000,2024-07-17 07:01:29.961
ETH,SELL,0.0173,551606.000,2024-07-17 07:03:16.549
ETH,BUY,0.0125,551425.000,2024-07-17 07:05:08.469
ETH,BUY,0.0100,551678.000,2024-07-17 07:08:24.877
ETH,SELL,0.0500,551690.000,2024-07-17 07:13:30.898
ETH,SELL,0.9500,551212.000,2024-07-17 07:13:30.898
ETH,BUY,1.0000,551071.000,2024-07-17 07:13:33.629
ETH,BUY,1.0000,551124.000,2024-07-17 07:13:36.734
ETH,BUY,0.0200,551135.000,2024-07-17 07:15:43.984
ETH,BUY,1.0073,550919.000,2024-07-17 07:16:35.866
ETH,BUY,0.2833,550929.000,2024-07-17 07:16:35.866
ETH,BUY,1.0000,550936.000,2024-07-17 07:16:35.866
ETH,BUY,1.0000,551067.000,2024-07-17 07:16:35.866
ETH,BUY,0.0759,551070.000,2024-07-17 07:16:35.866
ETH,BUY,0.5005,551145.000,2024-07-17 07:16:35.866
ETH,SELL,0.1000,550364.000,2024-07-17 07:18:34.773
ETH,SELL,0.0400,550301.000,2024-07-17 07:18:34.773
ETH,BUY,0.5000,550673.000,2024-07-17 07:21:14.125
ETH,BUY,0.1000,550354.000,2024-07-17 07:21:17.125
ETH,BUY,0.1200,550710.000,2024-07-17 07:21:23.735
ETH,BUY,0.3400,550001.000,2024-07-17 07:24:16.856
ETH,BUY,0.2000,550155.000,2024-07-17 07:24:43.886
ETH,BUY,0.3400,550159.000,2024-07-17 07:24:43.886
ETH,SELL,0.2880,550000.000,2024-07-17 07:27:47.479
ETH,SELL,0.0229,550000.000,2024-07-17 07:27:50.489
ETH,SELL,0.0155,550000.000,2024-07-17 07:27:50.489
ETH,SELL,0.0100,550000.000,2024-07-17 07:27:50.489
ETH,SELL,0.1000,550000.000,2024-07-17 07:27:50.489
ETH,SELL,0.0100,550000.000,2024-07-17 07:27:50.489
ETH,SELL,0.1296,550000.000,2024-07-17 07:27:50.489
ETH,SELL,0.4204,550000.000,2024-07-17 07:28:43.344
ETH,SELL,0.0100,550000.000,2024-07-17 07:28:43.344
ETH,SELL,0.0100,550000.000,2024-07-17 07:28:43.344
ETH,SELL,0.2000,549410.000,2024-07-17 07:30:33.163
ETH,SELL,0.3638,549408.000,2024-07-17 07:30:33.163
ETH,SELL,0.0200,549000.000,2024-07-17 07:30:58.691
ETH,SELL,1.7000,549000.000,2024-07-17 07:30:58.691
ETH,SELL,2.5100,548701.000,2024-07-17 07:30:58.691
ETH,SELL,0.0700,548471.000,2024-07-17 07:30:58.691
ETH,BUY,0.0150,548535.000,2024-07-17 07:31:32.144
ETH,SELL,0.0200,548442.000,2024-07-17 07:33:50.206
ETH,SELL,0.0370,548400.000,2024-07-17 07:33:50.206
ETH,SELL,0.1000,548146.000,2024-07-17 07:33:50.206
ETH,SELL,0.3530,548145.000,2024-07-17 07:33:50.206
ETH,SELL,0.0200,548261.000,2024-07-17 07:34:00.350
ETH,SELL,0.0200,548000.000,2024-07-17 07:36:54.665
ETH,SELL,0.1800,547968.000,2024-07-17 07:36:54.665
ETH,SELL,0.0557,547898.000,2024-07-17 07:37:13.924
ETH,SELL,0.0156,547849.000,2024-07-17 07:37:19.436
ETH,SELL,0.0449,547560.000,2024-07-17 07:37:19.436
ETH,BUY,1.0000,547664.000,2024-07-17 07:37:32.913
ETH,BUY,0.2000,548205.000,2024-07-17 07:38:36.487
ETH,BUY,0.1200,548276.000,2024-07-17 07:38:36.487
ETH,BUY,0.0100,548276.000,2024-07-17 07:38:36.513
ETH,BUY,0.0100,548276.000,2024-07-17 07:38:36.518
ETH,BUY,0.6000,548276.000,2024-07-17 07:38:36.580
ETH,BUY,0.0700,548276.000,2024-07-17 07:38:36.714
ETH,SELL,1.4000,548205.000,2024-07-17 07:38:37.302
ETH,SELL,0.6400,548204.000,2024-07-17 07:38:37.302
ETH,SELL,1.0000,547941.000,2024-07-17 07:38:37.302
ETH,SELL,0.1000,547788.000,2024-07-17 07:38:37.302
ETH,SELL,0.6053,547785.000,2024-07-17 07:38:37.302
ETH,SELL,0.2295,547783.000,2024-07-17 07:38:37.302
ETH,SELL,0.0252,547723.000,2024-07-17 07:38:37.302
ETH,BUY,0.0300,548276.000,2024-07-17 07:38:37.689
ETH,BUY,0.6000,548328.000,2024-07-17 07:38:44.120
ETH,BUY,0.0100,548328.000,2024-07-17 07:38:44.124
ETH,BUY,0.3200,548328.000,2024-07-17 07:38:44.165
ETH,BUY,0.0700,548910.000,2024-07-17 07:41:00.939
ETH,BUY,0.7000,549166.000,2024-07-17 07:41:36.285
ETH,SELL,0.0400,548861.000,2024-07-17 07:44:45.727
ETH,SELL,0.0400,548790.000,2024-07-17 07:46:35.275
ETH,SELL,0.0927,548945.000,2024-07-17 07:47:10.472
ETH,BUY,0.0316,549199.000,2024-07-17 07:49:14.605
ETH,BUY,0.0240,549199.000,2024-07-17 07:49:16.240
ETH,BUY,0.0100,549199.000,2024-07-17 07:49:17.129
ETH,BUY,0.0262,549199.000,2024-07-17 07:49:21.607
ETH,BUY,0.0284,549199.000,2024-07-17 07:49:25.715
ETH,BUY,0.0700,549199.000,2024-07-17 07:49:27.820
ETH,BUY,0.0928,549199.000,2024-07-17 07:49:28.386
ETH,BUY,0.0152,549199.000,2024-07-17 07:49:43.777
ETH,BUY,0.0481,549199.000,2024-07-17 07:49:46.621
ETH,BUY,0.2585,549199.000,2024-07-17 07:49:49.548
ETH,BUY,0.3900,548436.000,2024-07-17 07:54:47.264
ETH,BUY,1.6400,548294.000,2024-07-17 07:55:08.612
ETH,BUY,0.4600,548295.000,2024-07-17 07:55:08.612
ETH,BUY,0.0235,548266.000,2024-07-17 07:55:39.956
ETH,BUY,0.9765,548266.000,2024-07-17 07:55:42.071
ETH,BUY,1.0000,548296.000,2024-07-17 07:55:43.111
ETH,BUY,1.0000,548223.000,2024-07-17 07:55:50.294
ETH,BUY,1.0000,548256.000,2024-07-17 07:55:53.708
ETH,SELL,0.1000,548366.000,2024-07-17 07:56:30.568
ETH,BUY,0.0177,548357.000,2024-07-17 07:56:40.028
ETH,SELL,1.0000,548434.000,2024-07-17 07:56:51.007
ETH,SELL,0.4600,548384.000,2024-07-17 07:56:51.007
ETH,SELL,1.6400,548383.000,2024-07-17 07:56:51.007
ETH,BUY,0.1000,548370.000,2024-07-17 07:58:07.127
ETH,BUY,0.0160,547803.000,2024-07-17 08:03:00.805
ETH,SELL,0.1600,547645.000,2024-07-17 08:03:22.732
ETH,SELL,0.1929,547645.000,2024-07-17 08:03:22.732
ETH,SELL,0.0300,547596.000,2024-07-17 08:03:47.540
ETH,BUY,2.2010,547803.000,2024-07-17 08:05:49.997
ETH,BUY,1.0000,547983.000,2024-07-17 08:05:49.997
ETH,BUY,1.6357,548026.000,2024-07-17 08:05:49.997
ETH,BUY,1.1633,548027.000,2024-07-17 08:05:49.997
ETH,SELL,0.0913,547496.000,2024-07-17 08:07:29.448
ETH,SELL,0.4767,547496.000,2024-07-17 08:07:30.245
ETH,SELL,0.0198,547496.000,2024-07-17 08:07:34.921
ETH,SELL,0.0100,547496.000,2024-07-17 08:07:34.984
ETH,SELL,0.0022,547496.000,2024-07-17 08:07:35.656
ETH,SELL,0.0078,546931.000,2024-07-17 08:07:35.656
ETH,SELL,0.0022,546931.000,2024-07-17 08:07:35.842
ETH,SELL,0.0278,546782.000,2024-07-17 08:07:35.842
ETH,BUY,0.0500,546663.000,2024-07-17 08:08:22.672
ETH,BUY,0.9530,546691.000,2024-07-17 08:08:55.343
ETH,SELL,0.0124,546301.000,2024-07-17 08:11:46.938
ETH,SELL,0.0125,546300.000,2024-07-17 08:13:23.945
ETH,SELL,0.0245,546300.000,2024-07-17 08:13:24.576
ETH,BUY,1.0000,545371.000,2024-07-17 08:14:08.678
ETH,SELL,0.2626,545354.000,2024-07-17 08:15:15.947
ETH,SELL,0.0536,545354.000,2024-07-17 08:15:15.947
ETH,BUY,0.1000,545390.000,2024-07-17 08:15:23.726
ETH,BUY,0.1000,545390.000,2024-07-17 08:15:32.400
ETH,BUY,0.0131,545452.000,2024-07-17 08:15:37.950
ETH,SELL,0.0290,545452.000,2024-07-17 08:17:28.301
ETH,SELL,0.0200,545350.000,2024-07-17 08:17:28.301
ETH,SELL,0.0726,545257.000,2024-07-17 08:17:28.301
ETH,SELL,0.2000,545255.000,2024-07-17 08:18:01.114
ETH,SELL,0.0700,545255.000,2024-07-17 08:18:01.276
ETH,SELL,0.1000,545255.000,2024-07-17 08:18:02.217
ETH,SELL,0.1860,545255.000,2024-07-17 08:18:19.202
ETH,SELL,0.0003,545000.000,2024-07-17 08:18:19.202
ETH,SELL,0.0137,545000.000,2024-07-17 08:18:19.202
ETH,SELL,0.1000,545001.000,2024-07-17 08:18:58.212
ETH,SELL,0.0783,545000.000,2024-07-17 08:18:58.212
ETH,SELL,0.0134,545000.000,2024-07-17 08:18:58.212
ETH,SELL,0.0083,545000.000,2024-07-17 08:18:58.212
ETH,BUY,0.0596,545072.000,2024-07-17 08:19:11.958
ETH,SELL,0.1000,545001.000,2024-07-17 08:19:17.911
ETH,SELL,0.0917,545000.000,2024-07-17 08:19:17.911
ETH,SELL,0.0083,545000.000,2024-07-17 08:19:17.911
ETH,SELL,0.0017,545000.000,2024-07-17 08:19:19.809
ETH,SELL,0.0200,545000.000,2024-07-17 08:19:19.809
ETH,SELL,0.0483,545000.000,2024-07-17 08:19:19.809
ETH,SELL,0.3200,545000.000,2024-07-17 08:19:20.113
ETH,SELL,0.0700,545000.000,2024-07-17 08:19:20.931
ETH,SELL,0.0017,545000.000,2024-07-17 08:19:21.463
ETH,SELL,0.4983,545000.000,2024-07-17 08:19:21.463
ETH,SELL,0.0199,545000.000,2024-07-17 08:19:21.697
ETH,SELL,0.0186,545000.000,2024-07-17 08:19:21.825
ETH,SELL,0.2000,545000.000,2024-07-17 08:19:23.480
ETH,SELL,0.0700,545000.000,2024-07-17 08:19:23.482
ETH,SELL,0.0100,545000.000,2024-07-17 08:19:23.483
ETH,SELL,0.0082,545000.000,2024-07-17 08:19:23.662
ETH,SELL,0.0100,545000.000,2024-07-17 08:19:23.662
ETH,SELL,0.0200,544328.000,2024-07-17 08:19:24.146
ETH,SELL,0.0100,544173.000,2024-07-17 08:19:24.146
ETH,SELL,0.0100,544173.000,2024-07-17 08:19:24.417
ETH,SELL,0.0600,544173.000,2024-07-17 08:19:24.701
ETH,BUY,0.3670,544388.000,2024-07-17 08:19:31.018
ETH,SELL,1.0000,544143.000,2024-07-17 08:19:41.321
ETH,SELL,0.5000,544189.000,2024-07-17 08:20:12.960
ETH,BUY,0.0181,544393.000,2024-07-17 08:20:26.880
ETH,BUY,0.5000,544852.000,2024-07-17 08:22:08.364
ETH,BUY,0.7510,544877.000,2024-07-17 08:22:12.973
ETH,BUY,0.5160,546233.000,2024-07-17 08:23:47.592
ETH,BUY,0.4840,546233.000,2024-07-17 08:23:47.690
ETH,BUY,0.2000,546689.000,2024-07-17 08:24:20.525
ETH,BUY,0.3000,546708.000,2024-07-17 08:25:03.217
ETH,BUY,0.0300,546585.000,2024-07-17 08:25:51.337
ETH,BUY,0.4600,546601.000,2024-07-17 08:25:51.337
ETH,BUY,0.1100,546624.000,2024-07-17 08:25:51.337
ETH,BUY,1.5000,546654.000,2024-07-17 08:25:51.337
ETH,BUY,0.3042,546709.000,2024-07-17 08:25:51.337
ETH,BUY,0.2301,546710.000,2024-07-17 08:25:51.337
ETH,BUY,1.3657,546737.000,2024-07-17 08:25:51.337
ETH,BUY,0.4000,546401.000,2024-07-17 08:26:15.445
ETH,BUY,0.0500,547278.000,2024-07-17 08:29:08.137
ETH,BUY,0.3750,547599.000,2024-07-17 08:29:25.512
ETH,BUY,0.3375,547599.000,2024-07-17 08:29:25.571
ETH,BUY,0.1000,547599.000,2024-07-17 08:29:25.649
ETH,BUY,0.5320,547955.000,2024-07-17 08:29:30.923
ETH,BUY,0.0220,548155.000,2024-07-17 08:30:37.979
ETH,BUY,0.0600,548155.000,2024-07-17 08:30:38.341
ETH,BUY,0.1180,548155.000,2024-07-17 08:30:39.193
ETH,BUY,0.0200,548411.000,2024-07-17 08:30:42.696
ETH,BUY,0.0200,548512.000,2024-07-17 08:30:42.696
ETH,BUY,0.0100,549032.000,2024-07-17 08:31:40.794
ETH,SELL,0.3000,548941.000,2024-07-17 08:33:11.068
ETH,BUY,0.0990,548999.000,2024-07-17 08:35:22.505
ETH,BUY,0.0182,548025.000,2024-07-17 08:37:42.764
ETH,SELL,0.1180,548005.000,2024-07-17 08:39:30.145
ETH,SELL,0.0650,548000.000,2024-07-17 08:39:33.949
ETH,SELL,0.2880,548000.000,2024-07-17 08:39:38.321
ETH,SELL,0.0070,548000.000,2024-07-17 08:39:56.518
ETH,BUY,0.0818,547610.000,2024-07-17 08:40:32.800
ETH,BUY,0.0182,547611.000,2024-07-17 08:40:32.800
ETH,SELL,0.0497,546865.000,2024-07-17 08:40:53.954
ETH,SELL,0.0197,546725.000,2024-07-17 08:40:59.424
ETH,SELL,0.0282,546609.000,2024-07-17 08:41:17.200
ETH,SELL,0.0385,546609.000,2024-07-17 08:41:22.094
ETH,SELL,0.0309,546609.000,2024-07-17 08:41:24.133
ETH,SELL,0.0276,546609.000,2024-07-17 08:41:25.906
ETH,SELL,0.8748,546609.000,2024-07-17 08:41:30.973
ETH,SELL,0.0100,545968.000,2024-07-17 08:41:41.001
ETH,SELL,0.0010,545546.000,2024-07-17 08:41:41.001
ETH,SELL,0.0100,545615.000,2024-07-17 08:45:17.629
ETH,BUY,0.0700,546448.000,2024-07-17 08:46:52.383
ETH,BUY,0.1000,546448.000,2024-07-17 08:46:54.177
ETH,BUY,0.0400,546500.000,2024-07-17 08:47:11.370
ETH,BUY,0.0500,546234.000,2024-07-17 08:50:34.800
ETH,BUY,0.0900,545770.000,2024-07-17 08:53:03.685
ETH,SELL,0.0150,545054.000,2024-07-17 08:53:11.932
ETH,BUY,0.3100,545084.000,2024-07-17 08:53:14.214
ETH,SELL,0.6000,545059.000,2024-07-17 08:53:16.133
ETH,BUY,0.0366,545498.000,2024-07-17 08:54:47.738
ETH,BUY,0.0700,545577.000,2024-07-17 08:54:53.236
ETH,BUY,0.1000,545647.000,2024-07-17 08:54:54.151
ETH,SELL,0.0026,544920.000,2024-07-17 08:55:56.455
ETH,SELL,0.0142,544917.000,2024-07-17 08:55:56.455
ETH,SELL,0.0102,544735.000,2024-07-17 08:57:07.925
ETH,SELL,0.0200,544725.000,2024-07-17 08:58:52.424
ETH,BUY,0.4700,544763.000,2024-07-17 08:59:44.481
ETH,BUY,0.0100,544765.000,2024-07-17 08:59:45.423
ETH,BUY,0.1300,544778.000,2024-07-17 08:59:51.370
ETH,BUY,0.0300,544794.000,2024-07-17 08:59:51.554
ETH,BUY,0.0100,544794.000,2024-07-17 08:59:51.601
ETH,BUY,0.1300,544823.000,2024-07-17 08:59:52.148
ETH,BUY,0.1900,544885.000,2024-07-17 08:59:57.346
ETH,BUY,0.0430,544910.000,2024-07-17 09:00:28.213
ETH,SELL,0.0164,544725.000,2024-07-17 09:00:32.944
ETH,SELL,0.0241,544764.000,2024-07-17 09:03:59.458
ETH,SELL,0.0182,544873.000,2024-07-17 09:04:43.943
ETH,BUY,0.1000,544968.000,2024-07-17 09:05:09.091
ETH,SELL,0.0135,544991.000,2024-07-17 09:05:56.936
ETH,BUY,0.1000,545073.000,2024-07-17 09:06:02.985
ETH,SELL,0.0950,545125.000,2024-07-17 09:06:32.582
ETH,BUY,0.0700,545182.000,2024-07-17 09:06:34.574
ETH,BUY,0.5000,545182.000,2024-07-17 09:06:35.011
ETH,BUY,0.1651,545182.000,2024-07-17 09:06:35.230
ETH,BUY,0.2649,545182.000,2024-07-17 09:06:35.306
ETH,BUY,0.1433,545894.000,2024-07-17 09:06:39.978
ETH,BUY,0.0317,545894.000,2024-07-17 09:06:40.161
ETH,BUY,0.3100,545782.000,2024-07-17 09:07:25.986
ETH,BUY,0.1433,545818.000,2024-07-17 09:07:25.986
ETH,BUY,0.0317,545821.000,2024-07-17 09:07:25.986
ETH,BUY,0.9150,545896.000,2024-07-17 09:07:25.986
ETH,SELL,0.0162,545495.000,2024-07-17 09:07:29.448
ETH,BUY,0.3000,545548.000,2024-07-17 09:07:39.347
ETH,BUY,0.0100,545495.000,2024-07-17 09:07:53.171
ETH,BUY,0.0900,545693.000,2024-07-17 09:07:56.333
ETH,BUY,0.1100,545693.000,2024-07-17 09:07:56.838
ETH,BUY,0.0200,545809.000,2024-07-17 09:08:11.032
ETH,BUY,0.0400,546041.000,2024-07-17 09:10:12.474
ETH,BUY,0.0200,546186.000,2024-07-17 09:11:33.845
ETH,BUY,0.0200,546215.000,2024-07-17 09:11:33.845
ETH,SELL,0.1000,546070.000,2024-07-17 09:11:38.010
ETH,BUY,0.1000,546467.000,2024-07-17 09:12:15.891
ETH,BUY,0.0500,546476.000,2024-07-17 09:13:47.310
ETH,BUY,0.0100,546650.000,2024-07-17 09:15:01.257
ETH,BUY,0.0700,546476.000,2024-07-17 09:15:22.048
ETH,BUY,0.1000,546476.000,2024-07-17 09:15:23.335
ETH,BUY,0.0100,546476.000,2024-07-17 09:15:47.538
ETH,BUY,0.0836,546476.000,2024-07-17 09:15:48.102
ETH,BUY,0.2364,546853.000,2024-07-17 09:15:48.102
ETH,BUY,0.1000,546853.000,2024-07-17 09:15:48.111
ETH,BUY,0.2000,546853.000,2024-07-17 09:16:06.657
ETH,BUY,0.4800,547259.000,2024-07-17 09:21:15.559
ETH,BUY,0.0360,547607.000,2024-07-17 09:23:17.319
ETH,SELL,0.0198,547576.000,2024-07-17 09:23:21.417
ETH,SELL,0.0210,547109.000,2024-07-17 09:27:28.461
ETH,SELL,0.0114,546861.000,2024-07-17 09:29:08.456
ETH,SELL,0.0100,547020.000,2024-07-17 09:29:31.612
ETH,SELL,0.0100,546853.000,2024-07-17 09:30:36.778
ETH,SELL,0.3732,546204.000,2024-07-17 09:30:36.778
ETH,BUY,0.1000,546244.000,2024-07-17 09:30:41.200
ETH,BUY,0.0416,546273.000,2024-07-17 09:30:46.450
ETH,BUY,0.0430,546813.000,2024-07-17 09:37:27.581
ETH,SELL,0.0300,546918.000,2024-07-17 09:38:03.922
ETH,BUY,0.0100,547176.000,2024-07-17 09:38:56.874
ETH,BUY,0.1500,547176.000,2024-07-17 09:38:57.121
ETH,BUY,0.3200,547575.000,2024-07-17 09:38:58.078
ETH,BUY,0.0100,547513.000,2024-07-17 09:39:21.655
ETH,BUY,0.0100,547513.000,2024-07-17 09:39:21.835
ETH,SELL,0.0100,547368.000,2024-07-17 09:40:02.207
ETH,BUY,0.0600,547418.000,2024-07-17 09:40:26.093
ETH,BUY,0.0300,547731.000,2024-07-17 09:40:26.205
ETH,BUY,0.0100,547731.000,2024-07-17 09:40:26.560
ETH,SELL,0.0100,547179.000,2024-07-17 09:41:44.000
ETH,SELL,0.0100,547225.000,2024-07-17 09:45:29.962
ETH,SELL,0.0800,547225.000,2024-07-17 09:45:33.012
ETH,SELL,0.0182,547107.000,2024-07-17 09:47:24.991
ETH,SELL,0.0192,547035.000,2024-07-17 09:48:34.927
ETH,SELL,0.2100,546987.000,2024-07-17 09:49:50.782
ETH,BUY,0.0124,547026.000,2024-07-17 09:50:59.514
ETH,BUY,0.0576,547027.000,2024-07-17 09:50:59.514
ETH,SELL,0.0100,546871.000,2024-07-17 09:51:39.850
ETH,SELL,0.1000,547072.000,2024-07-17 09:52:18.876
ETH,BUY,0.2000,547201.000,2024-07-17 09:52:35.995
ETH,BUY,0.0100,547140.000,2024-07-17 09:55:15.472
ETH,BUY,0.0100,547151.000,2024-07-17 09:55:15.472
ETH,SELL,0.0100,547031.000,2024-07-17 09:55:20.122
ETH,BUY,0.0100,547114.000,2024-07-17 09:55:29.622
ETH,BUY,0.1401,547141.000,2024-07-17 09:56:01.879
ETH,BUY,4.0000,547143.000,2024-07-17 09:56:01.879
ETH,BUY,1.8599,547201.000,2024-07-17 09:56:01.879
ETH,SELL,0.0100,547001.000,2024-07-17 09:56:13.431
ETH,BUY,0.1500,547027.000,2024-07-17 09:56:42.382
ETH,BUY,3.3810,547056.000,2024-07-17 09:57:46.819
ETH,BUY,0.0900,547043.000,2024-07-17 10:00:57.679
ETH,BUY,0.3100,547085.000,2024-07-17 10:00:57.679
ETH,SELL,0.0192,547001.000,2024-07-17 10:01:24.154
ETH,SELL,0.0127,547001.000,2024-07-17 10:01:28.498
ETH,SELL,0.0575,547001.000,2024-07-17 10:01:30.124
ETH,SELL,0.0665,547001.000,2024-07-17 10:01:33.286
ETH,SELL,0.0128,547001.000,2024-07-17 10:01:34.994
ETH,SELL,0.2500,547001.000,2024-07-17 10:01:38.586
ETH,BUY,1.0000,547002.000,2024-07-17 10:02:09.355
ETH,SELL,0.2500,547001.000,2024-07-17 10:02:33.784
ETH,SELL,0.0700,547001.000,2024-07-17 10:02:40.237
ETH,SELL,0.2000,547001.000,2024-07-17 10:02:40.270
ETH,SELL,0.0513,547001.000,2024-07-17 10:02:41.549
ETH,SELL,0.0187,546298.000,2024-07-17 10:02:41.549
ETH,SELL,0.0121,546295.000,2024-07-17 10:02:44.434
ETH,SELL,0.0100,546293.000,2024-07-17 10:05:08.181
ETH,SELL,0.1900,546018.000,2024-07-17 10:05:08.181
ETH,BUY,0.0100,546041.000,2024-07-17 10:06:11.581
ETH,BUY,0.0320,546070.000,2024-07-17 10:06:14.519
ETH,BUY,0.0800,546099.000,2024-07-17 10:06:39.471
ETH,BUY,0.1000,546099.000,2024-07-17 10:06:46.641
ETH,BUY,0.0100,546128.000,2024-07-17 10:06:54.486
ETH,BUY,0.0100,546077.000,2024-07-17 10:09:37.029
ETH,BUY,0.0180,546077.000,2024-07-17 10:13:14.150
ETH,BUY,0.2000,546077.000,2024-07-17 10:13:26.363
ETH,BUY,1.0000,545256.000,2024-07-17 10:16:17.625
ETH,BUY,0.0570,545519.000,2024-07-17 10:18:37.618
ETH,SELL,0.0281,545370.000,2024-07-17 10:19:24.442
ETH,BUY,0.0180,545453.000,2024-07-17 10:19:59.583
ETH,SELL,0.0250,545002.000,2024-07-17 10:20:52.112
ETH,SELL,0.8750,544861.000,2024-07-17 10:20:52.112
ETH,BUY,0.6000,544799.000,2024-07-17 10:23:43.960
ETH,BUY,0.0300,544799.000,2024-07-17 10:23:44.089
ETH,BUY,0.3200,544799.000,2024-07-17 10:23:44.110
ETH,BUY,0.0100,544799.000,2024-07-17 10:23:44.431
ETH,BUY,0.0100,544799.000,2024-07-17 10:23:44.553
ETH,BUY,0.0100,545364.000,2024-07-17 10:25:24.646
ETH,SELL,0.5650,545371.000,2024-07-17 10:25:40.214
ETH,SELL,0.2320,545543.000,2024-07-17 10:25:59.268
ETH,BUY,0.0100,546158.000,2024-07-17 10:28:34.828
ETH,BUY,0.0300,546397.000,2024-07-17 10:30:00.128
ETH,BUY,0.3200,546397.000,2024-07-17 10:30:00.269
ETH,BUY,0.0100,546397.000,2024-07-17 10:30:00.426
ETH,BUY,0.6000,546397.000,2024-07-17 10:30:00.463
ETH,BUY,0.0100,546397.000,2024-07-17 10:30:01.587
ETH,SELL,0.9841,546171.000,2024-07-17 10:33:08.057
ETH,SELL,0.0159,546171.000,2024-07-17 10:33:08.126
ETH,SELL,0.0100,546158.000,2024-07-17 10:33:08.947
ETH,BUY,0.0100,546178.000,2024-07-17 10:33:15.951
ETH,BUY,0.0100,546081.000,2024-07-17 10:34:45.125
ETH,BUY,0.0185,546128.000,2024-07-17 10:34:47.961
ETH,SELL,0.0250,545990.000,2024-07-17 10:36:17.207
ETH,SELL,0.0072,546125.000,2024-07-17 10:37:36.731
ETH,SELL,0.0172,546121.000,2024-07-17 10:37:36.731
ETH,BUY,0.0700,546385.000,2024-07-17 10:40:56.486
ETH,BUY,0.4000,546449.000,2024-07-17 10:40:57.694
ETH,SELL,0.2000,546726.000,2024-07-17 10:41:19.393
ETH,BUY,0.1000,547316.000,2024-07-17 10:46:23.877
ETH,BUY,0.0100,547580.000,2024-07-17 10:46:54.023
ETH,BUY,0.0800,547606.000,2024-07-17 10:47:49.823
ETH,BUY,0.1700,547607.000,2024-07-17 10:47:49.823
ETH,BUY,0.0100,547601.000,2024-07-17 10:48:15.627
ETH,BUY,1.1100,547607.000,2024-07-17 10:48:15.627
ETH,BUY,0.0100,547623.000,2024-07-17 10:48:19.179
ETH,SELL,0.0756,547607.000,2024-07-17 10:48:26.655
ETH,SELL,0.0286,547607.000,2024-07-17 10:48:29.953
ETH,SELL,0.0100,547607.000,2024-07-17 10:48:30.224
ETH,SELL,0.1651,547607.000,2024-07-17 10:48:30.572
ETH,SELL,0.0115,547607.000,2024-07-17 10:48:31.562
ETH,SELL,0.0288,547607.000,2024-07-17 10:48:33.285
ETH,SELL,0.0139,547607.000,2024-07-17 10:48:35.249
ETH,SELL,0.3037,547607.000,2024-07-17 10:48:35.317
ETH,SELL,2.0000,547607.000,2024-07-17 10:48:35.650
ETH,SELL,0.0668,547607.000,2024-07-17 10:48:37.009
ETH,SELL,2.0000,547607.000,2024-07-17 10:48:37.137
ETH,SELL,2.0000,547607.000,2024-07-17 10:48:38.150
ETH,SELL,2.0000,547607.000,2024-07-17 10:48:39.651
ETH,SELL,0.1760,547607.000,2024-07-17 10:48:40.705
ETH,SELL,0.4000,546098.000,2024-07-17 10:49:30.665
ETH,BUY,0.0200,546215.000,2024-07-17 10:52:25.725
ETH,SELL,0.1000,546160.000,2024-07-17 10:53:46.402
ETH,BUY,0.0149,546215.000,2024-07-17 10:54:12.758
ETH,SELL,0.1600,545911.000,2024-07-17 10:55:11.663
ETH,BUY,0.0896,546180.000,2024-07-17 10:59:26.517
ETH,BUY,0.0104,546302.000,2024-07-17 10:59:26.517
ETH,BUY,0.0896,546331.000,2024-07-17 10:59:30.029
ETH,BUY,0.0190,546123.000,2024-07-17 11:02:37.990
ETH,BUY,0.0190,546128.000,2024-07-17 11:02:41.506
ETH,SELL,0.1831,545849.000,2024-07-17 11:06:28.412
ETH,SELL,0.1622,545849.000,2024-07-17 11:06:30.338
ETH,SELL,0.0200,545849.000,2024-07-17 11:06:44.273
ETH,SELL,0.0700,545849.000,2024-07-17 11:10:28.642
ETH,SELL,0.2000,545849.000,2024-07-17 11:10:28.711
ETH,SELL,0.0100,545849.000,2024-07-17 11:10:29.105
ETH,SELL,0.0100,545849.000,2024-07-17 11:10:29.572
ETH,SELL,0.0300,545849.000,2024-07-17 11:10:29.573
ETH,SELL,0.3147,545849.000,2024-07-17 11:10:30.077
