symbol,side,size,price,timestamp
BTC,BUY,0.0007,10221871.000,2024-07-01 21:00:26.108
BTC,SELL,0.0005,10221870.000,2024-07-01 21:01:52.093
BTC,SELL,0.0002,10220000.000,2024-07-01 21:01:52.093
BTC,SELL,0.0050,10217449.000,2024-07-01 21:01:52.093
BTC,SELL,0.0940,10213372.000,2024-07-01 21:01:52.093
BTC,SELL,0.0300,10212545.000,2024-07-01 21:01:52.093
BTC,SELL,0.0700,10211570.000,2024-07-01 21:01:52.093
BTC,SELL,0.0200,10211569.000,2024-07-01 21:01:52.093
BTC,SELL,0.0100,10210841.000,2024-07-01 21:01:52.093
BTC,SELL,0.0903,10210661.000,2024-07-01 21:01:52.093
BTC,BUY,0.0100,10210662.000,2024-07-01 21:02:13.654
BTC,BUY,0.0005,10212935.000,2024-07-01 21:06:54.287
BTC,BUY,0.0001,10213627.000,2024-07-01 21:07:08.675
BTC,BUY,0.0005,10211546.000,2024-07-01 21:11:30.041
BTC,BUY,0.0003,10211546.000,2024-07-01 21:11:40.512
BTC,BUY,0.0009,10210001.000,2024-07-01 21:14:12.009
BTC,BUY,0.0009,10209641.000,2024-07-01 21:14:21.967
BTC,BUY,0.0009,10210015.000,2024-07-01 21:14:32.004
BTC,BUY,0.0009,10210001.000,2024-07-01 21:15:02.702
BTC,BUY,0.0001,10208340.000,2024-07-01 21:16:01.773
BTC,BUY,0.0001,10208293.000,2024-07-01 21:17:52.117
BTC,SELL,0.0095,10208292.000,2024-07-01 21:17:54.697
BTC,SELL,0.0002,10208292.000,2024-07-01 21:17:54.697
BTC,SELL,0.0003,10208231.000,2024-07-01 21:17:54.697
BTC,BUY,0.0007,10208233.000,2024-07-01 21:22:25.515
BTC,SELL,0.0002,10208232.000,2024-07-01 21:22:34.399
BTC,BUY,0.0001,10208232.000,2024-07-01 21:22:39.891
BTC,BUY,0.0023,10208232.000,2024-07-01 21:23:08.183
BTC,BUY,0.0001,10208232.000,2024-07-01 21:24:18.666
BTC,SELL,0.0001,10208231.000,2024-07-01 21:24:27.564
BTC,SELL,0.0001,10207211.000,2024-07-01 21:25:00.927
BTC,SELL,0.0149,10205000.000,2024-07-01 21:25:00.927
BTC,SELL,0.0203,10205000.000,2024-07-01 21:25:01.287
BTC,SELL,0.0038,10205000.000,2024-07-01 21:25:01.380
BTC,SELL,0.0100,10205000.000,2024-07-01 21:25:01.516
BTC,SELL,0.0050,10205000.000,2024-07-01 21:25:01.679
BTC,SELL,0.0146,10205000.000,2024-07-01 21:25:01.851
BTC,SELL,0.0157,10205000.000,2024-07-01 21:25:03.206
BTC,SELL,0.0030,10205000.000,2024-07-01 21:25:03.209
BTC,SELL,0.0100,10205000.000,2024-07-01 21:25:03.335
BTC,SELL,0.0027,10205000.000,2024-07-01 21:25:03.339
BTC,SELL,0.0027,10204104.000,2024-07-01 21:25:03.339
BTC,SELL,0.0010,10200000.000,2024-07-01 21:25:03.339
BTC,SELL,0.0002,10200000.000,2024-07-01 21:25:03.339
BTC,SELL,0.0934,10198296.000,2024-07-01 21:25:03.339
BTC,SELL,0.0060,10198296.000,2024-07-01 21:25:03.344
BTC,SELL,0.0006,10198296.000,2024-07-01 21:25:03.347
BTC,SELL,0.0044,10195993.000,2024-07-01 21:25:03.347
BTC,SELL,0.0050,10195993.000,2024-07-01 21:25:03.638
BTC,SELL,0.0110,10195993.000,2024-07-01 21:25:03.810
BTC,SELL,0.0096,10195993.000,2024-07-01 21:25:03.813
BTC,SELL,0.0104,10195837.000,2024-07-01 21:25:03.813
BTC,SELL,0.0110,10195837.000,2024-07-01 21:25:03.864
BTC,SELL,0.0050,10195837.000,2024-07-01 21:25:05.502
BTC,BUY,0.0009,10193150.000,2024-07-01 21:25:52.045
BTC,SELL,0.0032,10192005.000,2024-07-01 21:25:58.208
BTC,SELL,0.0880,10190540.000,2024-07-01 21:25:58.208
BTC,SELL,0.1000,10190272.000,2024-07-01 21:25:58.208
BTC,SELL,0.0010,10190000.000,2024-07-01 21:25:58.208
BTC,SELL,0.0003,10190000.000,2024-07-01 21:25:58.208
BTC,SELL,0.0100,10190000.000,2024-07-01 21:25:58.208
BTC,SELL,0.0490,10187962.000,2024-07-01 21:25:58.208
BTC,SELL,0.0485,10185120.000,2024-07-01 21:25:58.208
BTC,SELL,0.0030,10189882.000,2024-07-01 21:26:03.446
BTC,SELL,0.0002,10189747.000,2024-07-01 21:26:05.311
BTC,SELL,0.0005,10191619.000,2024-07-01 21:30:01.848
BTC,BUY,0.0001,10188390.000,2024-07-01 21:33:20.982
BTC,BUY,0.0009,10188400.000,2024-07-01 21:36:01.979
BTC,BUY,0.0009,10188450.000,2024-07-01 21:36:11.993
BTC,BUY,0.0009,10187710.000,2024-07-01 21:36:22.033
BTC,BUY,0.0009,10187710.000,2024-07-01 21:36:31.999
BTC,BUY,0.0001,10187710.000,2024-07-01 21:38:09.542
BTC,BUY,0.0003,10187710.000,2024-07-01 21:39:06.839
BTC,BUY,0.0020,10187710.000,2024-07-01 21:39:08.072
BTC,BUY,0.0011,10188966.000,2024-07-01 21:39:11.140
BTC,BUY,0.0247,10188969.000,2024-07-01 21:39:21.979
BTC,BUY,0.0050,10189192.000,2024-07-01 21:39:21.979
BTC,BUY,0.0073,10190218.000,2024-07-01 21:39:21.979
BTC,BUY,0.0023,10190218.000,2024-07-01 21:39:45.773
BTC,BUY,0.0023,10190218.000,2024-07-01 21:39:47.093
BTC,BUY,0.0021,10190218.000,2024-07-01 21:39:48.470
BTC,BUY,0.0009,10190218.000,2024-07-01 21:39:50.294
BTC,BUY,0.0009,10190218.000,2024-07-01 21:39:51.979
BTC,BUY,0.0010,10190218.000,2024-07-01 21:40:03.152
BTC,BUY,0.0020,10190218.000,2024-07-01 21:40:12.139
BTC,BUY,0.0009,10190218.000,2024-07-01 21:40:22.236
BTC,BUY,0.0020,10190422.000,2024-07-01 21:40:35.160
BTC,BUY,0.0100,10190779.000,2024-07-01 21:40:36.089
BTC,BUY,0.0014,10195284.000,2024-07-01 21:42:32.753
BTC,BUY,0.0006,10195417.000,2024-07-01 21:42:34.124
BTC,BUY,0.0045,10197492.000,2024-07-01 21:42:34.410
BTC,BUY,0.0018,10197449.000,2024-07-01 21:42:36.328
BTC,BUY,0.0020,10197200.000,2024-07-01 21:43:02.127
BTC,BUY,0.0020,10197901.000,2024-07-01 21:43:52.011
BTC,BUY,0.0020,10198250.000,2024-07-01 21:44:22.987
BTC,BUY,0.0100,10198250.000,2024-07-01 21:44:23.065
BTC,BUY,0.0100,10198938.000,2024-07-01 21:44:47.399
BTC,BUY,0.0020,10198938.000,2024-07-01 21:44:48.164
BTC,BUY,0.0100,10199950.000,2024-07-01 21:45:09.492
BTC,BUY,0.0020,10200000.000,2024-07-01 21:45:09.827
BTC,BUY,0.0080,10200000.000,2024-07-01 21:45:36.018
BTC,BUY,0.0001,10200616.000,2024-07-01 21:45:36.018
BTC,BUY,0.0019,10202281.000,2024-07-01 21:45:36.018
BTC,BUY,0.0020,10202281.000,2024-07-01 21:45:36.166
BTC,BUY,0.0001,10202396.000,2024-07-01 21:45:43.831
BTC,BUY,0.0020,10203017.000,2024-07-01 21:45:57.855
BTC,BUY,0.0100,10203769.000,2024-07-01 21:45:58.391
BTC,BUY,0.0100,10203250.000,2024-07-01 21:46:23.728
BTC,BUY,0.0020,10203199.000,2024-07-01 21:46:24.959
BTC,BUY,0.0017,10204050.000,2024-07-01 21:46:49.089
BTC,BUY,0.0042,10205848.000,2024-07-01 21:47:34.090
BTC,SELL,0.0063,10200001.000,2024-07-01 21:48:20.085
BTC,SELL,0.0021,10200000.000,2024-07-01 21:48:20.085
BTC,BUY,0.0001,10200001.000,2024-07-01 21:48:30.561
BTC,SELL,0.0050,10200000.000,2024-07-01 21:48:45.575
BTC,SELL,0.0050,10200000.000,2024-07-01 21:48:56.241
BTC,SELL,0.0050,10200000.000,2024-07-01 21:48:56.737
BTC,SELL,0.0050,10200000.000,2024-07-01 21:48:57.263
BTC,SELL,0.0050,10200000.000,2024-07-01 21:48:58.265
BTC,SELL,0.0050,10200000.000,2024-07-01 21:49:04.217
BTC,SELL,0.0050,10200000.000,2024-07-01 21:49:11.454
BTC,SELL,0.0050,10200000.000,2024-07-01 21:49:11.946
BTC,SELL,0.0289,10200000.000,2024-07-01 21:49:14.883
BTC,SELL,0.0050,10200000.000,2024-07-01 21:49:15.013
BTC,SELL,0.0053,10200000.000,2024-07-01 21:49:15.243
BTC,SELL,0.0050,10200000.000,2024-07-01 21:49:15.504
BTC,SELL,0.0169,10200000.000,2024-07-01 21:49:15.577
BTC,SELL,0.0169,10200000.000,2024-07-01 21:49:15.592
BTC,SELL,0.0050,10200000.000,2024-07-01 21:49:16.513
BTC,SELL,0.0050,10200000.000,2024-07-01 21:49:19.072
BTC,SELL,0.0050,10200000.000,2024-07-01 21:49:19.076
BTC,SELL,0.0049,10200000.000,2024-07-01 21:49:19.575
BTC,SELL,0.0001,10192792.000,2024-07-01 21:49:19.575
BTC,BUY,0.0003,10192850.000,2024-07-01 21:49:49.809
BTC,SELL,0.0050,10190000.000,2024-07-01 21:50:08.850
BTC,SELL,0.0011,10190000.000,2024-07-01 21:50:22.143
BTC,SELL,0.0039,10190000.000,2024-07-01 21:50:24.527
BTC,SELL,0.0001,10187709.000,2024-07-01 21:50:24.527
BTC,SELL,0.0010,10185000.000,2024-07-01 21:50:24.527
BTC,BUY,0.0020,10186299.000,2024-07-01 21:51:44.130
BTC,BUY,0.0009,10189250.000,2024-07-01 21:53:52.106
BTC,BUY,0.0100,10190000.000,2024-07-01 21:54:10.744
BTC,BUY,0.0009,10190000.000,2024-07-01 21:54:22.032
BTC,BUY,0.0009,10189650.000,2024-07-01 21:54:41.983
BTC,BUY,0.0005,10190004.000,2024-07-01 21:56:08.360
BTC,BUY,0.0020,10190004.000,2024-07-01 21:56:21.956
BTC,BUY,0.0005,10190004.000,2024-07-01 21:56:41.857
BTC,SELL,0.0010,10190003.000,2024-07-01 21:56:55.934
BTC,BUY,0.0002,10190004.000,2024-07-01 21:56:58.345
BTC,BUY,0.0021,10190004.000,2024-07-01 21:57:10.757
BTC,BUY,0.0001,10190004.000,2024-07-01 21:57:52.702
BTC,BUY,0.0007,10190004.000,2024-07-01 21:58:21.368
BTC,BUY,0.0137,10190004.000,2024-07-01 21:58:21.796
BTC,BUY,0.0353,10192919.000,2024-07-01 21:58:21.796
BTC,BUY,0.0002,10194378.000,2024-07-01 21:58:31.009
BTC,BUY,0.0001,10197222.000,2024-07-01 22:00:03.680
BTC,BUY,0.0007,10197222.000,2024-07-01 22:00:03.680
BTC,BUY,0.0001,10197222.000,2024-07-01 22:00:06.828
BTC,SELL,0.0004,10197221.000,2024-07-01 22:00:25.187
BTC,BUY,0.0001,10195260.000,2024-07-01 22:00:26.491
BTC,BUY,0.0010,10194378.000,2024-07-01 22:01:06.240
BTC,BUY,0.0001,10194378.000,2024-07-01 22:01:12.621
BTC,BUY,0.0001,10195591.000,2024-07-01 22:02:19.987
BTC,BUY,0.0004,10196198.000,2024-07-01 22:02:29.729
BTC,BUY,0.0020,10196396.000,2024-07-01 22:03:27.122
BTC,BUY,0.0010,10196678.000,2024-07-01 22:03:31.990
BTC,BUY,0.0009,10197730.000,2024-07-01 22:03:53.687
BTC,BUY,0.0001,10198636.000,2024-07-01 22:03:55.661
BTC,BUY,0.0001,10198355.000,2024-07-01 22:04:02.310
BTC,BUY,0.0005,10198600.000,2024-07-01 22:06:31.207
BTC,BUY,0.0009,10198699.000,2024-07-01 22:07:00.599
BTC,BUY,0.0002,10195249.000,2024-07-01 22:08:37.719
BTC,BUY,0.0009,10194914.000,2024-07-01 22:09:21.739
BTC,BUY,0.0010,10194379.000,2024-07-01 22:11:51.687
BTC,SELL,0.0020,10194378.000,2024-07-01 22:12:38.663
BTC,SELL,0.0001,10194377.000,2024-07-01 22:12:38.663
BTC,SELL,0.0001,10190000.000,2024-07-01 22:12:39.403
BTC,SELL,0.0049,10190000.000,2024-07-01 22:12:39.403
BTC,SELL,0.0030,10190000.000,2024-07-01 22:13:12.125
BTC,SELL,0.0021,10190000.000,2024-07-01 22:13:19.630
BTC,SELL,0.0100,10185000.000,2024-07-01 22:13:19.632
BTC,SELL,0.0005,10185000.000,2024-07-01 22:13:19.632
BTC,SELL,0.0059,10183706.000,2024-07-01 22:13:19.632
BTC,SELL,0.0100,10180769.000,2024-07-01 22:13:40.610
BTC,SELL,0.0020,10180001.000,2024-07-01 22:13:40.610
BTC,BUY,0.0005,10181300.000,2024-07-01 22:13:44.034
BTC,BUY,0.0001,10181300.000,2024-07-01 22:13:49.656
BTC,BUY,0.0020,10181300.000,2024-07-01 22:14:16.602
BTC,BUY,0.0006,10181748.000,2024-07-01 22:14:46.439
BTC,BUY,0.0001,10183099.000,2024-07-01 22:15:05.136
BTC,BUY,0.0001,10188100.000,2024-07-01 22:16:41.571
BTC,BUY,0.0010,10190200.000,2024-07-01 22:17:39.750
BTC,SELL,0.0002,10190000.000,2024-07-01 22:18:45.066
BTC,SELL,0.0020,10189481.000,2024-07-01 22:18:45.066
BTC,SELL,0.0100,10188073.000,2024-07-01 22:18:45.066
BTC,SELL,0.0041,10188051.000,2024-07-01 22:18:45.066
BTC,BUY,0.1000,10186811.000,2024-07-01 22:20:38.364
BTC,BUY,0.0500,10186811.000,2024-07-01 22:20:38.364
BTC,BUY,0.0460,10186811.000,2024-07-01 22:20:38.364
BTC,BUY,0.0083,10186811.000,2024-07-01 22:21:06.699
BTC,BUY,0.0333,10186811.000,2024-07-01 22:21:06.699
BTC,BUY,0.0125,10186880.000,2024-07-01 22:21:06.699
BTC,BUY,0.0259,10186894.000,2024-07-01 22:21:06.699
BTC,BUY,0.0005,10187417.000,2024-07-01 22:21:24.143
BTC,SELL,0.0050,10186810.000,2024-07-01 22:21:50.802
BTC,BUY,0.0002,10186811.000,2024-07-01 22:22:10.369
BTC,SELL,0.0090,10186810.000,2024-07-01 22:22:19.032
BTC,BUY,0.0002,10180330.000,2024-07-01 22:22:30.089
BTC,SELL,0.0095,10180329.000,2024-07-01 22:23:07.019
BTC,SELL,0.0002,10180000.000,2024-07-01 22:23:07.019
BTC,SELL,0.0020,10180000.000,2024-07-01 22:23:07.019
BTC,SELL,0.0009,10180000.000,2024-07-01 22:23:07.019
BTC,SELL,0.0010,10180000.000,2024-07-01 22:23:07.019
BTC,SELL,0.0083,10180000.000,2024-07-01 22:23:07.019
BTC,SELL,0.0017,10180000.000,2024-07-01 22:23:07.209
BTC,SELL,0.0093,10180000.000,2024-07-01 22:23:07.209
BTC,SELL,0.0007,10180000.000,2024-07-01 22:23:07.855
BTC,SELL,0.0002,10180000.000,2024-07-01 22:23:07.855
BTC,SELL,0.0041,10180000.000,2024-07-01 22:23:07.855
BTC,SELL,0.0030,10180000.000,2024-07-01 22:23:09.085
BTC,SELL,0.0029,10180000.000,2024-07-01 22:23:15.837
BTC,SELL,0.0001,10180000.000,2024-07-01 22:23:15.837
BTC,SELL,0.0002,10180000.000,2024-07-01 22:23:15.837
BTC,SELL,0.0034,10179300.000,2024-07-01 22:23:29.937
BTC,BUY,0.0020,10178001.000,2024-07-01 22:23:33.267
BTC,SELL,0.0001,10178000.000,2024-07-01 22:23:37.598
BTC,SELL,0.0100,10175494.000,2024-07-01 22:23:37.598
BTC,SELL,0.0100,10175494.000,2024-07-01 22:23:37.598
BTC,SELL,0.0001,10175494.000,2024-07-01 22:23:37.598
BTC,SELL,0.0050,10175494.000,2024-07-01 22:23:38.352
BTC,SELL,0.0049,10175494.000,2024-07-01 22:23:38.694
BTC,SELL,0.0068,10175494.000,2024-07-01 22:23:38.694
BTC,SELL,0.0032,10175494.000,2024-07-01 22:23:38.853
BTC,SELL,0.0018,10175494.000,2024-07-01 22:23:38.853
BTC,SELL,0.0020,10175494.000,2024-07-01 22:23:56.341
BTC,SELL,0.0030,10175494.000,2024-07-01 22:24:01.061
BTC,SELL,0.0032,10175494.000,2024-07-01 22:24:01.144
BTC,SELL,0.0010,10170000.000,2024-07-01 22:24:01.812
BTC,SELL,0.0090,10170000.000,2024-07-01 22:24:01.812
BTC,SELL,0.0010,10170000.000,2024-07-01 22:24:02.030
BTC,SELL,0.0002,10170000.000,2024-07-01 22:24:02.030
BTC,SELL,0.0003,10165000.000,2024-07-01 22:24:02.030
BTC,SELL,0.0030,10162368.000,2024-07-01 22:24:02.030
BTC,SELL,0.0025,10160998.000,2024-07-01 22:24:02.030
BTC,SELL,0.0050,10160998.000,2024-07-01 22:24:02.604
BTC,SELL,0.0001,10160603.000,2024-07-01 22:24:03.121
BTC,SELL,0.0001,10160000.000,2024-07-01 22:24:03.121
BTC,SELL,0.0010,10160000.000,2024-07-01 22:24:03.121
BTC,SELL,0.0068,10160000.000,2024-07-01 22:24:03.121
BTC,SELL,0.0032,10160000.000,2024-07-01 22:24:03.208
BTC,SELL,0.0068,10160000.000,2024-07-01 22:24:03.208
BTC,SELL,0.0032,10160000.000,2024-07-01 22:24:06.846
BTC,SELL,0.0002,10160000.000,2024-07-01 22:24:06.846
BTC,SELL,0.0016,10160000.000,2024-07-01 22:24:06.846
BTC,BUY,0.0002,10160255.000,2024-07-01 22:24:07.186
BTC,BUY,0.0009,10157682.000,2024-07-01 22:24:10.653
BTC,SELL,0.0001,10157681.000,2024-07-01 22:24:15.729
BTC,SELL,0.0050,10157669.000,2024-07-01 22:24:23.609
BTC,BUY,0.0010,10156305.000,2024-07-01 22:24:30.028
BTC,SELL,0.0001,10156304.000,2024-07-01 22:24:35.172
BTC,SELL,0.0049,10156304.000,2024-07-01 22:24:35.172
BTC,SELL,0.0050,10156304.000,2024-07-01 22:24:35.689
BTC,BUY,0.0009,10155001.000,2024-07-01 22:24:50.792
BTC,SELL,0.0010,10155000.000,2024-07-01 22:25:21.605
BTC,SELL,0.0001,10154865.000,2024-07-01 22:25:21.605
BTC,SELL,0.0001,10154865.000,2024-07-01 22:25:21.605
BTC,SELL,0.0001,10154865.000,2024-07-01 22:25:21.605
BTC,SELL,0.0001,10154865.000,2024-07-01 22:25:21.605
BTC,SELL,0.0001,10154865.000,2024-07-01 22:25:21.605
BTC,SELL,0.0002,10153584.000,2024-07-01 22:25:21.605
BTC,SELL,0.0100,10153000.000,2024-07-01 22:25:21.605
BTC,SELL,0.0001,10152452.000,2024-07-01 22:25:21.605
BTC,SELL,0.0001,10151376.000,2024-07-01 22:25:21.605
BTC,SELL,0.0002,10150020.000,2024-07-01 22:25:21.605
BTC,SELL,0.0003,10150000.000,2024-07-01 22:25:21.605
BTC,SELL,0.0049,10150000.000,2024-07-01 22:25:21.605
BTC,SELL,0.0007,10150000.000,2024-07-01 22:25:21.605
BTC,SELL,0.0001,10150000.000,2024-07-01 22:25:21.605
BTC,SELL,0.0001,10150000.000,2024-07-01 22:25:21.605
BTC,SELL,0.0010,10150000.000,2024-07-01 22:25:21.605
BTC,SELL,0.0100,10150000.000,2024-07-01 22:25:21.605
BTC,SELL,0.0002,10150000.000,2024-07-01 22:25:21.605
BTC,SELL,0.0700,10147791.000,2024-07-01 22:25:21.605
BTC,SELL,0.0003,10147783.000,2024-07-01 22:25:21.605
BTC,SELL,0.0003,10146159.000,2024-07-01 22:25:21.605
BTC,BUY,0.0009,10147417.000,2024-07-01 22:25:30.635
BTC,SELL,0.0200,10146159.000,2024-07-01 22:25:37.491
BTC,BUY,0.0009,10147414.000,2024-07-01 22:25:40.674
BTC,SELL,0.0002,10146293.000,2024-07-01 22:26:08.897
BTC,BUY,0.0010,10151340.000,2024-07-01 22:27:13.377
BTC,BUY,0.0010,10151667.000,2024-07-01 22:27:28.432
BTC,BUY,0.0010,10154270.000,2024-07-01 22:27:41.926
BTC,BUY,0.0010,10155001.000,2024-07-01 22:27:56.693
BTC,BUY,0.0010,10154735.000,2024-07-01 22:28:10.095
BTC,BUY,0.0005,10153997.000,2024-07-01 22:28:11.353
BTC,BUY,0.0798,10149840.000,2024-07-01 22:28:30.431
BTC,BUY,0.0082,10149938.000,2024-07-01 22:28:30.431
BTC,BUY,0.0010,10150010.000,2024-07-01 22:29:09.785
BTC,BUY,0.0010,10151534.000,2024-07-01 22:29:25.649
BTC,SELL,0.0010,10144850.000,2024-07-01 22:30:35.650
BTC,SELL,0.0050,10145790.000,2024-07-01 22:31:07.623
BTC,SELL,0.0051,10145259.000,2024-07-01 22:31:07.623
BTC,BUY,0.0070,10145000.000,2024-07-01 22:31:21.462
BTC,BUY,0.0001,10145000.000,2024-07-01 22:32:10.360
BTC,BUY,0.0009,10145000.000,2024-07-01 22:32:20.580
BTC,BUY,0.0009,10145000.000,2024-07-01 22:32:30.615
BTC,BUY,0.0050,10145000.000,2024-07-01 22:32:33.336
BTC,BUY,0.0020,10145000.000,2024-07-01 22:32:34.119
BTC,BUY,0.0020,10145000.000,2024-07-01 22:32:46.210
BTC,BUY,0.0013,10145000.000,2024-07-01 22:32:46.278
BTC,BUY,0.0007,10145000.000,2024-07-01 22:32:53.301
BTC,BUY,0.0193,10145124.000,2024-07-01 22:32:53.301
BTC,BUY,0.0100,10145124.000,2024-07-01 22:32:54.976
BTC,BUY,0.0050,10145449.000,2024-07-01 22:32:56.419
BTC,BUY,0.0126,10145449.000,2024-07-01 22:32:56.445
BTC,BUY,0.0400,10145449.000,2024-07-01 22:32:56.622
BTC,BUY,0.0424,10145449.000,2024-07-01 22:32:56.675
BTC,BUY,0.0060,10151614.000,2024-07-01 22:32:56.756
BTC,BUY,0.0050,10151613.000,2024-07-01 22:32:56.889
BTC,BUY,0.0002,10151613.000,2024-07-01 22:32:57.739
BTC,BUY,0.0050,10153740.000,2024-07-01 22:32:59.393
BTC,BUY,0.0017,10149113.000,2024-07-01 22:34:05.703
BTC,BUY,0.0003,10149174.000,2024-07-01 22:34:05.703
BTC,BUY,0.0009,10149174.000,2024-07-01 22:34:10.598
BTC,BUY,0.0006,10149838.000,2024-07-01 22:36:03.848
BTC,BUY,0.0001,10149838.000,2024-07-01 22:36:19.928
BTC,BUY,0.0005,10150030.000,2024-07-01 22:36:20.043
BTC,BUY,0.0009,10153740.000,2024-07-01 22:36:50.599
BTC,BUY,0.0009,10154800.000,2024-07-01 22:37:00.643
BTC,BUY,0.0009,10154596.000,2024-07-01 22:37:30.505
BTC,BUY,0.0100,10154593.000,2024-07-01 22:37:34.680
BTC,BUY,0.0009,10154875.000,2024-07-01 22:37:40.581
BTC,BUY,0.0009,10154995.000,2024-07-01 22:37:50.597
BTC,BUY,0.0009,10155001.000,2024-07-01 22:38:00.624
BTC,BUY,0.0063,10155001.000,2024-07-01 22:38:06.873
BTC,BUY,0.0037,10155330.000,2024-07-01 22:38:06.873
BTC,BUY,0.0009,10155856.000,2024-07-01 22:38:10.587
BTC,BUY,0.0009,10155837.000,2024-07-01 22:38:30.611
BTC,BUY,0.0004,10157976.000,2024-07-01 22:39:53.875
BTC,BUY,0.0006,10157976.000,2024-07-01 22:39:54.249
BTC,SELL,0.0005,10155837.000,2024-07-01 22:40:02.354
BTC,BUY,0.0005,10156377.000,2024-07-01 22:40:34.293
BTC,SELL,0.0100,10156376.000,2024-07-01 22:41:57.460
BTC,SELL,0.0015,10155837.000,2024-07-01 22:41:57.460
BTC,SELL,0.0016,10153158.000,2024-07-01 22:41:57.460
BTC,SELL,0.0169,10153154.000,2024-07-01 22:41:57.460
BTC,BUY,0.0002,10155329.000,2024-07-01 22:42:05.068
BTC,BUY,0.0015,10155329.000,2024-07-01 22:42:05.124
BTC,BUY,0.0005,10155860.000,2024-07-01 22:42:07.018
BTC,SELL,0.0250,10156950.000,2024-07-01 22:42:39.965
BTC,BUY,0.0009,10158468.000,2024-07-01 22:42:51.640
BTC,BUY,0.0001,10159564.000,2024-07-01 22:42:51.640
BTC,BUY,0.0010,10159750.000,2024-07-01 22:45:03.935
BTC,SELL,0.0011,10155118.000,2024-07-01 22:45:04.932
BTC,BUY,0.0011,10156932.000,2024-07-01 22:45:53.244
BTC,BUY,0.0003,10159976.000,2024-07-01 22:46:14.751
BTC,BUY,0.0019,10159950.000,2024-07-01 22:46:18.637
BTC,BUY,0.0009,10160000.000,2024-07-01 22:46:19.148
BTC,BUY,0.0001,10159950.000,2024-07-01 22:46:20.976
BTC,BUY,0.0001,10159950.000,2024-07-01 22:46:29.969
BTC,BUY,0.0001,10160000.000,2024-07-01 22:46:52.691
BTC,BUY,0.0010,10160000.000,2024-07-01 22:47:40.111
BTC,BUY,0.0004,10160000.000,2024-07-01 22:47:48.925
BTC,BUY,0.0001,10160000.000,2024-07-01 22:47:56.626
BTC,BUY,0.0075,10160000.000,2024-07-01 22:47:57.874
BTC,BUY,0.0001,10161353.000,2024-07-01 22:48:21.165
BTC,BUY,0.0499,10162075.000,2024-07-01 22:48:21.165
BTC,BUY,0.0200,10162075.000,2024-07-01 22:48:21.171
BTC,BUY,0.0100,10162075.000,2024-07-01 22:48:21.173
BTC,BUY,0.0100,10162075.000,2024-07-01 22:48:21.284
BTC,BUY,0.0101,10162075.000,2024-07-01 22:48:21.630
BTC,BUY,0.0002,10165000.000,2024-07-01 22:48:21.630
BTC,BUY,0.0050,10170000.000,2024-07-01 22:48:21.690
BTC,BUY,0.0050,10170000.000,2024-07-01 22:48:21.751
BTC,BUY,0.0010,10170000.000,2024-07-01 22:48:21.751
BTC,BUY,0.0040,10170169.000,2024-07-01 22:48:21.751
BTC,BUY,0.0050,10171990.000,2024-07-01 22:48:24.003
BTC,SELL,0.0005,10166828.000,2024-07-01 22:50:02.741
BTC,BUY,0.0002,10167399.000,2024-07-01 22:51:10.461
BTC,SELL,0.0009,10162890.000,2024-07-01 22:51:18.090
BTC,SELL,0.0014,10162777.000,2024-07-01 22:51:49.722
BTC,SELL,0.0841,10161780.000,2024-07-01 22:51:49.722
BTC,SELL,0.0492,10160436.000,2024-07-01 22:51:49.722
BTC,SELL,0.0050,10160000.000,2024-07-01 22:51:49.722
BTC,SELL,0.0300,10159869.000,2024-07-01 22:51:49.722
BTC,SELL,0.0125,10158000.000,2024-07-01 22:51:49.722
BTC,SELL,0.0118,10157926.000,2024-07-01 22:51:49.722
BTC,BUY,0.0020,10158549.000,2024-07-01 22:51:59.296
BTC,BUY,0.0011,10162209.000,2024-07-01 22:52:47.120
BTC,BUY,0.0009,10163183.000,2024-07-01 22:53:07.127
BTC,BUY,0.0020,10165400.000,2024-07-01 22:54:02.935
BTC,BUY,0.0100,10165400.000,2024-07-01 22:54:03.081
BTC,SELL,0.0005,10163182.000,2024-07-01 22:54:55.457
BTC,SELL,0.0028,10160294.000,2024-07-01 22:54:55.457
BTC,BUY,0.0006,10166253.000,2024-07-01 22:56:27.278
BTC,BUY,0.0050,10167195.000,2024-07-01 22:57:47.001
BTC,SELL,0.0005,10165850.000,2024-07-01 22:58:44.306
BTC,SELL,0.0020,10166701.000,2024-07-01 22:59:15.352
BTC,SELL,0.0050,10167301.000,2024-07-01 22:59:35.851
BTC,SELL,0.0030,10167251.000,2024-07-01 22:59:46.809
BTC,SELL,0.0002,10167000.000,2024-07-01 22:59:58.176
BTC,SELL,0.0018,10165876.000,2024-07-01 22:59:58.176
BTC,BUY,0.0001,10168580.000,2024-07-01 23:00:26.153
BTC,BUY,0.0003,10171670.000,2024-07-01 23:00:49.295
BTC,BUY,0.0100,10166966.000,2024-07-01 23:00:53.314
BTC,BUY,0.0020,10166966.000,2024-07-01 23:00:53.530
BTC,BUY,0.0099,10168523.000,2024-07-01 23:01:06.511
BTC,BUY,0.0036,10170331.000,2024-07-01 23:01:19.088
BTC,BUY,0.0030,10171221.000,2024-07-01 23:01:21.089
BTC,BUY,0.0010,10176780.000,2024-07-01 23:01:23.265
BTC,BUY,0.0001,10176948.000,2024-07-01 23:01:49.588
BTC,BUY,0.0001,10176640.000,2024-07-01 23:01:58.949
BTC,BUY,0.0001,10174400.000,2024-07-01 23:03:08.203
BTC,BUY,0.0003,10176523.000,2024-07-01 23:05:29.682
BTC,BUY,0.2000,10177060.000,2024-07-01 23:06:57.802
BTC,BUY,0.0200,10177550.000,2024-07-01 23:08:06.019
BTC,BUY,0.0001,10177598.000,2024-07-01 23:08:16.975
BTC,BUY,0.0009,10178040.000,2024-07-01 23:08:16.975
BTC,BUY,0.0020,10178650.000,2024-07-01 23:08:22.676
BTC,BUY,0.0001,10178040.000,2024-07-01 23:08:28.992
BTC,BUY,0.0003,10178649.000,2024-07-01 23:08:37.214
BTC,BUY,0.0002,10178644.000,2024-07-01 23:08:42.649
BTC,BUY,0.0002,10176801.000,2024-07-01 23:09:15.599
BTC,BUY,0.0178,10177702.000,2024-07-01 23:09:15.599
BTC,BUY,0.0050,10176997.000,2024-07-01 23:09:16.034
BTC,BUY,0.0008,10178107.000,2024-07-01 23:09:43.065
BTC,BUY,0.0008,10176801.000,2024-07-01 23:10:38.819
BTC,BUY,0.0010,10176801.000,2024-07-01 23:14:51.678
BTC,BUY,0.0001,10176801.000,2024-07-01 23:15:59.324
BTC,BUY,0.0082,10176801.000,2024-07-01 23:17:12.642
BTC,BUY,0.0001,10176801.000,2024-07-01 23:17:28.017
BTC,BUY,0.0004,10176801.000,2024-07-01 23:17:33.175
BTC,BUY,0.0001,10176801.000,2024-07-01 23:17:41.379
BTC,BUY,0.0003,10176801.000,2024-07-01 23:18:00.450
BTC,SELL,0.0001,10176800.000,2024-07-01 23:19:19.537
BTC,SELL,0.0099,10168984.000,2024-07-01 23:19:19.537
BTC,BUY,0.0001,10169640.000,2024-07-01 23:19:30.601
BTC,BUY,0.0001,10171230.000,2024-07-01 23:19:44.060
BTC,BUY,0.0009,10169087.000,2024-07-01 23:20:30.526
BTC,BUY,0.0001,10169280.000,2024-07-01 23:20:35.379
BTC,BUY,0.0100,10165840.000,2024-07-01 23:20:50.199
BTC,BUY,0.0491,10165840.000,2024-07-01 23:21:12.812
BTC,BUY,0.0009,10165846.000,2024-07-01 23:21:12.812
BTC,BUY,0.0020,10165846.000,2024-07-01 23:21:13.801
BTC,SELL,0.0020,10165600.000,2024-07-01 23:22:24.386
BTC,BUY,0.0100,10166636.000,2024-07-01 23:22:58.732
BTC,SELL,0.0080,10165600.000,2024-07-01 23:23:10.480
BTC,SELL,0.0002,10164252.000,2024-07-01 23:23:10.480
BTC,SELL,0.0009,10162168.000,2024-07-01 23:23:10.480
BTC,SELL,0.0009,10160000.000,2024-07-01 23:23:10.480
BTC,SELL,0.0091,10160000.000,2024-07-01 23:23:21.460
BTC,SELL,0.0002,10160000.000,2024-07-01 23:23:21.460
BTC,SELL,0.0007,10160000.000,2024-07-01 23:23:21.460
BTC,BUY,0.0009,10161160.000,2024-07-01 23:23:30.763
BTC,BUY,0.0100,10161690.000,2024-07-01 23:24:37.216
BTC,BUY,0.0003,10162176.000,2024-07-01 23:24:47.110
BTC,BUY,0.0003,10161719.000,2024-07-01 23:26:46.567
BTC,SELL,0.0100,10153259.000,2024-07-01 23:28:50.060
BTC,BUY,0.0003,10153260.000,2024-07-01 23:29:32.149
BTC,SELL,0.0020,10150400.000,2024-07-01 23:31:06.119
BTC,BUY,0.0009,10151620.000,2024-07-01 23:31:10.496
BTC,BUY,0.0009,10153260.000,2024-07-01 23:31:30.564
BTC,BUY,0.0009,10154270.000,2024-07-01 23:31:40.518
BTC,BUY,0.0020,10154883.000,2024-07-01 23:32:09.182
BTC,BUY,0.2000,10156920.000,2024-07-01 23:32:24.617
BTC,BUY,0.0001,10157130.000,2024-07-01 23:33:18.985
BTC,SELL,0.0002,10157128.000,2024-07-01 23:33:37.498
BTC,SELL,0.0006,10152664.000,2024-07-01 23:33:37.498
BTC,BUY,0.1000,10154800.000,2024-07-01 23:36:59.430
BTC,BUY,0.0019,10155600.000,2024-07-01 23:37:21.115
BTC,BUY,0.0001,10153301.000,2024-07-01 23:37:23.057
BTC,BUY,0.0031,10153740.000,2024-07-01 23:39:03.354
BTC,BUY,0.0019,10154270.000,2024-07-01 23:39:49.234
BTC,BUY,0.0001,10154800.000,2024-07-01 23:40:21.796
BTC,BUY,0.0013,10154800.000,2024-07-01 23:40:22.073
BTC,BUY,0.0001,10155330.000,2024-07-01 23:40:51.411
BTC,BUY,0.0020,10157980.000,2024-07-01 23:42:09.977
BTC,BUY,0.0020,10159712.000,2024-07-01 23:43:25.815
BTC,BUY,0.0020,10162220.000,2024-07-01 23:44:21.742
BTC,BUY,0.0001,10162750.000,2024-07-01 23:44:33.521
BTC,BUY,0.0001,10165400.000,2024-07-01 23:44:55.823
BTC,BUY,0.0001,10165879.000,2024-07-01 23:46:02.640
BTC,BUY,0.0040,10165879.000,2024-07-01 23:46:10.670
BTC,BUY,0.0092,10167519.000,2024-07-01 23:46:10.670
BTC,BUY,0.5000,10167520.000,2024-07-01 23:46:10.670
BTC,BUY,0.4868,10168050.000,2024-07-01 23:46:10.670
BTC,BUY,0.0009,10168497.000,2024-07-01 23:46:13.942
BTC,SELL,0.0100,10165400.000,2024-07-01 23:47:37.396
BTC,BUY,0.0001,10162300.000,2024-07-01 23:48:25.943
BTC,BUY,0.0020,10162297.000,2024-07-01 23:48:37.454
BTC,BUY,0.0001,10161490.000,2024-07-01 23:48:48.134
BTC,SELL,0.0010,10158951.000,2024-07-01 23:48:57.824
BTC,BUY,0.0006,10159533.000,2024-07-01 23:51:03.725
BTC,BUY,0.0082,10159582.000,2024-07-01 23:51:17.304
BTC,BUY,0.0018,10159583.000,2024-07-01 23:51:17.304
BTC,BUY,0.0020,10159583.000,2024-07-01 23:51:17.986
BTC,BUY,0.0005,10159603.000,2024-07-01 23:51:20.988
BTC,BUY,0.0007,10159463.000,2024-07-01 23:51:45.262
BTC,BUY,0.0007,10159484.000,2024-07-01 23:51:46.079
BTC,BUY,0.0013,10160567.000,2024-07-01 23:51:46.079
BTC,BUY,0.5000,10161690.000,2024-07-01 23:51:53.557
BTC,BUY,0.0001,10162025.000,2024-07-01 23:52:18.270
BTC,BUY,0.0001,10162025.000,2024-07-01 23:52:40.714
BTC,BUY,0.0085,10162025.000,2024-07-01 23:53:05.465
BTC,BUY,0.0300,10162026.000,2024-07-01 23:53:05.465
BTC,BUY,0.0300,10162301.000,2024-07-01 23:53:05.465
BTC,BUY,0.0048,10163520.000,2024-07-01 23:53:05.465
BTC,BUY,0.0100,10163575.000,2024-07-01 23:53:05.465
BTC,BUY,0.1167,10163810.000,2024-07-01 23:53:05.465
BTC,BUY,0.0005,10164838.000,2024-07-01 23:53:33.523
BTC,BUY,0.0005,10164841.000,2024-07-01 23:54:07.920
BTC,BUY,0.0004,10166829.000,2024-07-01 23:54:50.262
BTC,BUY,0.0127,10166833.000,2024-07-01 23:55:17.542
BTC,BUY,0.0073,10166839.000,2024-07-01 23:55:17.542
BTC,BUY,0.0004,10166839.000,2024-07-01 23:55:17.719
BTC,BUY,0.0876,10167510.000,2024-07-01 23:55:17.719
BTC,BUY,0.4120,10167520.000,2024-07-01 23:55:17.719
BTC,BUY,0.4000,10168050.000,2024-07-01 23:56:43.630
BTC,BUY,0.0001,10168580.000,2024-07-01 23:56:50.439
BTC,BUY,0.0001,10169318.000,2024-07-01 23:57:43.058
BTC,BUY,0.0001,10169151.000,2024-07-01 23:57:51.659
BTC,BUY,0.0099,10169151.000,2024-07-01 23:58:33.761
BTC,BUY,0.0001,10170000.000,2024-07-01 23:58:33.761
BTC,BUY,0.0003,10169151.000,2024-07-01 23:59:22.872
BTC,BUY,0.0001,10169151.000,2024-07-02 00:00:02.974
BTC,BUY,0.0005,10170000.000,2024-07-02 00:00:46.463
BTC,BUY,0.0044,10170000.000,2024-07-02 00:01:24.148
BTC,BUY,0.0006,10170000.000,2024-07-02 00:01:24.148
BTC,BUY,0.0094,10170000.000,2024-07-02 00:01:24.598
BTC,BUY,0.0020,10171760.000,2024-07-02 00:04:59.788
BTC,BUY,0.0010,10173350.000,2024-07-02 00:05:38.971
BTC,SELL,0.0006,10172290.000,2024-07-02 00:05:47.368
BTC,SELL,0.0005,10172290.000,2024-07-02 00:07:15.943
BTC,SELL,0.0004,10172290.000,2024-07-02 00:07:21.587
BTC,SELL,0.0096,10172290.000,2024-07-02 00:07:21.587
BTC,BUY,0.0280,10172291.000,2024-07-02 00:07:32.470
BTC,SELL,0.0004,10172290.000,2024-07-02 00:09:47.138
BTC,BUY,0.0003,10167035.000,2024-07-02 00:10:20.131
BTC,BUY,0.0070,10165900.000,2024-07-02 00:11:09.370
BTC,BUY,0.0006,10166000.000,2024-07-02 00:11:21.240
BTC,BUY,0.0001,10166818.000,2024-07-02 00:11:29.562
BTC,BUY,0.0050,10168500.000,2024-07-02 00:11:47.936
BTC,BUY,0.0035,10168500.000,2024-07-02 00:11:47.936
BTC,BUY,0.0015,10168541.000,2024-07-02 00:11:47.936
BTC,BUY,0.0001,10169518.000,2024-07-02 00:12:25.729
BTC,SELL,0.0300,10161850.000,2024-07-02 00:13:13.135
BTC,SELL,0.0300,10161850.000,2024-07-02 00:13:13.165
BTC,SELL,0.0100,10161850.000,2024-07-02 00:13:13.243
BTC,SELL,0.0079,10161850.000,2024-07-02 00:13:13.254
BTC,SELL,0.0221,10161850.000,2024-07-02 00:13:13.263
BTC,SELL,0.0079,10161850.000,2024-07-02 00:13:13.263
BTC,SELL,0.1000,10162200.000,2024-07-02 00:14:23.544
BTC,SELL,0.1000,10162200.000,2024-07-02 00:14:23.544
BTC,BUY,0.0005,10164340.000,2024-07-02 00:14:42.656
BTC,SELL,0.0005,10164000.000,2024-07-02 00:18:03.963
BTC,SELL,0.0006,10164000.000,2024-07-02 00:18:24.750
BTC,SELL,0.0027,10164000.000,2024-07-02 00:18:29.042
BTC,BUY,0.0003,10164001.000,2024-07-02 00:19:09.220
BTC,SELL,0.0008,10164000.000,2024-07-02 00:19:12.387
BTC,SELL,0.0025,10164000.000,2024-07-02 00:19:15.068
BTC,SELL,0.0029,10164000.000,2024-07-02 00:19:29.771
BTC,SELL,0.0071,10164000.000,2024-07-02 00:19:29.771
BTC,SELL,0.0029,10164000.000,2024-07-02 00:19:29.776
BTC,BUY,0.0005,10164870.000,2024-07-02 00:20:41.740
BTC,BUY,0.0020,10171760.000,2024-07-02 00:21:56.930
BTC,BUY,0.0003,10167949.000,2024-07-02 00:23:34.012
BTC,BUY,0.0005,10166085.000,2024-07-02 00:23:58.209
BTC,BUY,0.0020,10173276.000,2024-07-02 00:26:50.143
BTC,SELL,0.0300,10173682.000,2024-07-02 00:27:06.832
BTC,SELL,0.0300,10173682.000,2024-07-02 00:27:06.832
BTC,SELL,0.0057,10173682.000,2024-07-02 00:27:06.832
BTC,SELL,0.0843,10173682.000,2024-07-02 00:27:06.832
BTC,SELL,0.0014,10173378.000,2024-07-02 00:27:12.455
BTC,SELL,0.0002,10173200.000,2024-07-02 00:27:58.277
BTC,SELL,0.0006,10173193.000,2024-07-02 00:27:58.277
BTC,SELL,0.0050,10170550.000,2024-07-02 00:28:53.865
BTC,BUY,0.0009,10172290.000,2024-07-02 00:29:40.620
BTC,SELL,0.0004,10173682.000,2024-07-02 00:29:55.522
BTC,BUY,0.0004,10173683.000,2024-07-02 00:31:29.539
BTC,BUY,0.0014,10174217.000,2024-07-02 00:31:29.539
BTC,BUY,0.0002,10174219.000,2024-07-02 00:31:29.539
BTC,BUY,0.0001,10174370.000,2024-07-02 00:31:29.539
BTC,BUY,0.0029,10174921.000,2024-07-02 00:31:29.539
BTC,BUY,0.0200,10174673.000,2024-07-02 00:32:00.952
BTC,BUY,0.0520,10174674.000,2024-07-02 00:32:00.952
BTC,BUY,0.0050,10174900.000,2024-07-02 00:33:26.979
BTC,SELL,0.0200,10174674.000,2024-07-02 00:33:42.039
BTC,SELL,0.0001,10174674.000,2024-07-02 00:33:44.094
BTC,BUY,0.0002,10174675.000,2024-07-02 00:33:46.542
BTC,SELL,0.0100,10174674.000,2024-07-02 00:33:57.730
BTC,SELL,0.0100,10174674.000,2024-07-02 00:34:00.768
BTC,SELL,0.0200,10174674.000,2024-07-02 00:34:02.268
BTC,SELL,0.0050,10174674.000,2024-07-02 00:34:02.335
BTC,SELL,0.0100,10174674.000,2024-07-02 00:34:02.504
BTC,SELL,0.0100,10174674.000,2024-07-02 00:34:09.862
BTC,SELL,0.0100,10174674.000,2024-07-02 00:34:12.120
BTC,SELL,0.0050,10174674.000,2024-07-02 00:34:14.453
BTC,SELL,0.0050,10174674.000,2024-07-02 00:34:14.968
BTC,SELL,0.0011,10174674.000,2024-07-02 00:35:05.531
BTC,SELL,0.0050,10174674.000,2024-07-02 00:35:19.533
BTC,SELL,0.0050,10174674.000,2024-07-02 00:36:22.534
BTC,SELL,0.0050,10174674.000,2024-07-02 00:37:16.255
BTC,SELL,0.0100,10174674.000,2024-07-02 00:37:17.319
BTC,SELL,0.0100,10174674.000,2024-07-02 00:37:17.322
BTC,SELL,0.0050,10174674.000,2024-07-02 00:37:17.768
BTC,SELL,0.0050,10174674.000,2024-07-02 00:37:18.259
BTC,SELL,0.0050,10174674.000,2024-07-02 00:37:18.757
BTC,SELL,0.0050,10174674.000,2024-07-02 00:37:19.761
BTC,SELL,0.0050,10174674.000,2024-07-02 00:37:20.285
BTC,SELL,0.0100,10174674.000,2024-07-02 00:37:20.882
BTC,SELL,0.0050,10174674.000,2024-07-02 00:37:21.318
BTC,SELL,0.0050,10174674.000,2024-07-02 00:37:22.828
BTC,SELL,0.0050,10174674.000,2024-07-02 00:37:23.737
BTC,SELL,0.0050,10174674.000,2024-07-02 00:37:26.406
BTC,SELL,0.0050,10174674.000,2024-07-02 00:37:26.916
BTC,BUY,0.0008,10174675.000,2024-07-02 00:38:00.369
BTC,SELL,0.0068,10174674.000,2024-07-02 00:38:15.415
BTC,SELL,0.0031,10170001.000,2024-07-02 00:38:15.415
BTC,BUY,0.0001,10170001.000,2024-07-02 00:38:45.730
BTC,SELL,0.0001,10170000.000,2024-07-02 00:39:24.392
BTC,SELL,0.0125,10169680.000,2024-07-02 00:39:24.392
BTC,SELL,0.0300,10169661.000,2024-07-02 00:39:24.392
BTC,SELL,0.0294,10169464.000,2024-07-02 00:39:24.392
BTC,SELL,0.0219,10168985.000,2024-07-02 00:39:24.392
BTC,BUY,0.0005,10170599.000,2024-07-02 00:39:35.019
BTC,BUY,0.0004,10171229.000,2024-07-02 00:40:44.061
BTC,SELL,0.0003,10171228.000,2024-07-02 00:40:45.823
BTC,SELL,0.0010,10171950.000,2024-07-02 00:42:24.573
BTC,BUY,0.0001,10172799.000,2024-07-02 00:42:38.135
BTC,BUY,0.0014,10171951.000,2024-07-02 00:44:12.846
BTC,BUY,0.0002,10171951.000,2024-07-02 00:44:38.169
BTC,BUY,0.0074,10171951.000,2024-07-02 00:45:08.946
BTC,BUY,0.0026,10171951.000,2024-07-02 00:45:08.946
BTC,BUY,0.0010,10171951.000,2024-07-02 00:45:32.424
BTC,SELL,0.0001,10171950.000,2024-07-02 00:46:17.436
BTC,SELL,0.0001,10167254.000,2024-07-02 00:46:17.436
BTC,BUY,0.0001,10168799.000,2024-07-02 00:46:30.444
BTC,BUY,0.0001,10169599.000,2024-07-02 00:47:38.006
BTC,BUY,0.0001,10168079.000,2024-07-02 00:48:44.266
BTC,BUY,0.0001,10174351.000,2024-07-02 00:51:40.762
BTC,BUY,0.0015,10174409.000,2024-07-02 00:51:40.762
BTC,SELL,0.0004,10171050.000,2024-07-02 00:52:54.517
BTC,BUY,0.0003,10172239.000,2024-07-02 00:53:07.714
BTC,BUY,0.0003,10172240.000,2024-07-02 00:53:07.714
BTC,BUY,0.0004,10172290.000,2024-07-02 00:53:07.714
BTC,BUY,0.0005,10172820.000,2024-07-02 00:56:23.963
BTC,BUY,0.0020,10173450.000,2024-07-02 00:56:59.561
BTC,BUY,0.0040,10173450.000,2024-07-02 00:57:00.285
BTC,BUY,0.0027,10174158.000,2024-07-02 00:57:00.285
BTC,BUY,0.0033,10174609.000,2024-07-02 00:57:02.138
BTC,SELL,0.0005,10175000.000,2024-07-02 00:58:49.155
BTC,SELL,0.0001,10175000.000,2024-07-02 00:58:49.155
BTC,BUY,0.0001,10175001.000,2024-07-02 01:00:20.980
BTC,SELL,0.0028,10175000.000,2024-07-02 01:00:42.895
BTC,SELL,0.0050,10170669.000,2024-07-02 01:00:42.895
BTC,SELL,0.0005,10167926.000,2024-07-02 01:00:42.895
BTC,SELL,0.0017,10167457.000,2024-07-02 01:00:42.895
BTC,BUY,0.0008,10168580.000,2024-07-02 01:01:16.195
BTC,BUY,0.0003,10169110.000,2024-07-02 01:01:22.815
BTC,BUY,0.0007,10169600.000,2024-07-02 01:01:33.303
BTC,BUY,0.0003,10169280.000,2024-07-02 01:02:10.271
BTC,BUY,0.0001,10169200.000,2024-07-02 01:04:21.922
BTC,BUY,0.0010,10166086.000,2024-07-02 01:06:18.177
BTC,BUY,0.0006,10166086.000,2024-07-02 01:07:52.445
BTC,BUY,0.0001,10166086.000,2024-07-02 01:09:27.974
BTC,BUY,0.0001,10166086.000,2024-07-02 01:09:38.191
BTC,BUY,0.0020,10166400.000,2024-07-02 01:11:36.736
BTC,BUY,0.0010,10168050.000,2024-07-02 01:14:46.316
BTC,BUY,0.0009,10170170.000,2024-07-02 01:15:10.555
BTC,BUY,0.0009,10170700.000,2024-07-02 01:15:30.563
BTC,BUY,0.0009,10171230.000,2024-07-02 01:15:40.583
BTC,BUY,0.0009,10173261.000,2024-07-02 01:15:50.662
BTC,BUY,0.0009,10173840.000,2024-07-02 01:16:00.617
BTC,BUY,0.0041,10173766.000,2024-07-02 01:16:18.832
BTC,BUY,0.0959,10174410.000,2024-07-02 01:16:18.832
BTC,BUY,0.0001,10174880.000,2024-07-02 01:18:06.969
BTC,BUY,0.0084,10173200.000,2024-07-02 01:19:17.971
BTC,BUY,0.0016,10173216.000,2024-07-02 01:19:17.971
BTC,SELL,0.0005,10170700.000,2024-07-02 01:19:28.352
BTC,SELL,0.0031,10170700.000,2024-07-02 01:19:31.537
BTC,BUY,0.0100,10169241.000,2024-07-02 01:20:20.007
BTC,BUY,0.0009,10166101.000,2024-07-02 01:21:10.657
BTC,BUY,0.0009,10166101.000,2024-07-02 01:21:20.555
BTC,BUY,0.0009,10166101.000,2024-07-02 01:21:30.560
BTC,BUY,0.0009,10166101.000,2024-07-02 01:22:10.600
BTC,BUY,0.0009,10166101.000,2024-07-02 01:22:20.620
BTC,BUY,0.0009,10166101.000,2024-07-02 01:22:30.553
BTC,BUY,0.0009,10166460.000,2024-07-02 01:22:50.643
BTC,BUY,0.0077,10168050.000,2024-07-02 01:23:17.453
BTC,SELL,0.0020,10167050.000,2024-07-02 01:23:22.295
BTC,BUY,0.0286,10168050.000,2024-07-02 01:23:28.965
BTC,BUY,0.0087,10168234.000,2024-07-02 01:23:32.961
BTC,BUY,0.1913,10168580.000,2024-07-02 01:23:32.961
BTC,BUY,0.2000,10169110.000,2024-07-02 01:23:37.920
BTC,BUY,0.0050,10168809.000,2024-07-02 01:23:47.383
BTC,BUY,0.1950,10169640.000,2024-07-02 01:23:47.383
BTC,SELL,0.0980,10167600.000,2024-07-02 01:23:47.770
BTC,SELL,0.0656,10167551.000,2024-07-02 01:23:47.770
BTC,SELL,0.0044,10167551.000,2024-07-02 01:23:47.948
BTC,SELL,0.0032,10167550.000,2024-07-02 01:23:47.948
BTC,BUY,0.0227,10168580.000,2024-07-02 01:23:59.458
BTC,BUY,0.0251,10166336.000,2024-07-02 01:24:04.423
BTC,BUY,0.0745,10169144.000,2024-07-02 01:24:04.423
BTC,BUY,0.1004,10169640.000,2024-07-02 01:24:04.423
BTC,BUY,0.0173,10170170.000,2024-07-02 01:24:34.948
BTC,BUY,0.0300,10170222.000,2024-07-02 01:24:41.803
BTC,BUY,0.0300,10170894.000,2024-07-02 01:24:41.803
BTC,BUY,0.1400,10172290.000,2024-07-02 01:24:41.803
BTC,BUY,0.0001,10172335.000,2024-07-02 01:25:13.966
BTC,BUY,0.0218,10173070.000,2024-07-02 01:25:41.725
BTC,BUY,0.0282,10173385.000,2024-07-02 01:25:41.725
BTC,BUY,0.0400,10173395.000,2024-07-02 01:25:48.481
BTC,BUY,0.0001,10171685.000,2024-07-02 01:26:52.313
BTC,BUY,0.0050,10170760.000,2024-07-02 01:27:34.066
BTC,BUY,0.0030,10170920.000,2024-07-02 01:27:41.892
BTC,BUY,0.0003,10170845.000,2024-07-02 01:27:48.580
BTC,BUY,0.0003,10171645.000,2024-07-02 01:28:23.837
BTC,SELL,0.0029,10170845.000,2024-07-02 01:28:54.673
BTC,SELL,0.0020,10170000.000,2024-07-02 01:28:54.673
BTC,SELL,0.0084,10168119.000,2024-07-02 01:28:54.673
BTC,BUY,0.0780,10170170.000,2024-07-02 01:29:53.225
BTC,BUY,0.0050,10172290.000,2024-07-02 01:30:59.617
BTC,BUY,0.0002,10173350.000,2024-07-02 01:31:49.358
BTC,BUY,0.0005,10174410.000,2024-07-02 01:32:27.481
BTC,BUY,0.0102,10174940.000,2024-07-02 01:32:31.550
BTC,BUY,0.0010,10175470.000,2024-07-02 01:33:03.659
BTC,BUY,0.0003,10176000.000,2024-07-02 01:35:56.995
BTC,BUY,0.0002,10176801.000,2024-07-02 01:36:20.532
BTC,BUY,0.0100,10174410.000,2024-07-02 01:40:02.494
BTC,BUY,0.0125,10176480.000,2024-07-02 01:40:02.494
BTC,BUY,0.0575,10176549.000,2024-07-02 01:40:02.494
BTC,SELL,0.0002,10174409.000,2024-07-02 01:43:00.082
BTC,SELL,0.0006,10174409.000,2024-07-02 01:43:03.061
BTC,BUY,0.0100,10174410.000,2024-07-02 01:44:21.591
BTC,BUY,0.0200,10174410.000,2024-07-02 01:44:21.591
BTC,BUY,0.0005,10174985.000,2024-07-02 01:45:35.062
BTC,BUY,0.0004,10174570.000,2024-07-02 01:46:40.129
BTC,SELL,0.0010,10174999.000,2024-07-02 01:47:49.533
BTC,BUY,0.0002,10175000.000,2024-07-02 01:48:33.095
BTC,BUY,0.0002,10176801.000,2024-07-02 01:49:05.264
BTC,BUY,0.0187,10176801.000,2024-07-02 01:49:19.517
BTC,SELL,0.0017,10176800.000,2024-07-02 01:50:03.948
BTC,BUY,0.0707,10176801.000,2024-07-02 01:51:18.569
BTC,BUY,0.0004,10177000.000,2024-07-02 01:51:19.360
BTC,BUY,0.0002,10177598.000,2024-07-02 01:52:06.440
BTC,BUY,0.0001,10179710.000,2024-07-02 01:53:30.149
BTC,BUY,0.0002,10180000.000,2024-07-02 01:55:52.144
BTC,SELL,0.0803,10179950.000,2024-07-02 01:56:27.813
BTC,SELL,0.0010,10179950.000,2024-07-02 02:00:33.513
BTC,BUY,0.0001,10180000.000,2024-07-02 02:00:59.032
BTC,BUY,0.0001,10180000.000,2024-07-02 02:01:14.934
BTC,BUY,0.0001,10180000.000,2024-07-02 02:02:48.180
BTC,BUY,0.0005,10180000.000,2024-07-02 02:03:17.409
BTC,BUY,0.0043,10180000.000,2024-07-02 02:03:17.409
BTC,BUY,0.0030,10180000.000,2024-07-02 02:03:44.088
BTC,BUY,0.0001,10180000.000,2024-07-02 02:05:07.420
BTC,BUY,0.0016,10180000.000,2024-07-02 02:05:45.022
BTC,BUY,0.0010,10180000.000,2024-07-02 02:06:33.956
BTC,BUY,0.0001,10180280.000,2024-07-02 02:06:33.956
BTC,BUY,0.0083,10180770.000,2024-07-02 02:06:33.956
BTC,SELL,0.0005,10181482.000,2024-07-02 02:08:09.606
BTC,BUY,0.0001,10181483.000,2024-07-02 02:09:27.319
BTC,BUY,0.0069,10181830.000,2024-07-02 02:09:27.319
BTC,BUY,0.0050,10182360.000,2024-07-02 02:09:29.459
BTC,SELL,0.0005,10182802.000,2024-07-02 02:09:58.764
BTC,BUY,0.0001,10182803.000,2024-07-02 02:10:14.975
BTC,BUY,0.0155,10182890.000,2024-07-02 02:10:15.957
BTC,BUY,0.0155,10182890.000,2024-07-02 02:10:15.960
BTC,BUY,0.1000,10182890.000,2024-07-02 02:10:16.118
BTC,BUY,0.0500,10182890.000,2024-07-02 02:10:16.152
BTC,BUY,0.0050,10182890.000,2024-07-02 02:10:16.219
BTC,BUY,0.0103,10183420.000,2024-07-02 02:10:17.740
BTC,BUY,0.0050,10183420.000,2024-07-02 02:10:17.751
BTC,BUY,0.0050,10183950.000,2024-07-02 02:10:18.272
BTC,BUY,0.0050,10184480.000,2024-07-02 02:10:18.936
BTC,BUY,0.0002,10185000.000,2024-07-02 02:10:21.531
BTC,BUY,0.0002,10185603.000,2024-07-02 02:10:25.022
BTC,BUY,0.2998,10186600.000,2024-07-02 02:10:25.022
BTC,SELL,0.0002,10185700.000,2024-07-02 02:10:27.878
BTC,BUY,0.0050,10187130.000,2024-07-02 02:11:25.288
BTC,BUY,0.0001,10189013.000,2024-07-02 02:11:29.091
BTC,BUY,0.0049,10189250.000,2024-07-02 02:11:29.091
BTC,BUY,0.0003,10189780.000,2024-07-02 02:11:34.686
BTC,BUY,0.0010,10190000.000,2024-07-02 02:12:17.732
BTC,BUY,0.0100,10190000.000,2024-07-02 02:12:17.732
BTC,BUY,0.1000,10191900.000,2024-07-02 02:12:24.656
BTC,BUY,0.0001,10191925.000,2024-07-02 02:12:25.417
BTC,BUY,0.0001,10192216.000,2024-07-02 02:12:25.417
BTC,BUY,0.0001,10192216.000,2024-07-02 02:12:25.417
BTC,BUY,0.0047,10192430.000,2024-07-02 02:12:25.417
BTC,BUY,0.0499,10194550.000,2024-07-02 02:12:31.670
BTC,BUY,0.0100,10195000.000,2024-07-02 02:12:37.724
BTC,BUY,0.0100,10195000.000,2024-07-02 02:12:37.724
BTC,BUY,0.0005,10196140.000,2024-07-02 02:12:48.627
BTC,BUY,0.0001,10197200.000,2024-07-02 02:12:52.257
BTC,SELL,0.0024,10198750.000,2024-07-02 02:14:18.210
BTC,BUY,0.0100,10199850.000,2024-07-02 02:15:04.001
BTC,BUY,0.0111,10199850.000,2024-07-02 02:15:04.376
BTC,BUY,0.0050,10200000.000,2024-07-02 02:15:04.875
BTC,BUY,0.0050,10200000.000,2024-07-02 02:15:04.890
BTC,BUY,0.0010,10200000.000,2024-07-02 02:15:04.890
BTC,BUY,0.0097,10200000.000,2024-07-02 02:15:04.890
BTC,BUY,0.0003,10200000.000,2024-07-02 02:15:05.387
BTC,BUY,0.0010,10200000.000,2024-07-02 02:15:05.387
BTC,BUY,0.0007,10200000.000,2024-07-02 02:15:05.387
BTC,BUY,0.0030,10200000.000,2024-07-02 02:15:05.387
BTC,BUY,0.0002,10198321.000,2024-07-02 02:15:47.941
BTC,BUY,0.0018,10199635.000,2024-07-02 02:15:47.941
BTC,BUY,0.0010,10198001.000,2024-07-02 02:16:43.925
BTC,BUY,0.0009,10198001.000,2024-07-02 02:16:50.554
BTC,BUY,0.0991,10198001.000,2024-07-02 02:16:52.003
BTC,BUY,0.0229,10198001.000,2024-07-02 02:16:52.003
BTC,BUY,0.0009,10198001.000,2024-07-02 02:17:00.615
BTC,BUY,0.0100,10200000.000,2024-07-02 02:19:46.455
BTC,BUY,0.0001,10200000.000,2024-07-02 02:20:48.941
BTC,BUY,0.0020,10200000.000,2024-07-02 02:21:18.273
BTC,BUY,0.0100,10200000.000,2024-07-02 02:21:18.387
BTC,BUY,0.0100,10200000.000,2024-07-02 02:21:34.386
BTC,BUY,0.0020,10200000.000,2024-07-02 02:21:35.746
BTC,BUY,0.0629,10200000.000,2024-07-02 02:21:43.410
BTC,BUY,0.0008,10200000.000,2024-07-02 02:21:43.410
BTC,BUY,0.0663,10201440.000,2024-07-02 02:21:43.410
BTC,BUY,0.0020,10198550.000,2024-07-02 02:23:46.457
BTC,BUY,0.0001,10198685.000,2024-07-02 02:26:19.282
BTC,SELL,0.0005,10198080.000,2024-07-02 02:26:20.267
BTC,SELL,0.0070,10197760.000,2024-07-02 02:26:49.575
BTC,BUY,0.0087,10200440.000,2024-07-02 02:28:12.300
BTC,SELL,0.0077,10197500.000,2024-07-02 02:29:09.392
BTC,BUY,0.0004,10198258.000,2024-07-02 02:29:22.442
BTC,BUY,0.0001,10198638.000,2024-07-02 02:30:03.068
BTC,BUY,0.0004,10199032.000,2024-07-02 02:30:03.068
BTC,BUY,0.0001,10200000.000,2024-07-02 02:32:14.324
BTC,BUY,0.0009,10200000.000,2024-07-02 02:32:17.824
BTC,BUY,0.0126,10201605.000,2024-07-02 02:32:19.444
BTC,BUY,0.0500,10202500.000,2024-07-02 02:32:20.708
BTC,BUY,0.1000,10202500.000,2024-07-02 02:32:20.711
BTC,BUY,0.0333,10203560.000,2024-07-02 02:32:27.493
BTC,BUY,0.0002,10205000.000,2024-07-02 02:32:44.443
BTC,SELL,0.0005,10205134.000,2024-07-02 02:32:52.205
BTC,SELL,0.0005,10205250.000,2024-07-02 02:33:05.323
BTC,BUY,0.0096,10204773.000,2024-07-02 02:33:56.408
BTC,BUY,0.0200,10207562.000,2024-07-02 02:33:56.408
BTC,BUY,0.0204,10207562.000,2024-07-02 02:33:56.408
BTC,BUY,0.0001,10202003.000,2024-07-02 02:34:40.489
BTC,BUY,0.0099,10199374.000,2024-07-02 02:35:51.762
BTC,BUY,0.0200,10202425.000,2024-07-02 02:35:51.762
BTC,BUY,0.0200,10203073.000,2024-07-02 02:35:51.762
BTC,BUY,0.0700,10203557.000,2024-07-02 02:35:51.762
BTC,BUY,0.3301,10203560.000,2024-07-02 02:35:51.762
BTC,BUY,0.0001,10199151.000,2024-07-02 02:36:06.748
BTC,BUY,0.0099,10199151.000,2024-07-02 02:36:24.522
BTC,SELL,0.0004,10199032.000,2024-07-02 02:37:37.905
BTC,BUY,0.0001,10199151.000,2024-07-02 02:37:46.919
BTC,SELL,0.0001,10199032.000,2024-07-02 02:37:54.426
BTC,BUY,0.0005,10199151.000,2024-07-02 02:38:08.033
BTC,SELL,0.0003,10199032.000,2024-07-02 02:38:16.895
BTC,SELL,0.0010,10199032.000,2024-07-02 02:38:19.558
BTC,SELL,0.0002,10199032.000,2024-07-02 02:38:19.615
BTC,SELL,0.0030,10199032.000,2024-07-02 02:38:22.425
BTC,SELL,0.0021,10199032.000,2024-07-02 02:38:24.309
BTC,SELL,0.0016,10199032.000,2024-07-02 02:38:32.816
BTC,SELL,0.0007,10199032.000,2024-07-02 02:38:37.959
BTC,SELL,0.0100,10199032.000,2024-07-02 02:38:57.797
BTC,SELL,0.0004,10199032.000,2024-07-02 02:38:58.782
BTC,SELL,0.0015,10199032.000,2024-07-02 02:39:03.408
BTC,SELL,0.0002,10199032.000,2024-07-02 02:39:07.659
BTC,SELL,0.0900,10199032.000,2024-07-02 02:39:12.262
BTC,SELL,0.0095,10199032.000,2024-07-02 02:39:12.528
BTC,SELL,0.0001,10197188.000,2024-07-02 02:39:12.907
BTC,SELL,0.0040,10193303.000,2024-07-02 02:39:12.907
BTC,SELL,0.0010,10193303.000,2024-07-02 02:39:13.053
BTC,SELL,0.0010,10190017.000,2024-07-02 02:39:13.053
BTC,SELL,0.0500,10190018.000,2024-07-02 02:39:13.474
BTC,BUY,0.0001,10192960.000,2024-07-02 02:39:59.201
BTC,BUY,0.0005,10194719.000,2024-07-02 02:40:03.100
BTC,BUY,0.0500,10194705.000,2024-07-02 02:40:16.961
BTC,BUY,0.0039,10193439.000,2024-07-02 02:42:27.612
BTC,SELL,0.0005,10191550.000,2024-07-02 02:43:37.431
BTC,BUY,0.0001,10197995.000,2024-07-02 02:43:51.628
BTC,BUY,0.0001,10198002.000,2024-07-02 02:43:55.379
BTC,BUY,0.0003,10198790.000,2024-07-02 02:43:55.379
BTC,SELL,0.0100,10198900.000,2024-07-02 02:47:22.190
BTC,SELL,0.0100,10198900.000,2024-07-02 02:47:22.546
BTC,SELL,0.0100,10198900.000,2024-07-02 02:47:32.171
BTC,SELL,0.0033,10198900.000,2024-07-02 02:47:32.580
BTC,SELL,0.0067,10198900.000,2024-07-02 02:47:32.580
BTC,SELL,0.0100,10196701.000,2024-07-02 02:47:42.219
BTC,BUY,0.0005,10199033.000,2024-07-02 02:48:32.148
BTC,SELL,0.0030,10196950.000,2024-07-02 02:48:37.490
BTC,BUY,0.0001,10196949.000,2024-07-02 02:50:21.043
BTC,SELL,0.0002,10196948.000,2024-07-02 02:51:25.714
BTC,BUY,0.0002,10199033.000,2024-07-02 02:53:47.551
BTC,BUY,0.0120,10199033.000,2024-07-02 02:53:54.669
BTC,BUY,0.0094,10199151.000,2024-07-02 02:53:54.669
BTC,BUY,0.0136,10200905.000,2024-07-02 02:53:54.669
BTC,BUY,0.0039,10200640.000,2024-07-02 02:54:12.580
BTC,BUY,0.0002,10196949.000,2024-07-02 02:54:56.969
BTC,BUY,0.0125,10196960.000,2024-07-02 02:54:56.969
BTC,BUY,0.0490,10197881.000,2024-07-02 02:54:56.969
BTC,BUY,0.0685,10198906.000,2024-07-02 02:54:56.969
BTC,BUY,0.0001,10201400.000,2024-07-02 02:59:06.362
BTC,BUY,0.0005,10200183.000,2024-07-02 02:59:55.126
BTC,BUY,0.0002,10200116.000,2024-07-02 03:00:05.723
BTC,BUY,0.0010,10200116.000,2024-07-02 03:00:07.057
BTC,BUY,0.0010,10200116.000,2024-07-02 03:00:07.102
BTC,BUY,0.0001,10201263.000,2024-07-02 03:00:26.236
BTC,BUY,0.0001,10201263.000,2024-07-02 03:00:26.363
BTC,BUY,0.0007,10201200.000,2024-07-02 03:00:29.165
BTC,BUY,0.0700,10202396.000,2024-07-02 03:00:57.320
BTC,BUY,0.0200,10202651.000,2024-07-02 03:00:58.314
BTC,BUY,0.0095,10203061.000,2024-07-02 03:00:58.314
BTC,SELL,0.0029,10202908.000,2024-07-02 03:01:08.897
BTC,SELL,0.0125,10201920.000,2024-07-02 03:01:08.897
BTC,SELL,0.0255,10201856.000,2024-07-02 03:01:08.897
BTC,SELL,0.0100,10200246.000,2024-07-02 03:01:08.897
BTC,SELL,0.0557,10200246.000,2024-07-02 03:01:08.897
BTC,BUY,0.0010,10200909.000,2024-07-02 03:02:03.368
BTC,BUY,0.0090,10201969.000,2024-07-02 03:02:16.972
BTC,BUY,0.0099,10201970.000,2024-07-02 03:02:16.972
BTC,BUY,0.0001,10204090.000,2024-07-02 03:03:13.754
BTC,BUY,0.0010,10206700.000,2024-07-02 03:03:38.405
BTC,SELL,0.0098,10200116.000,2024-07-02 03:04:06.602
BTC,BUY,0.0200,10201440.000,2024-07-02 03:05:23.056
BTC,SELL,0.0010,10201350.000,2024-07-02 03:05:31.592
BTC,BUY,0.0001,10206749.000,2024-07-02 03:07:06.598
BTC,BUY,0.0100,10206400.000,2024-07-02 03:07:19.023
BTC,BUY,0.0001,10205749.000,2024-07-02 03:07:46.811
BTC,BUY,0.0001,10203200.000,2024-07-02 03:10:06.034
BTC,SELL,0.0200,10202607.000,2024-07-02 03:10:28.872
BTC,BUY,0.0001,10204150.000,2024-07-02 03:10:59.137
BTC,BUY,0.0001,10204150.000,2024-07-02 03:11:07.553
BTC,BUY,0.0001,10204150.000,2024-07-02 03:11:24.570
BTC,BUY,0.0001,10203250.000,2024-07-02 03:12:38.265
BTC,BUY,0.0001,10203250.000,2024-07-02 03:12:56.699
BTC,BUY,0.0001,10203200.000,2024-07-02 03:13:30.198
BTC,BUY,0.0001,10203100.000,2024-07-02 03:13:49.606
BTC,BUY,0.0001,10202900.000,2024-07-02 03:14:11.081
BTC,BUY,0.0001,10202900.000,2024-07-02 03:14:27.320
BTC,BUY,0.0001,10203750.000,2024-07-02 03:14:51.693
BTC,BUY,0.0001,10203550.000,2024-07-02 03:15:21.832
BTC,SELL,0.0008,10200116.000,2024-07-02 03:15:55.542
BTC,SELL,0.0010,10200116.000,2024-07-02 03:16:39.630
BTC,BUY,0.0001,10201200.000,2024-07-02 03:17:00.221
BTC,BUY,0.0007,10201200.000,2024-07-02 03:17:02.190
BTC,BUY,0.0001,10203726.000,2024-07-02 03:17:35.243
BTC,BUY,0.0900,10204900.000,2024-07-02 03:17:58.635
BTC,BUY,0.0050,10205000.000,2024-07-02 03:18:31.543
BTC,BUY,0.0001,10205000.000,2024-07-02 03:18:34.866
BTC,BUY,0.0001,10204950.000,2024-07-02 03:18:44.301
BTC,BUY,0.0019,10204950.000,2024-07-02 03:18:50.306
BTC,BUY,0.0001,10204350.000,2024-07-02 03:20:32.481
BTC,BUY,0.0003,10204350.000,2024-07-02 03:20:40.583
BTC,BUY,0.0001,10205000.000,2024-07-02 03:21:12.084
BTC,BUY,0.0001,10205000.000,2024-07-02 03:21:23.796
BTC,BUY,0.0070,10205000.000,2024-07-02 03:21:44.985
BTC,BUY,0.0005,10205000.000,2024-07-02 03:21:52.135
BTC,BUY,0.0001,10205000.000,2024-07-02 03:22:36.861
BTC,BUY,0.0020,10205000.000,2024-07-02 03:23:40.948
BTC,SELL,0.0002,10204999.000,2024-07-02 03:23:51.173
BTC,BUY,0.0002,10205000.000,2024-07-02 03:24:08.851
BTC,BUY,0.0040,10205000.000,2024-07-02 03:24:12.650
BTC,BUY,0.0059,10205000.000,2024-07-02 03:24:55.678
BTC,BUY,0.0941,10206210.000,2024-07-02 03:24:55.678
BTC,BUY,0.0055,10206740.000,2024-07-02 03:25:05.840
BTC,BUY,0.1000,10206740.000,2024-07-02 03:25:06.004
BTC,BUY,0.0001,10206938.000,2024-07-02 03:25:10.265
BTC,BUY,0.0050,10208330.000,2024-07-02 03:25:10.480
BTC,BUY,0.0500,10208330.000,2024-07-02 03:25:10.728
BTC,BUY,0.0001,10209436.000,2024-07-02 03:25:10.997
BTC,BUY,0.0049,10209920.000,2024-07-02 03:25:10.997
BTC,BUY,0.0010,10210000.000,2024-07-02 03:25:11.400
BTC,BUY,0.0020,10210317.000,2024-07-02 03:25:11.400
BTC,BUY,0.0100,10210317.000,2024-07-02 03:25:11.654
BTC,BUY,0.0038,10210317.000,2024-07-02 03:25:12.166
BTC,BUY,0.0962,10210980.000,2024-07-02 03:25:12.166
BTC,BUY,0.0001,10211028.000,2024-07-02 03:25:35.502
BTC,BUY,0.0001,10212356.000,2024-07-02 03:25:35.502
BTC,BUY,0.0001,10212356.000,2024-07-02 03:25:35.502
BTC,BUY,0.0001,10212356.000,2024-07-02 03:25:35.502
BTC,BUY,0.0002,10213000.000,2024-07-02 03:25:37.660
BTC,SELL,0.0006,10212999.000,2024-07-02 03:25:45.438
BTC,BUY,0.0020,10213000.000,2024-07-02 03:26:08.407
BTC,BUY,0.0128,10213000.000,2024-07-02 03:26:16.517
BTC,BUY,0.0165,10213630.000,2024-07-02 03:26:16.517
BTC,BUY,0.0050,10214160.000,2024-07-02 03:26:19.033
BTC,BUY,0.0001,10214690.000,2024-07-02 03:26:29.407
BTC,SELL,0.0001,10214999.000,2024-07-02 03:27:04.011
BTC,SELL,0.0001,10214159.000,2024-07-02 03:27:04.011
BTC,BUY,0.0026,10215000.000,2024-07-02 03:27:05.871
BTC,BUY,0.0020,10215000.000,2024-07-02 03:28:16.000
BTC,SELL,0.0010,10214999.000,2024-07-02 03:28:26.827
BTC,BUY,0.0020,10215000.000,2024-07-02 03:28:51.679
BTC,BUY,0.0001,10215000.000,2024-07-02 03:28:52.120
BTC,SELL,0.0010,10214250.000,2024-07-02 03:29:00.962
BTC,BUY,0.0300,10214690.000,2024-07-02 03:29:10.978
BTC,SELL,0.0010,10214720.000,2024-07-02 03:29:13.445
BTC,SELL,0.0031,10214900.000,2024-07-02 03:29:16.800
BTC,SELL,0.0017,10214855.000,2024-07-02 03:29:16.800
BTC,SELL,0.0010,10214855.000,2024-07-02 03:29:31.009
BTC,SELL,0.0010,10214999.000,2024-07-02 03:29:56.415
BTC,BUY,0.0020,10215000.000,2024-07-02 03:30:10.266
BTC,BUY,0.0001,10215000.000,2024-07-02 03:30:10.270
BTC,BUY,0.0001,10215000.000,2024-07-02 03:30:11.173
BTC,BUY,0.0001,10215000.000,2024-07-02 03:30:22.938
BTC,BUY,0.0009,10215000.000,2024-07-02 03:30:54.262
BTC,BUY,0.0001,10215000.000,2024-07-02 03:32:22.269
BTC,BUY,0.0002,10215000.000,2024-07-02 03:32:32.972
BTC,BUY,0.0018,10216280.000,2024-07-02 03:32:32.972
BTC,BUY,0.0100,10215750.000,2024-07-02 03:32:33.309
BTC,SELL,0.0004,10216393.000,2024-07-02 03:32:45.953
BTC,BUY,0.0001,10216394.000,2024-07-02 03:32:53.405
BTC,BUY,0.0249,10216810.000,2024-07-02 03:32:53.405
BTC,BUY,0.0020,10216810.000,2024-07-02 03:32:53.522
BTC,BUY,0.0001,10217195.000,2024-07-02 03:32:54.009
BTC,BUY,0.0001,10217244.000,2024-07-02 03:32:54.009
BTC,BUY,0.0001,10217995.000,2024-07-02 03:32:54.009
BTC,BUY,0.0047,10218930.000,2024-07-02 03:32:54.009
BTC,BUY,0.0050,10220000.000,2024-07-02 03:32:54.155
BTC,BUY,0.0050,10220000.000,2024-07-02 03:32:54.164
BTC,BUY,0.0010,10220000.000,2024-07-02 03:32:54.164
BTC,BUY,0.0140,10220520.000,2024-07-02 03:32:54.164
BTC,BUY,0.0001,10222640.000,2024-07-02 03:34:15.397
BTC,BUY,0.0004,10225820.000,2024-07-02 03:34:19.715
BTC,BUY,0.0005,10226350.000,2024-07-02 03:34:55.942
BTC,BUY,0.0002,10227258.000,2024-07-02 03:35:00.388
BTC,BUY,0.0001,10227258.000,2024-07-02 03:35:02.401
BTC,BUY,0.0010,10227940.000,2024-07-02 03:35:04.026
BTC,BUY,0.0010,10230000.000,2024-07-02 03:35:11.172
BTC,BUY,0.0009,10230000.000,2024-07-02 03:35:18.684
BTC,BUY,0.0005,10230000.000,2024-07-02 03:35:47.637
BTC,BUY,0.0086,10230000.000,2024-07-02 03:36:09.833
BTC,BUY,0.0012,10230000.000,2024-07-02 03:36:09.833
BTC,SELL,0.0001,10226555.000,2024-07-02 03:36:14.147
BTC,BUY,0.0003,10226556.000,2024-07-02 03:36:21.300
BTC,BUY,0.0002,10226556.000,2024-07-02 03:36:28.430
BTC,BUY,0.0050,10228115.000,2024-07-02 03:36:56.040
BTC,BUY,0.0488,10228115.000,2024-07-02 03:36:56.040
BTC,BUY,0.1000,10228300.000,2024-07-02 03:36:56.040
BTC,BUY,0.1000,10228300.000,2024-07-02 03:36:56.040
BTC,BUY,0.0462,10228346.000,2024-07-02 03:36:56.040
BTC,BUY,0.0001,10230000.000,2024-07-02 03:38:07.845
BTC,SELL,0.0005,10229999.000,2024-07-02 03:38:16.344
BTC,BUY,0.0003,10230000.000,2024-07-02 03:39:22.777
BTC,BUY,0.0050,10230000.000,2024-07-02 03:39:55.375
BTC,BUY,0.0001,10230000.000,2024-07-02 03:39:55.802
BTC,BUY,0.1000,10230000.000,2024-07-02 03:39:56.501
BTC,BUY,0.0933,10230000.000,2024-07-02 03:39:56.504
BTC,BUY,0.0002,10230000.000,2024-07-02 03:39:56.504
BTC,BUY,0.0062,10230590.000,2024-07-02 03:39:58.042
BTC,BUY,0.0020,10232180.000,2024-07-02 03:40:27.873
BTC,BUY,0.0001,10237390.000,2024-07-02 03:42:00.559
BTC,SELL,0.0018,10237479.000,2024-07-02 03:42:32.057
BTC,SELL,0.0014,10237474.000,2024-07-02 03:43:02.938
BTC,SELL,0.0004,10237558.000,2024-07-02 03:43:08.449
BTC,SELL,0.0264,10237558.000,2024-07-02 03:43:16.949
BTC,SELL,0.0015,10237249.000,2024-07-02 03:43:16.949
BTC,BUY,0.0100,10239900.000,2024-07-02 03:43:17.072
BTC,SELL,0.0299,10235956.000,2024-07-02 03:43:22.452
BTC,SELL,0.0031,10235105.000,2024-07-02 03:43:22.452
BTC,SELL,0.0004,10236450.000,2024-07-02 03:43:30.950
BTC,BUY,0.0140,10235688.000,2024-07-02 03:45:16.827
BTC,SELL,0.0100,10233500.000,2024-07-02 03:45:17.029
BTC,SELL,0.0700,10233452.000,2024-07-02 03:45:17.029
BTC,SELL,0.0200,10233387.000,2024-07-02 03:45:17.029
BTC,BUY,0.0002,10234364.000,2024-07-02 03:45:19.300
BTC,SELL,0.0005,10232180.000,2024-07-02 03:46:20.226
BTC,SELL,0.0005,10232180.000,2024-07-02 03:47:39.171
BTC,SELL,0.0700,10231137.000,2024-07-02 03:49:15.386
BTC,SELL,0.0290,10231109.000,2024-07-02 03:49:15.386
BTC,BUY,0.0007,10231109.000,2024-07-02 03:49:45.364
BTC,BUY,0.0003,10231109.000,2024-07-02 03:50:03.505
BTC,BUY,0.0002,10231285.000,2024-07-02 03:50:03.505
BTC,BUY,0.0001,10231285.000,2024-07-02 03:50:08.289
BTC,BUY,0.0001,10231285.000,2024-07-02 03:50:09.009
BTC,SELL,0.0001,10230000.000,2024-07-02 03:51:27.093
BTC,SELL,0.0003,10229999.000,2024-07-02 03:51:29.836
BTC,SELL,0.0003,10229999.000,2024-07-02 03:51:32.508
BTC,SELL,0.0007,10229999.000,2024-07-02 03:51:37.007
BTC,SELL,0.0002,10229999.000,2024-07-02 03:51:50.158
BTC,BUY,0.0057,10223795.000,2024-07-02 03:52:05.012
BTC,BUY,0.0432,10224650.000,2024-07-02 03:52:05.012
BTC,BUY,0.0012,10224622.000,2024-07-02 03:52:07.561
BTC,BUY,0.0010,10224867.000,2024-07-02 03:52:13.465
BTC,BUY,0.0002,10225244.000,2024-07-02 03:52:30.459
BTC,BUY,0.0010,10225244.000,2024-07-02 03:52:32.855
BTC,BUY,0.0002,10225495.000,2024-07-02 03:52:44.220
BTC,BUY,0.0010,10225495.000,2024-07-02 03:53:33.945
BTC,SELL,0.0034,10221195.000,2024-07-02 03:54:34.892
BTC,BUY,0.0004,10225495.000,2024-07-02 03:55:40.568
BTC,SELL,0.0050,10224352.000,2024-07-02 03:56:36.913
BTC,SELL,0.0012,10223681.000,2024-07-02 03:56:36.913
BTC,SELL,0.0038,10222404.000,2024-07-02 03:56:36.913
BTC,BUY,0.0010,10225290.000,2024-07-02 03:56:52.744
BTC,BUY,0.0040,10225495.000,2024-07-02 03:57:06.989
BTC,SELL,0.0023,10221332.000,2024-07-02 03:57:09.514
BTC,SELL,0.0050,10221798.000,2024-07-02 03:57:15.812
BTC,SELL,0.0077,10221344.000,2024-07-02 03:57:15.812
BTC,SELL,0.0173,10221343.000,2024-07-02 03:57:15.812
BTC,BUY,0.0070,10225494.000,2024-07-02 03:57:37.777
BTC,BUY,0.0020,10225494.000,2024-07-02 03:58:50.908
BTC,BUY,0.0005,10225495.000,2024-07-02 03:58:52.441
BTC,BUY,0.0010,10223337.000,2024-07-02 03:59:22.213
BTC,BUY,0.0039,10223338.000,2024-07-02 03:59:22.213
BTC,BUY,0.0001,10222770.000,2024-07-02 03:59:42.346
BTC,BUY,0.0005,10222770.000,2024-07-02 04:00:03.224
BTC,BUY,0.0010,10222770.000,2024-07-02 04:00:15.844
BTC,BUY,0.0001,10221829.000,2024-07-02 04:01:25.022
BTC,SELL,0.0200,10221195.000,2024-07-02 04:01:58.097
BTC,SELL,0.0010,10221195.000,2024-07-02 04:03:14.245
BTC,BUY,0.0050,10221829.000,2024-07-02 04:03:50.695
BTC,SELL,0.0005,10222534.000,2024-07-02 04:04:15.968
BTC,BUY,0.0001,10223338.000,2024-07-02 04:05:17.497
BTC,BUY,0.0020,10225290.000,2024-07-02 04:05:28.994
BTC,BUY,0.0480,10225495.000,2024-07-02 04:05:51.440
BTC,BUY,0.0098,10225495.000,2024-07-02 04:06:02.281
BTC,SELL,0.0010,10224807.000,2024-07-02 04:06:13.277
BTC,BUY,0.0005,10225495.000,2024-07-02 04:06:18.604
BTC,BUY,0.0010,10225495.000,2024-07-02 04:06:57.282
BTC,BUY,0.0001,10221892.000,2024-07-02 04:09:10.019
BTC,BUY,0.0002,10221892.000,2024-07-02 04:09:25.011
BTC,BUY,0.0010,10221892.000,2024-07-02 04:09:26.495
BTC,BUY,0.0039,10223146.000,2024-07-02 04:09:44.752
BTC,BUY,0.0038,10224725.000,2024-07-02 04:09:44.752
BTC,BUY,0.0023,10225495.000,2024-07-02 04:09:44.752
BTC,BUY,0.0139,10225495.000,2024-07-02 04:12:16.528
BTC,BUY,0.0001,10225495.000,2024-07-02 04:13:02.618
BTC,BUY,0.0009,10225495.000,2024-07-02 04:14:15.147
BTC,BUY,0.0020,10225495.000,2024-07-02 04:14:41.980
BTC,SELL,0.0100,10225494.000,2024-07-02 04:14:56.910
BTC,SELL,0.0700,10225494.000,2024-07-02 04:14:56.910
BTC,SELL,0.0200,10225494.000,2024-07-02 04:14:56.910
BTC,SELL,0.0009,10225255.000,2024-07-02 04:14:57.156
BTC,BUY,0.0030,10225495.000,2024-07-02 04:15:16.878
BTC,BUY,0.0050,10225495.000,2024-07-02 04:15:31.571
BTC,BUY,0.0002,10225495.000,2024-07-02 04:15:36.368
BTC,BUY,0.0001,10225495.000,2024-07-02 04:15:38.291
BTC,BUY,0.0002,10225495.000,2024-07-02 04:15:43.140
BTC,BUY,0.0002,10225495.000,2024-07-02 04:15:49.510
BTC,BUY,0.0193,10225495.000,2024-07-02 04:15:52.279
BTC,BUY,0.0007,10225495.000,2024-07-02 04:15:52.589
BTC,SELL,0.0007,10225299.000,2024-07-02 04:15:53.490
BTC,BUY,0.0009,10225495.000,2024-07-02 04:15:53.695
BTC,BUY,0.0020,10225495.000,2024-07-02 04:15:53.886
BTC,SELL,0.0008,10225300.000,2024-07-02 04:15:54.212
BTC,BUY,0.0001,10225495.000,2024-07-02 04:15:56.186
BTC,BUY,0.0002,10225495.000,2024-07-02 04:16:01.318
BTC,BUY,0.0025,10225495.000,2024-07-02 04:16:05.603
BTC,BUY,0.0020,10225495.000,2024-07-02 04:16:05.986
BTC,BUY,0.0002,10225495.000,2024-07-02 04:16:06.674
BTC,BUY,0.0195,10225495.000,2024-07-02 04:16:06.908
BTC,BUY,0.0005,10225495.000,2024-07-02 04:16:07.159
BTC,BUY,0.0001,10225495.000,2024-07-02 04:16:07.555
BTC,SELL,0.0008,10225314.000,2024-07-02 04:16:08.725
BTC,BUY,0.0008,10225495.000,2024-07-02 04:16:08.974
BTC,BUY,0.0006,10225495.000,2024-07-02 04:16:09.372
BTC,BUY,0.0036,10225495.000,2024-07-02 04:16:09.507
BTC,BUY,0.0050,10225495.000,2024-07-02 04:16:13.667
BTC,BUY,0.0050,10225495.000,2024-07-02 04:16:14.669
BTC,BUY,0.0050,10225495.000,2024-07-02 04:16:15.189
BTC,BUY,0.0050,10225495.000,2024-07-02 04:16:17.108
BTC,BUY,0.0050,10225495.000,2024-07-02 04:16:17.719
BTC,BUY,0.0050,10225495.000,2024-07-02 04:16:18.240
BTC,BUY,0.0050,10225495.000,2024-07-02 04:16:19.792
BTC,BUY,0.0002,10225495.000,2024-07-02 04:16:21.570
BTC,BUY,0.0020,10225495.000,2024-07-02 04:16:21.798
BTC,BUY,0.0050,10225495.000,2024-07-02 04:16:21.802
BTC,BUY,0.0050,10225495.000,2024-07-02 04:16:22.773
BTC,BUY,0.0067,10225495.000,2024-07-02 04:16:23.412
BTC,BUY,0.0058,10227940.000,2024-07-02 04:16:23.412
BTC,BUY,0.0001,10227491.000,2024-07-02 04:16:55.267
BTC,BUY,0.0049,10228158.000,2024-07-02 04:17:42.509
BTC,BUY,0.0001,10229530.000,2024-07-02 04:17:42.509
BTC,BUY,0.0005,10232170.000,2024-07-02 04:20:00.710
BTC,SELL,0.0010,10225106.000,2024-07-02 04:20:24.343
BTC,SELL,0.0010,10225106.000,2024-07-02 04:20:31.094
BTC,SELL,0.0010,10225110.000,2024-07-02 04:20:37.406
BTC,SELL,0.0010,10225110.000,2024-07-02 04:20:43.419
BTC,SELL,0.0009,10225113.000,2024-07-02 04:20:46.329
BTC,BUY,0.0001,10230585.000,2024-07-02 04:20:48.068
BTC,BUY,0.0020,10230749.000,2024-07-02 04:20:49.899
BTC,SELL,0.0010,10224076.000,2024-07-02 04:20:58.263
BTC,SELL,0.0002,10224106.000,2024-07-02 04:21:31.220
BTC,SELL,0.0005,10223580.000,2024-07-02 04:22:01.789
BTC,SELL,0.0001,10223580.000,2024-07-02 04:22:03.026
BTC,SELL,0.0002,10221570.000,2024-07-02 04:22:40.946
BTC,SELL,0.0001,10221195.000,2024-07-02 04:23:08.704
BTC,SELL,0.0002,10221195.000,2024-07-02 04:23:11.092
BTC,SELL,0.0001,10221195.000,2024-07-02 04:23:15.268
BTC,SELL,0.0001,10221201.000,2024-07-02 04:23:18.383
BTC,SELL,0.0002,10221204.000,2024-07-02 04:23:20.469
BTC,SELL,0.0008,10221206.000,2024-07-02 04:23:26.682
BTC,SELL,0.0008,10221206.000,2024-07-02 04:23:27.366
BTC,SELL,0.0009,10221200.000,2024-07-02 04:23:28.357
BTC,SELL,0.0002,10221218.000,2024-07-02 04:24:02.544
BTC,SELL,0.0002,10221220.000,2024-07-02 04:24:05.318
BTC,SELL,0.0001,10221226.000,2024-07-02 04:24:10.929
BTC,BUY,0.0002,10225138.000,2024-07-02 04:24:13.031
BTC,BUY,0.0050,10225139.000,2024-07-02 04:24:13.031
BTC,BUY,0.0296,10225468.000,2024-07-02 04:24:13.031
BTC,BUY,0.0024,10225595.000,2024-07-02 04:24:13.031
BTC,BUY,0.0100,10226287.000,2024-07-02 04:24:13.031
BTC,BUY,0.0018,10226371.000,2024-07-02 04:24:13.031
BTC,SELL,0.0002,10221823.000,2024-07-02 04:24:17.100
BTC,SELL,0.0002,10221820.000,2024-07-02 04:24:27.328
BTC,SELL,0.0001,10221820.000,2024-07-02 04:24:28.005
BTC,SELL,0.0002,10221820.000,2024-07-02 04:24:34.902
BTC,SELL,0.0002,10221820.000,2024-07-02 04:24:40.013
BTC,BUY,0.0001,10224760.000,2024-07-02 04:24:40.586
BTC,SELL,0.0001,10221821.000,2024-07-02 04:24:42.090
BTC,SELL,0.0002,10221820.000,2024-07-02 04:24:50.749
BTC,SELL,0.0002,10221820.000,2024-07-02 04:24:52.858
BTC,SELL,0.0001,10221700.000,2024-07-02 04:24:54.929
BTC,SELL,0.0002,10221700.000,2024-07-02 04:24:57.020
BTC,SELL,0.0002,10221195.000,2024-07-02 04:25:12.673
BTC,SELL,0.0002,10221195.000,2024-07-02 04:25:22.019
BTC,SELL,0.0214,10221195.000,2024-07-02 04:25:29.271
BTC,SELL,0.0005,10224000.000,2024-07-02 04:26:02.524
BTC,BUY,0.1921,10224760.000,2024-07-02 04:26:03.642
BTC,SELL,0.0001,10222865.000,2024-07-02 04:26:38.168
BTC,SELL,0.0002,10222876.000,2024-07-02 04:26:47.035
BTC,SELL,0.0002,10222892.000,2024-07-02 04:27:02.985
BTC,SELL,0.0030,10222902.000,2024-07-02 04:27:13.266
BTC,SELL,0.0047,10222906.000,2024-07-02 04:27:17.059
BTC,SELL,0.0001,10222914.000,2024-07-02 04:27:25.855
BTC,BUY,0.0004,10226879.000,2024-07-02 04:27:37.641
BTC,BUY,0.0016,10226880.000,2024-07-02 04:27:37.641
BTC,BUY,0.0200,10228028.000,2024-07-02 04:27:58.648
BTC,BUY,0.0200,10227998.000,2024-07-02 04:28:29.323
BTC,BUY,0.0001,10227994.000,2024-07-02 04:28:33.166
BTC,BUY,0.0020,10228025.000,2024-07-02 04:28:47.699
BTC,BUY,0.0010,10227440.000,2024-07-02 04:29:13.371
BTC,BUY,0.0040,10228239.000,2024-07-02 04:29:28.192
BTC,BUY,0.0006,10228080.000,2024-07-02 04:29:43.480
BTC,BUY,0.0005,10227850.000,2024-07-02 04:29:50.086
BTC,BUY,0.0002,10227600.000,2024-07-02 04:30:13.746
BTC,SELL,0.0070,10221199.000,2024-07-02 04:30:36.199
BTC,BUY,0.0001,10226795.000,2024-07-02 04:30:46.096
BTC,SELL,0.0001,10222798.000,2024-07-02 04:31:06.517
BTC,SELL,0.0002,10222799.000,2024-07-02 04:31:09.679
BTC,SELL,0.0001,10222812.000,2024-07-02 04:31:16.123
BTC,SELL,0.0002,10222819.000,2024-07-02 04:31:20.657
BTC,BUY,0.0001,10228459.000,2024-07-02 04:31:28.920
BTC,SELL,0.0002,10223135.000,2024-07-02 04:31:42.672
BTC,SELL,0.0001,10223714.000,2024-07-02 04:32:18.015
BTC,SELL,0.0002,10223722.000,2024-07-02 04:32:21.218
BTC,BUY,0.0001,10228846.000,2024-07-02 04:32:26.684
BTC,SELL,0.0009,10226048.000,2024-07-02 04:34:26.027
BTC,SELL,0.0005,10226048.000,2024-07-02 04:35:27.797
BTC,SELL,0.0001,10226048.000,2024-07-02 04:35:45.399
BTC,SELL,0.0009,10224668.000,2024-07-02 04:36:07.344
BTC,BUY,0.0001,10228006.000,2024-07-02 04:36:19.141
BTC,BUY,0.0002,10228006.000,2024-07-02 04:36:42.104
BTC,BUY,0.0018,10228007.000,2024-07-02 04:36:42.104
BTC,SELL,0.0013,10226452.000,2024-07-02 04:37:43.439
BTC,BUY,0.0002,10227439.000,2024-07-02 04:39:17.624
BTC,BUY,0.0001,10227950.000,2024-07-02 04:40:11.692
BTC,BUY,0.0020,10226001.000,2024-07-02 04:42:35.875
BTC,SELL,0.0001,10226000.000,2024-07-02 04:42:41.516
BTC,SELL,0.0025,10221327.000,2024-07-02 04:42:52.950
BTC,BUY,0.0005,10221580.000,2024-07-02 04:44:11.928
BTC,SELL,0.0061,10221195.000,2024-07-02 04:44:44.931
BTC,SELL,0.0011,10221195.000,2024-07-02 04:45:00.949
BTC,SELL,0.0001,10221327.000,2024-07-02 04:47:41.120
BTC,BUY,0.0040,10221580.000,2024-07-02 04:47:42.475
BTC,SELL,0.0048,10221395.000,2024-07-02 04:47:51.532
BTC,BUY,0.0008,10221580.000,2024-07-02 04:47:54.289
BTC,SELL,0.0004,10221195.000,2024-07-02 04:48:07.451
BTC,SELL,0.0076,10221195.000,2024-07-02 04:48:12.937
BTC,BUY,0.0080,10222110.000,2024-07-02 04:49:25.259
BTC,BUY,0.0252,10222110.000,2024-07-02 04:50:30.523
BTC,BUY,0.0300,10222110.000,2024-07-02 04:50:43.440
BTC,BUY,0.0001,10222110.000,2024-07-02 04:51:03.846
BTC,SELL,0.0055,10221195.000,2024-07-02 04:53:18.938
BTC,SELL,0.0010,10221195.000,2024-07-02 04:53:24.445
BTC,BUY,0.0200,10221580.000,2024-07-02 04:54:05.128
BTC,BUY,0.0030,10222110.000,2024-07-02 04:54:07.516
BTC,BUY,0.0090,10221850.000,2024-07-02 04:55:48.582
BTC,SELL,0.0007,10221195.000,2024-07-02 04:55:52.514
BTC,BUY,0.0040,10221196.000,2024-07-02 04:56:27.806
BTC,BUY,0.0010,10221196.000,2024-07-02 04:56:49.333
BTC,SELL,0.0006,10221195.000,2024-07-02 04:57:36.750
BTC,SELL,0.0100,10221195.000,2024-07-02 04:57:37.847
BTC,SELL,0.0204,10221195.000,2024-07-02 04:57:38.345
BTC,SELL,0.0030,10221054.000,2024-07-02 04:57:39.855
BTC,SELL,0.0010,10220000.000,2024-07-02 04:57:41.437
BTC,SELL,0.0001,10220000.000,2024-07-02 04:57:48.052
BTC,SELL,0.0089,10220000.000,2024-07-02 04:58:34.407
BTC,SELL,0.0010,10220000.000,2024-07-02 04:58:34.407
BTC,SELL,0.0001,10220000.000,2024-07-02 04:58:34.407
BTC,SELL,0.0100,10215726.000,2024-07-02 04:59:04.158
BTC,BUY,0.0007,10213100.000,2024-07-02 05:00:21.246
BTC,BUY,0.0001,10212699.000,2024-07-02 05:02:01.700
BTC,SELL,0.0010,10210000.000,2024-07-02 05:02:31.562
BTC,SELL,0.0100,10210000.000,2024-07-02 05:02:31.562
BTC,SELL,0.0140,10207990.000,2024-07-02 05:02:31.562
BTC,SELL,0.0005,10207990.000,2024-07-02 05:02:31.622
BTC,BUY,0.0001,10207800.000,2024-07-02 05:03:24.873
BTC,SELL,0.0009,10205584.000,2024-07-02 05:03:45.524
BTC,BUY,0.0001,10205598.000,2024-07-02 05:03:57.029
BTC,SELL,0.0009,10205584.000,2024-07-02 05:04:14.936
BTC,SELL,0.0009,10205000.000,2024-07-02 05:04:14.936
BTC,BUY,0.0090,10205001.000,2024-07-02 05:04:35.438
BTC,BUY,0.0001,10205040.000,2024-07-02 05:05:07.941
BTC,SELL,0.0001,10205000.000,2024-07-02 05:05:16.441
BTC,SELL,0.0004,10202775.000,2024-07-02 05:05:16.441
BTC,SELL,0.0002,10202100.000,2024-07-02 05:06:34.233
BTC,BUY,0.0001,10202480.000,2024-07-02 05:06:43.115
BTC,SELL,0.0005,10201999.000,2024-07-02 05:07:54.451
BTC,SELL,0.0005,10201490.000,2024-07-02 05:07:54.451
BTC,SELL,0.0005,10201600.000,2024-07-02 05:07:59.938
BTC,SELL,0.0071,10201969.000,2024-07-02 05:08:41.436
BTC,SELL,0.0002,10202499.000,2024-07-02 05:09:30.457
BTC,SELL,0.0002,10200160.000,2024-07-02 05:09:50.937
BTC,SELL,0.0002,10200400.000,2024-07-02 05:09:56.436
BTC,SELL,0.0002,10200879.000,2024-07-02 05:10:02.305
BTC,SELL,0.0003,10200879.000,2024-07-02 05:10:02.305
BTC,SELL,0.0049,10200150.000,2024-07-02 05:10:13.941
BTC,SELL,0.0004,10200200.000,2024-07-02 05:10:37.390
BTC,SELL,0.0001,10200150.000,2024-07-02 05:11:08.945
BTC,SELL,0.0050,10200116.000,2024-07-02 05:11:32.447
BTC,SELL,0.0018,10200150.000,2024-07-02 05:11:45.437
BTC,SELL,0.0017,10200116.000,2024-07-02 05:11:50.973
BTC,SELL,0.0017,10200116.000,2024-07-02 05:12:17.366
BTC,SELL,0.0242,10200116.000,2024-07-02 05:12:17.366
BTC,SELL,0.0001,10200000.000,2024-07-02 05:12:18.966
BTC,SELL,0.0004,10200000.000,2024-07-02 05:12:18.966
BTC,SELL,0.0006,10200000.000,2024-07-02 05:12:58.954
BTC,SELL,0.0010,10200000.000,2024-07-02 05:12:58.954
BTC,SELL,0.0020,10200000.000,2024-07-02 05:12:58.954
BTC,BUY,0.0202,10200380.000,2024-07-02 05:13:45.715
BTC,SELL,0.0054,10200005.000,2024-07-02 05:13:46.448
BTC,BUY,0.0012,10200910.000,2024-07-02 05:14:36.668
BTC,BUY,0.0020,10201440.000,2024-07-02 05:15:07.000
BTC,BUY,0.0001,10201970.000,2024-07-02 05:15:11.442
BTC,BUY,0.0020,10201970.000,2024-07-02 05:15:12.006
BTC,SELL,0.0096,10202495.000,2024-07-02 05:15:55.199
BTC,BUY,0.0005,10203030.000,2024-07-02 05:16:19.126
BTC,BUY,0.0005,10203560.000,2024-07-02 05:17:17.970
BTC,BUY,0.0016,10203560.000,2024-07-02 05:17:18.091
BTC,BUY,0.0010,10204090.000,2024-07-02 05:17:48.029
BTC,BUY,0.0020,10204620.000,2024-07-02 05:17:53.786
BTC,BUY,0.0004,10204620.000,2024-07-02 05:17:54.078
BTC,SELL,0.0050,10205149.000,2024-07-02 05:18:07.022
BTC,SELL,0.0008,10205145.000,2024-07-02 05:18:07.022
BTC,SELL,0.0058,10205145.000,2024-07-02 05:18:12.465
BTC,SELL,0.0152,10205150.000,2024-07-02 05:18:19.441
BTC,SELL,0.0018,10205150.000,2024-07-02 05:18:32.445
BTC,SELL,0.0057,10205150.000,2024-07-02 05:18:37.944
BTC,SELL,0.0063,10205150.000,2024-07-02 05:18:43.456
BTC,SELL,0.0057,10204600.000,2024-07-02 05:19:11.441
BTC,SELL,0.0049,10204320.000,2024-07-02 05:19:16.944
BTC,SELL,0.0300,10204280.000,2024-07-02 05:19:22.437
BTC,SELL,0.0026,10203540.000,2024-07-02 05:22:37.018
BTC,SELL,0.0014,10203034.000,2024-07-02 05:22:52.945
BTC,SELL,0.0009,10203034.000,2024-07-02 05:23:29.966
BTC,BUY,0.0020,10203560.000,2024-07-02 05:24:13.498
BTC,BUY,0.0002,10204090.000,2024-07-02 05:24:14.105
BTC,SELL,0.0086,10204615.000,2024-07-02 05:25:44.442
BTC,SELL,0.0005,10203037.000,2024-07-02 05:25:54.461
BTC,BUY,0.0690,10203560.000,2024-07-02 05:25:59.916
BTC,SELL,0.0056,10203029.000,2024-07-02 05:26:49.441
BTC,SELL,0.0029,10204089.000,2024-07-02 05:28:27.581
BTC,SELL,0.0031,10204090.000,2024-07-02 05:29:03.941
BTC,SELL,0.0017,10204574.000,2024-07-02 05:29:49.947
BTC,SELL,0.0072,10204574.000,2024-07-02 05:29:55.435
BTC,SELL,0.0011,10204090.000,2024-07-02 05:30:00.945
BTC,BUY,0.0020,10204620.000,2024-07-02 05:30:40.569
BTC,BUY,0.0001,10205150.000,2024-07-02 05:30:46.245
BTC,BUY,0.0014,10205680.000,2024-07-02 05:30:46.245
BTC,BUY,0.0020,10206210.000,2024-07-02 05:30:51.964
BTC,BUY,0.0020,10206740.000,2024-07-02 05:31:01.863
BTC,BUY,0.0020,10207235.000,2024-07-02 05:31:45.831
BTC,BUY,0.0020,10207235.000,2024-07-02 05:32:04.327
BTC,SELL,0.0012,10207234.000,2024-07-02 05:32:19.933
BTC,SELL,0.0005,10207234.000,2024-07-02 05:32:49.438
BTC,BUY,0.0010,10207235.000,2024-07-02 05:33:03.944
BTC,BUY,0.0010,10207270.000,2024-07-02 05:33:03.944
BTC,SELL,0.0002,10207234.000,2024-07-02 05:37:16.037
BTC,SELL,0.0013,10203376.000,2024-07-02 05:42:02.521
BTC,SELL,0.0009,10203559.000,2024-07-02 05:43:42.444
BTC,SELL,0.0150,10203559.000,2024-07-02 05:44:23.936
BTC,SELL,0.0004,10203308.000,2024-07-02 05:44:44.441
BTC,BUY,0.0100,10203560.000,2024-07-02 05:46:34.503
BTC,BUY,0.0001,10203040.000,2024-07-02 05:48:46.196
BTC,SELL,0.0010,10200000.000,2024-07-02 05:49:18.515
BTC,SELL,0.0001,10200000.000,2024-07-02 05:49:18.515
BTC,SELL,0.0002,10200000.000,2024-07-02 05:49:18.515
BTC,SELL,0.0005,10200000.000,2024-07-02 05:53:24.092
BTC,SELL,0.0003,10200000.000,2024-07-02 05:53:53.441
BTC,SELL,0.0100,10200000.000,2024-07-02 05:53:53.441
BTC,SELL,0.0035,10200000.000,2024-07-02 05:53:53.441
BTC,SELL,0.0010,10200000.000,2024-07-02 05:53:53.441
BTC,SELL,0.0097,10200000.000,2024-07-02 05:53:53.441
BTC,SELL,0.0001,10200837.000,2024-07-02 05:55:38.893
BTC,SELL,0.0199,10200000.000,2024-07-02 05:55:38.893
BTC,SELL,0.0106,10200379.000,2024-07-02 05:55:55.937
BTC,SELL,0.0011,10200132.000,2024-07-02 05:56:58.513
BTC,SELL,0.0093,10200126.000,2024-07-02 05:58:14.444
BTC,SELL,0.0013,10200121.000,2024-07-02 05:58:51.442
BTC,SELL,0.0093,10200121.000,2024-07-02 05:59:25.445
BTC,SELL,0.0004,10200119.000,2024-07-02 05:59:30.949
BTC,BUY,0.0050,10200380.000,2024-07-02 06:00:04.004
BTC,BUY,0.0050,10201970.000,2024-07-02 06:00:04.493
BTC,SELL,0.0010,10201259.000,2024-07-02 06:00:38.630
BTC,SELL,0.0050,10201488.000,2024-07-02 06:00:48.443
BTC,SELL,0.0001,10200616.000,2024-07-02 06:00:48.443
BTC,BUY,0.0020,10202500.000,2024-07-02 06:00:50.625
BTC,BUY,0.0140,10203030.000,2024-07-02 06:01:05.984
BTC,BUY,0.0001,10203560.000,2024-07-02 06:01:29.444
BTC,SELL,0.0098,10200654.000,2024-07-02 06:01:29.944
BTC,BUY,0.0010,10200910.000,2024-07-02 06:01:30.730
BTC,BUY,0.0002,10201970.000,2024-07-02 06:01:37.640
BTC,BUY,0.0010,10200001.000,2024-07-02 06:04:15.923
BTC,SELL,0.0004,10200000.000,2024-07-02 06:04:18.944
BTC,SELL,0.0001,10200000.000,2024-07-02 06:04:18.944
BTC,SELL,0.0010,10200000.000,2024-07-02 06:04:18.944
BTC,SELL,0.0077,10200000.000,2024-07-02 06:04:24.455
BTC,SELL,0.0050,10200000.000,2024-07-02 06:05:44.325
BTC,SELL,0.0500,10200000.000,2024-07-02 06:05:44.973
BTC,SELL,0.0050,10200000.000,2024-07-02 06:05:45.325
BTC,SELL,0.0050,10200000.000,2024-07-02 06:05:46.340
BTC,SELL,0.0879,10200000.000,2024-07-02 06:05:49.055
BTC,SELL,0.0872,10200000.000,2024-07-02 06:05:49.782
BTC,BUY,0.0005,10200001.000,2024-07-02 06:06:16.378
BTC,BUY,0.0004,10200001.000,2024-07-02 06:06:48.663
BTC,SELL,0.0050,10200000.000,2024-07-02 06:07:26.226
BTC,SELL,0.0050,10200000.000,2024-07-02 06:07:26.733
BTC,SELL,0.0050,10200000.000,2024-07-02 06:07:27.249
BTC,SELL,0.0050,10200000.000,2024-07-02 06:07:28.246
BTC,SELL,0.0050,10200000.000,2024-07-02 06:07:29.265
BTC,SELL,0.0050,10200000.000,2024-07-02 06:07:31.792
BTC,SELL,0.0050,10200000.000,2024-07-02 06:07:32.306
BTC,SELL,0.0050,10200000.000,2024-07-02 06:07:32.795
BTC,SELL,0.0050,10200000.000,2024-07-02 06:07:33.306
BTC,SELL,0.0050,10200000.000,2024-07-02 06:07:34.320
BTC,SELL,0.0050,10200000.000,2024-07-02 06:07:35.341
BTC,SELL,0.0050,10200000.000,2024-07-02 06:07:37.360
BTC,SELL,0.0050,10200000.000,2024-07-02 06:07:39.376
BTC,SELL,0.0050,10200000.000,2024-07-02 06:07:43.420
BTC,SELL,0.0050,10200000.000,2024-07-02 06:07:44.370
BTC,SELL,0.0050,10200000.000,2024-07-02 06:07:49.511
BTC,SELL,0.0050,10200000.000,2024-07-02 06:07:51.032
BTC,SELL,0.0050,10200000.000,2024-07-02 06:07:51.517
BTC,SELL,0.0050,10200000.000,2024-07-02 06:07:52.534
BTC,SELL,0.0050,10200000.000,2024-07-02 06:07:57.083
BTC,SELL,0.0050,10200000.000,2024-07-02 06:07:57.585
BTC,SELL,0.0050,10200000.000,2024-07-02 06:08:43.911
BTC,SELL,0.0110,10200000.000,2024-07-02 06:09:30.495
BTC,SELL,0.0200,10200000.000,2024-07-02 06:11:08.862
BTC,SELL,0.0022,10200000.000,2024-07-02 06:11:15.367
BTC,SELL,0.0003,10200000.000,2024-07-02 06:11:15.367
BTC,SELL,0.0012,10200000.000,2024-07-02 06:11:15.367
BTC,SELL,0.0001,10200000.000,2024-07-02 06:11:15.367
BTC,SELL,0.0300,10200000.000,2024-07-02 06:11:15.367
BTC,SELL,0.0049,10200000.000,2024-07-02 06:11:15.367
BTC,SELL,0.0200,10200000.000,2024-07-02 06:11:15.367
BTC,SELL,0.0030,10198140.000,2024-07-02 06:11:15.682
BTC,SELL,0.0001,10198140.000,2024-07-02 06:11:15.682
BTC,SELL,0.0001,10197684.000,2024-07-02 06:11:15.682
BTC,SELL,0.0001,10197600.000,2024-07-02 06:11:15.682
BTC,SELL,0.0017,10196948.000,2024-07-02 06:11:15.682
BTC,SELL,0.0010,10196948.000,2024-07-02 06:11:15.766
BTC,SELL,0.0002,10195000.000,2024-07-02 06:11:15.766
BTC,SELL,0.0048,10190239.000,2024-07-02 06:11:15.766
BTC,SELL,0.0052,10190231.000,2024-07-02 06:11:15.873
BTC,SELL,0.0158,10190230.000,2024-07-02 06:11:15.873
BTC,SELL,0.0290,10190001.000,2024-07-02 06:11:15.873
BTC,SELL,0.0035,10190000.000,2024-07-02 06:11:18.053
BTC,SELL,0.0013,10190000.000,2024-07-02 06:11:23.449
BTC,SELL,0.0052,10190000.000,2024-07-02 06:11:30.456
BTC,SELL,0.0010,10190000.000,2024-07-02 06:11:30.456
BTC,SELL,0.0109,10184667.000,2024-07-02 06:11:43.438
BTC,SELL,0.0005,10184008.000,2024-07-02 06:11:52.030
BTC,BUY,0.0003,10184479.000,2024-07-02 06:11:58.582
BTC,SELL,0.0112,10184208.000,2024-07-02 06:12:13.966
BTC,BUY,0.0020,10185009.000,2024-07-02 06:12:21.019
BTC,BUY,0.0001,10185009.000,2024-07-02 06:12:21.418
BTC,BUY,0.0020,10185539.000,2024-07-02 06:13:07.943
BTC,SELL,0.0017,10185528.000,2024-07-02 06:13:17.938
BTC,SELL,0.0027,10185528.000,2024-07-02 06:13:23.460
BTC,BUY,0.0020,10186069.000,2024-07-02 06:13:37.938
BTC,BUY,0.0020,10187129.000,2024-07-02 06:14:21.698
BTC,BUY,0.0020,10187658.000,2024-07-02 06:15:32.477
BTC,SELL,0.0040,10185001.000,2024-07-02 06:15:36.534
BTC,BUY,0.0001,10185001.000,2024-07-02 06:15:52.258
BTC,SELL,0.0002,10185000.000,2024-07-02 06:16:07.546
BTC,SELL,0.0066,10184800.000,2024-07-02 06:16:12.942
BTC,SELL,0.0021,10184800.000,2024-07-02 06:16:36.445
BTC,SELL,0.0279,10184800.000,2024-07-02 06:16:44.971
BTC,BUY,0.0010,10185539.000,2024-07-02 06:16:50.129
BTC,SELL,0.0234,10184800.000,2024-07-02 06:17:09.961
BTC,SELL,0.0015,10183645.000,2024-07-02 06:18:48.476
BTC,SELL,0.0015,10183492.000,2024-07-02 06:18:48.476
BTC,SELL,0.0179,10183492.000,2024-07-02 06:18:53.939
BTC,SELL,0.0147,10183410.000,2024-07-02 06:18:59.447
BTC,SELL,0.0020,10183507.000,2024-07-02 06:19:03.456
BTC,SELL,0.0002,10183412.000,2024-07-02 06:19:08.721
BTC,BUY,0.0020,10183949.000,2024-07-02 06:19:39.828
BTC,BUY,0.0003,10184479.000,2024-07-02 06:19:45.507
BTC,SELL,0.0012,10184479.000,2024-07-02 06:19:48.445
BTC,BUY,0.0019,10185009.000,2024-07-02 06:20:11.746
BTC,BUY,0.0059,10185539.000,2024-07-02 06:20:20.668
BTC,BUY,0.0041,10185540.000,2024-07-02 06:20:20.668
BTC,SELL,0.0129,10185494.000,2024-07-02 06:20:28.438
BTC,BUY,0.0050,10186070.000,2024-07-02 06:20:36.914
BTC,BUY,0.0050,10186600.000,2024-07-02 06:20:37.412
BTC,BUY,0.0050,10187130.000,2024-07-02 06:20:39.451
BTC,BUY,0.0100,10187660.000,2024-07-02 06:21:02.527
BTC,BUY,0.0050,10188190.000,2024-07-02 06:21:04.062
BTC,BUY,0.0002,10186643.000,2024-07-02 06:21:39.026
BTC,SELL,0.0004,10185488.000,2024-07-02 06:22:11.442
BTC,BUY,0.0050,10185540.000,2024-07-02 06:22:38.800
BTC,BUY,0.0011,10186070.000,2024-07-02 06:23:43.939
BTC,BUY,0.0050,10186600.000,2024-07-02 06:24:01.006
BTC,BUY,0.0020,10186600.000,2024-07-02 06:24:01.009
BTC,BUY,0.0500,10186600.000,2024-07-02 06:24:01.163
BTC,BUY,0.0050,10187130.000,2024-07-02 06:24:03.516
BTC,BUY,0.0050,10187660.000,2024-07-02 06:24:04.036
BTC,BUY,0.0050,10187660.000,2024-07-02 06:24:04.226
BTC,BUY,0.0050,10188190.000,2024-07-02 06:25:10.034
BTC,BUY,0.0020,10188719.000,2024-07-02 06:26:44.045
BTC,SELL,0.0296,10187659.000,2024-07-02 06:27:02.251
BTC,SELL,0.0004,10185960.000,2024-07-02 06:27:02.251
BTC,SELL,0.0300,10185665.000,2024-07-02 06:27:11.414
BTC,SELL,0.0200,10185000.000,2024-07-02 06:27:21.877
BTC,SELL,0.0098,10183320.000,2024-07-02 06:27:21.877
BTC,SELL,0.0002,10183305.000,2024-07-02 06:27:21.877
BTC,SELL,0.0300,10182146.000,2024-07-02 06:27:34.269
BTC,BUY,0.0048,10182126.000,2024-07-02 06:27:43.669
BTC,BUY,0.0002,10182360.000,2024-07-02 06:27:43.669
BTC,BUY,0.0020,10182890.000,2024-07-02 06:27:44.916
BTC,SELL,0.0100,10182125.000,2024-07-02 06:28:03.190
BTC,SELL,0.0100,10180101.000,2024-07-02 06:29:10.478
BTC,SELL,0.0100,10180100.000,2024-07-02 06:29:10.478
BTC,SELL,0.0005,10180141.000,2024-07-02 06:30:03.436
BTC,BUY,0.0001,10180127.000,2024-07-02 06:31:21.545
BTC,SELL,0.0100,10180100.000,2024-07-02 06:32:08.687
BTC,SELL,0.0029,10180000.000,2024-07-02 06:32:08.687
BTC,SELL,0.0100,10180000.000,2024-07-02 06:32:08.687
BTC,SELL,0.0010,10180000.000,2024-07-02 06:32:08.687
BTC,BUY,0.0001,10179999.000,2024-07-02 06:32:27.861
BTC,SELL,0.0001,10179950.000,2024-07-02 06:33:28.475
BTC,SELL,0.0019,10178001.000,2024-07-02 06:33:28.475
BTC,BUY,0.0099,10178002.000,2024-07-02 06:38:17.735
BTC,BUY,0.0100,10178023.000,2024-07-02 06:38:17.735
BTC,BUY,0.0100,10178024.000,2024-07-02 06:38:17.735
BTC,BUY,0.0001,10178080.000,2024-07-02 06:38:17.735
BTC,BUY,0.0300,10178220.000,2024-07-02 06:38:26.083
BTC,SELL,0.0005,10178001.000,2024-07-02 06:40:02.847
BTC,BUY,0.0010,10178080.000,2024-07-02 06:40:23.481
BTC,BUY,0.0090,10178541.000,2024-07-02 06:40:23.481
BTC,BUY,0.0020,10178541.000,2024-07-02 06:40:23.716
BTC,BUY,0.0001,10179180.000,2024-07-02 06:40:44.258
BTC,BUY,0.0299,10179710.000,2024-07-02 06:40:44.258
BTC,BUY,0.0200,10180240.000,2024-07-02 06:41:01.215
BTC,BUY,0.0005,10180253.000,2024-07-02 06:41:19.345
BTC,BUY,0.0100,10180240.000,2024-07-02 06:41:22.981
BTC,SELL,0.0002,10178290.000,2024-07-02 06:41:40.224
BTC,BUY,0.0020,10178650.000,2024-07-02 06:41:54.953
BTC,BUY,0.0100,10178650.000,2024-07-02 06:41:56.110
BTC,BUY,0.0050,10179180.000,2024-07-02 06:42:14.805
BTC,BUY,0.0050,10179710.000,2024-07-02 06:42:17.342
BTC,BUY,0.0060,10179710.000,2024-07-02 06:42:17.346
BTC,BUY,0.0050,10180240.000,2024-07-02 06:42:17.842
BTC,BUY,0.0161,10180240.000,2024-07-02 06:42:17.892
BTC,BUY,0.0839,10180240.000,2024-07-02 06:42:17.892
BTC,BUY,0.0050,10180770.000,2024-07-02 06:42:18.346
BTC,BUY,0.0050,10180936.000,2024-07-02 06:42:25.476
BTC,BUY,0.0058,10180936.000,2024-07-02 06:42:25.779
BTC,BUY,0.0042,10181300.000,2024-07-02 06:42:25.779
BTC,BUY,0.0020,10181300.000,2024-07-02 06:42:25.929
BTC,SELL,0.0082,10181829.000,2024-07-02 06:42:29.377
BTC,BUY,0.0020,10182125.000,2024-07-02 06:43:41.648
BTC,BUY,0.0100,10182125.000,2024-07-02 06:43:41.652
BTC,BUY,0.0050,10182125.000,2024-07-02 06:44:04.529
BTC,BUY,0.0050,10182125.000,2024-07-02 06:44:05.029
BTC,BUY,0.0100,10182125.000,2024-07-02 06:44:05.353
BTC,BUY,0.0020,10182125.000,2024-07-02 06:44:05.736
BTC,BUY,0.0050,10182125.000,2024-07-02 06:44:07.035
BTC,BUY,0.0050,10182125.000,2024-07-02 06:44:07.568
BTC,BUY,0.0050,10182125.000,2024-07-02 06:44:08.574
BTC,BUY,0.0050,10182125.000,2024-07-02 06:44:09.555
BTC,BUY,0.0050,10182125.000,2024-07-02 06:44:10.576
BTC,BUY,0.0050,10182125.000,2024-07-02 06:44:11.599
BTC,BUY,0.0100,10182125.000,2024-07-02 06:44:11.697
BTC,BUY,0.0050,10182125.000,2024-07-02 06:44:12.619
BTC,BUY,0.0050,10182125.000,2024-07-02 06:44:23.256
BTC,BUY,0.0160,10182125.000,2024-07-02 06:44:25.681
BTC,BUY,0.0001,10182360.000,2024-07-02 06:44:31.723
BTC,SELL,0.0020,10182140.000,2024-07-02 06:44:37.070
BTC,SELL,0.0005,10182153.000,2024-07-02 06:44:49.668
BTC,BUY,0.0010,10182890.000,2024-07-02 06:45:00.474
BTC,BUY,0.0001,10183420.000,2024-07-02 06:46:08.794
BTC,BUY,0.0099,10183950.000,2024-07-02 06:46:08.794
BTC,BUY,0.0100,10184480.000,2024-07-02 06:47:30.928
BTC,BUY,0.0011,10185010.000,2024-07-02 06:47:43.471
BTC,BUY,0.0020,10185540.000,2024-07-02 06:48:10.852
BTC,BUY,0.0100,10182610.000,2024-07-02 06:52:07.123
BTC,BUY,0.0001,10182890.000,2024-07-02 06:52:50.828
BTC,BUY,0.0001,10183420.000,2024-07-02 06:52:50.828
BTC,BUY,0.0018,10183950.000,2024-07-02 06:52:50.828
BTC,SELL,0.0001,10182140.000,2024-07-02 06:53:58.763
BTC,SELL,0.0001,10182140.000,2024-07-02 06:54:05.096
BTC,SELL,0.0008,10182140.000,2024-07-02 06:54:05.814
BTC,SELL,0.0001,10182125.000,2024-07-02 06:54:07.641
BTC,SELL,0.0001,10182125.000,2024-07-02 06:54:10.305
BTC,SELL,0.0002,10182125.000,2024-07-02 06:54:12.641
BTC,SELL,0.0002,10182125.000,2024-07-02 06:54:14.648
BTC,SELL,0.0122,10182125.000,2024-07-02 06:54:16.745
BTC,SELL,0.0001,10182125.000,2024-07-02 06:54:19.410
BTC,SELL,0.0711,10182125.000,2024-07-02 06:54:20.575
BTC,SELL,0.0001,10178001.000,2024-07-02 06:54:23.857
BTC,SELL,0.0002,10178001.000,2024-07-02 06:54:32.720
BTC,SELL,0.0001,10178001.000,2024-07-02 06:55:03.846
BTC,SELL,0.0002,10178001.000,2024-07-02 06:55:25.824
BTC,BUY,0.0295,10178002.000,2024-07-02 06:56:47.522
BTC,BUY,0.0300,10178002.000,2024-07-02 06:56:47.522
BTC,BUY,0.0240,10178002.000,2024-07-02 06:56:47.522
BTC,BUY,0.0065,10178002.000,2024-07-02 06:56:47.522
BTC,BUY,0.0002,10178003.000,2024-07-02 06:58:35.963
BTC,BUY,0.0008,10178003.000,2024-07-02 06:58:35.963
BTC,BUY,0.0001,10178120.000,2024-07-02 06:59:34.066
BTC,BUY,0.0003,10178495.000,2024-07-02 06:59:34.066
BTC,BUY,0.0100,10178650.000,2024-07-02 07:00:22.058
BTC,BUY,0.0038,10178270.000,2024-07-02 07:00:52.403
BTC,BUY,0.0062,10179180.000,2024-07-02 07:00:52.403
BTC,BUY,0.0080,10179706.000,2024-07-02 07:01:17.049
BTC,BUY,0.0001,10178003.000,2024-07-02 07:01:50.023
BTC,BUY,0.0010,10178003.000,2024-07-02 07:01:59.952
BTC,BUY,0.0003,10178003.000,2024-07-02 07:02:09.128
BTC,SELL,0.0100,10178002.000,2024-07-02 07:02:28.956
BTC,SELL,0.0010,10178001.000,2024-07-02 07:02:34.036
BTC,SELL,0.0100,10178001.000,2024-07-02 07:03:13.614
BTC,SELL,0.0060,10178001.000,2024-07-02 07:03:15.183
BTC,SELL,0.0002,10175000.000,2024-07-02 07:04:02.743
BTC,SELL,0.0021,10174409.000,2024-07-02 07:04:02.977
BTC,SELL,0.0001,10174118.000,2024-07-02 07:04:12.505
BTC,SELL,0.0010,10174000.000,2024-07-02 07:04:13.088
BTC,SELL,0.0001,10172431.000,2024-07-02 07:04:13.093
BTC,SELL,0.0010,10170000.000,2024-07-02 07:04:13.093
BTC,SELL,0.0089,10170000.000,2024-07-02 07:04:13.093
BTC,SELL,0.0011,10170000.000,2024-07-02 07:04:14.085
BTC,SELL,0.0010,10170000.000,2024-07-02 07:04:14.085
BTC,SELL,0.0040,10170000.000,2024-07-02 07:04:14.085
BTC,SELL,0.0012,10168795.000,2024-07-02 07:04:15.523
BTC,SELL,0.0018,10168795.000,2024-07-02 07:04:20.944
BTC,SELL,0.0010,10166085.000,2024-07-02 07:04:30.810
BTC,SELL,0.0030,10164870.000,2024-07-02 07:04:30.810
BTC,SELL,0.0001,10164765.000,2024-07-02 07:04:30.810
BTC,SELL,0.0001,10164285.000,2024-07-02 07:04:30.810
BTC,SELL,0.0926,10163459.000,2024-07-02 07:04:30.810
BTC,SELL,0.0517,10161364.000,2024-07-02 07:04:30.810
BTC,SELL,0.0300,10161349.000,2024-07-02 07:04:30.810
BTC,SELL,0.0100,10161057.000,2024-07-02 07:04:30.810
BTC,SELL,0.0028,10161056.000,2024-07-02 07:04:30.810
BTC,SELL,0.0100,10160000.000,2024-07-02 07:04:30.810
BTC,SELL,0.0010,10160000.000,2024-07-02 07:04:30.810
BTC,SELL,0.0010,10158293.000,2024-07-02 07:04:30.810
BTC,SELL,0.0300,10156683.000,2024-07-02 07:04:30.810
BTC,SELL,0.0300,10156453.000,2024-07-02 07:04:30.810
BTC,SELL,0.0001,10156276.000,2024-07-02 07:04:30.810
BTC,SELL,0.0010,10154060.000,2024-07-02 07:04:30.810
BTC,SELL,0.0010,10153000.000,2024-07-02 07:04:30.810
BTC,SELL,0.0346,10152558.000,2024-07-02 07:04:30.810
BTC,BUY,0.0001,10154800.000,2024-07-02 07:04:31.902
BTC,BUY,0.0050,10154800.000,2024-07-02 07:04:31.985
BTC,BUY,0.0030,10156390.000,2024-07-02 07:04:32.630
BTC,BUY,0.0110,10156390.000,2024-07-02 07:04:32.735
BTC,BUY,0.0009,10156390.000,2024-07-02 07:04:32.853
BTC,BUY,0.0100,10156390.000,2024-07-02 07:04:32.882
BTC,BUY,0.0110,10156390.000,2024-07-02 07:04:32.884
BTC,BUY,0.0050,10156390.000,2024-07-02 07:04:32.886
BTC,BUY,0.0110,10156920.000,2024-07-02 07:04:33.059
BTC,BUY,0.0050,10156920.000,2024-07-02 07:04:33.372
BTC,SELL,0.0110,10154804.000,2024-07-02 07:04:33.650
BTC,BUY,0.0050,10156389.000,2024-07-02 07:04:34.372
BTC,BUY,0.0050,10156920.000,2024-07-02 07:04:35.413
BTC,BUY,0.0050,10157450.000,2024-07-02 07:04:36.407
BTC,BUY,0.0010,10157450.000,2024-07-02 07:04:36.498
BTC,BUY,0.0050,10157980.000,2024-07-02 07:04:37.419
BTC,BUY,0.0050,10158510.000,2024-07-02 07:04:38.423
BTC,BUY,0.0050,10159040.000,2024-07-02 07:04:39.433
BTC,BUY,0.0013,10159569.000,2024-07-02 07:05:12.944
BTC,BUY,0.0005,10160100.000,2024-07-02 07:05:13.648
BTC,SELL,0.0020,10150001.000,2024-07-02 07:06:45.493
BTC,BUY,0.0050,10150002.000,2024-07-02 07:07:30.387
BTC,BUY,0.0050,10150002.000,2024-07-02 07:07:30.902
BTC,SELL,0.0002,10150558.000,2024-07-02 07:08:01.253
BTC,SELL,0.0005,10150555.000,2024-07-02 07:08:01.253
BTC,BUY,0.0030,10150002.000,2024-07-02 07:08:03.767
BTC,BUY,0.0038,10150002.000,2024-07-02 07:08:34.595
BTC,BUY,0.0232,10150002.000,2024-07-02 07:13:31.999
BTC,BUY,0.0700,10150002.000,2024-07-02 07:13:31.999
BTC,BUY,0.0200,10150002.000,2024-07-02 07:13:31.999
BTC,BUY,0.0008,10150559.000,2024-07-02 07:13:39.969
BTC,BUY,0.0003,10151039.000,2024-07-02 07:15:50.927
BTC,BUY,0.0001,10151039.000,2024-07-02 07:16:07.303
BTC,BUY,0.0005,10151039.000,2024-07-02 07:16:19.136
BTC,SELL,0.0017,10150561.000,2024-07-02 07:20:01.299
BTC,SELL,0.0002,10150560.000,2024-07-02 07:20:03.343
BTC,SELL,0.0003,10150559.000,2024-07-02 07:20:03.343
BTC,SELL,0.0001,10150559.000,2024-07-02 07:20:03.845
BTC,BUY,0.0001,10150560.000,2024-07-02 07:20:28.534
BTC,SELL,0.0006,10150559.000,2024-07-02 07:20:29.940
BTC,SELL,0.0002,10150559.000,2024-07-02 07:20:29.940
BTC,SELL,0.0192,10150002.000,2024-07-02 07:20:29.940
BTC,SELL,0.0676,10150002.000,2024-07-02 07:20:30.402
BTC,SELL,0.0010,10150001.000,2024-07-02 07:20:31.825
BTC,SELL,0.0100,10150000.000,2024-07-02 07:20:32.846
BTC,SELL,0.0001,10150000.000,2024-07-02 07:20:32.846
BTC,SELL,0.0030,10150000.000,2024-07-02 07:20:32.846
BTC,SELL,0.0869,10150000.000,2024-07-02 07:20:32.846
BTC,SELL,0.1000,10150000.000,2024-07-02 07:20:32.898
BTC,SELL,0.1000,10150000.000,2024-07-02 07:20:34.349
BTC,SELL,0.0128,10150000.000,2024-07-02 07:20:35.038
BTC,SELL,0.1000,10150000.000,2024-07-02 07:20:35.365
BTC,SELL,0.1000,10150000.000,2024-07-02 07:20:36.361
BTC,SELL,0.0200,10150000.000,2024-07-02 07:20:37.112
BTC,SELL,0.0200,10150000.000,2024-07-02 07:20:37.116
BTC,SELL,0.1000,10150000.000,2024-07-02 07:20:37.402
BTC,SELL,0.0100,10150000.000,2024-07-02 07:20:37.615
BTC,SELL,0.0400,10150000.000,2024-07-02 07:20:37.812
BTC,SELL,0.1000,10150000.000,2024-07-02 07:20:38.402
BTC,SELL,0.0110,10150000.000,2024-07-02 07:20:38.755
BTC,SELL,0.1000,10150000.000,2024-07-02 07:20:39.437
BTC,SELL,0.0300,10150000.000,2024-07-02 07:20:40.445
BTC,SELL,0.0693,10150000.000,2024-07-02 07:20:40.462
BTC,SELL,0.0307,10150000.000,2024-07-02 07:20:40.462
BTC,SELL,0.0848,10150000.000,2024-07-02 07:20:41.970
BTC,SELL,0.0006,10150000.000,2024-07-02 07:20:41.970
BTC,SELL,0.0001,10150000.000,2024-07-02 07:20:41.970
BTC,SELL,0.0001,10150000.000,2024-07-02 07:20:41.970
BTC,SELL,0.0010,10150000.000,2024-07-02 07:20:41.970
BTC,SELL,0.0001,10150000.000,2024-07-02 07:20:41.970
BTC,SELL,0.0001,10150000.000,2024-07-02 07:20:41.970
BTC,SELL,0.0040,10150000.000,2024-07-02 07:20:41.970
BTC,SELL,0.0002,10150000.000,2024-07-02 07:20:41.970
BTC,SELL,0.0050,10150000.000,2024-07-02 07:20:41.970
BTC,SELL,0.0014,10149215.000,2024-07-02 07:20:45.947
BTC,BUY,0.0001,10149499.000,2024-07-02 07:20:55.756
BTC,BUY,0.0001,10150030.000,2024-07-02 07:20:58.064
BTC,BUY,0.0019,10150542.000,2024-07-02 07:20:58.064
BTC,BUY,0.0006,10150479.000,2024-07-02 07:21:25.514
BTC,BUY,0.0020,10150479.000,2024-07-02 07:21:25.709
BTC,BUY,0.0072,10150542.000,2024-07-02 07:21:32.312
BTC,BUY,0.0181,10150543.000,2024-07-02 07:21:32.312
BTC,BUY,0.0006,10151090.000,2024-07-02 07:21:32.476
BTC,BUY,0.0050,10151620.000,2024-07-02 07:21:32.794
BTC,BUY,0.0020,10152150.000,2024-07-02 07:21:37.730
BTC,BUY,0.1000,10152680.000,2024-07-02 07:21:51.500
BTC,BUY,0.1000,10153210.000,2024-07-02 07:21:52.946
BTC,BUY,0.0050,10153740.000,2024-07-02 07:21:55.080
BTC,BUY,0.0020,10154270.000,2024-07-02 07:21:55.682
BTC,BUY,0.0001,10154800.000,2024-07-02 07:22:15.139
BTC,BUY,0.1000,10155330.000,2024-07-02 07:22:15.943
BTC,BUY,0.0001,10155860.000,2024-07-02 07:22:41.779
BTC,BUY,0.0299,10156390.000,2024-07-02 07:22:41.779
BTC,BUY,0.0001,10156901.000,2024-07-02 07:23:18.946
BTC,BUY,0.0020,10157446.000,2024-07-02 07:25:01.263
BTC,BUY,0.0050,10157215.000,2024-07-02 07:26:46.200
BTC,BUY,0.0080,10157280.000,2024-07-02 07:27:47.659
BTC,BUY,0.0008,10157272.000,2024-07-02 07:27:55.440
BTC,SELL,0.0005,10152100.000,2024-07-02 07:30:02.710
BTC,BUY,0.0050,10152680.000,2024-07-02 07:30:24.638
BTC,BUY,0.0050,10153210.000,2024-07-02 07:30:25.156
BTC,BUY,0.0050,10153740.000,2024-07-02 07:30:33.966
BTC,BUY,0.4741,10154270.000,2024-07-02 07:30:39.459
BTC,BUY,0.0006,10154800.000,2024-07-02 07:30:40.301
BTC,BUY,0.0044,10155330.000,2024-07-02 07:30:40.301
BTC,BUY,0.0002,10155499.000,2024-07-02 07:31:43.035
BTC,SELL,0.0020,10147000.000,2024-07-02 07:33:25.806
BTC,SELL,0.0050,10146637.000,2024-07-02 07:33:26.814
BTC,SELL,0.0001,10143406.000,2024-07-02 07:33:33.652
BTC,SELL,0.0005,10140682.000,2024-07-02 07:33:33.652
BTC,SELL,0.0091,10140001.000,2024-07-02 07:33:33.652
BTC,SELL,0.0080,10140000.000,2024-07-02 07:34:46.629
BTC,BUY,0.0009,10140001.000,2024-07-02 07:34:47.108
BTC,SELL,0.0020,10140000.000,2024-07-02 07:35:47.542
BTC,SELL,0.0020,10140000.000,2024-07-02 07:35:47.542
BTC,SELL,0.0001,10140000.000,2024-07-02 07:35:47.542
BTC,SELL,0.0001,10140000.000,2024-07-02 07:35:47.542
BTC,SELL,0.0010,10140000.000,2024-07-02 07:35:47.542
BTC,BUY,0.0001,10137797.000,2024-07-02 07:36:03.818
BTC,SELL,0.0001,10137796.000,2024-07-02 07:36:10.522
BTC,SELL,0.0005,10135999.000,2024-07-02 07:36:10.522
BTC,SELL,0.0294,10130007.000,2024-07-02 07:36:10.522
BTC,BUY,0.0091,10130419.000,2024-07-02 07:36:16.061
BTC,BUY,0.0909,10130420.000,2024-07-02 07:36:16.061
BTC,BUY,0.0001,10130950.000,2024-07-02 07:36:17.044
BTC,BUY,0.0049,10131480.000,2024-07-02 07:36:17.044
BTC,BUY,0.0050,10132010.000,2024-07-02 07:36:41.438
BTC,BUY,0.0050,10132540.000,2024-07-02 07:36:42.430
BTC,BUY,0.1000,10132540.000,2024-07-02 07:36:42.939
BTC,SELL,0.0002,10132010.000,2024-07-02 07:36:43.441
BTC,BUY,0.0002,10132539.000,2024-07-02 07:36:59.158
BTC,BUY,0.0028,10132540.000,2024-07-02 07:36:59.158
BTC,BUY,0.0050,10133070.000,2024-07-02 07:36:59.705
BTC,BUY,0.0050,10133600.000,2024-07-02 07:37:00.253
BTC,BUY,0.0001,10134130.000,2024-07-02 07:37:00.701
BTC,BUY,0.0049,10134660.000,2024-07-02 07:37:00.701
BTC,BUY,0.0020,10134660.000,2024-07-02 07:37:00.941
BTC,BUY,0.0050,10135190.000,2024-07-02 07:37:01.248
BTC,BUY,0.0030,10135190.000,2024-07-02 07:37:01.327
BTC,BUY,0.0200,10135720.000,2024-07-02 07:37:01.636
BTC,BUY,0.0050,10136250.000,2024-07-02 07:37:02.294
BTC,BUY,0.0088,10136780.000,2024-07-02 07:37:03.557
BTC,BUY,0.0050,10137310.000,2024-07-02 07:37:04.791
BTC,BUY,0.0050,10137840.000,2024-07-02 07:37:05.302
BTC,BUY,0.0050,10138370.000,2024-07-02 07:37:05.824
BTC,BUY,0.1000,10138900.000,2024-07-02 07:37:20.524
BTC,BUY,0.1000,10139430.000,2024-07-02 07:38:11.006
BTC,BUY,0.0050,10139430.000,2024-07-02 07:38:11.330
BTC,BUY,0.0003,10139960.000,2024-07-02 07:38:41.807
BTC,BUY,0.0100,10140490.000,2024-07-02 07:41:31.942
BTC,BUY,0.0001,10141020.000,2024-07-02 07:46:58.222
BTC,SELL,0.0002,10141549.000,2024-07-02 07:47:52.956
BTC,BUY,0.0001,10142080.000,2024-07-02 07:47:54.252
BTC,BUY,0.0001,10142610.000,2024-07-02 07:48:37.803
BTC,BUY,0.0003,10142610.000,2024-07-02 07:48:37.803
BTC,SELL,0.0002,10142609.000,2024-07-02 07:48:42.364
BTC,BUY,0.0002,10140288.000,2024-07-02 07:49:14.307
BTC,BUY,0.0007,10140469.000,2024-07-02 07:53:38.059
BTC,SELL,0.0016,10137431.000,2024-07-02 07:55:22.528
BTC,SELL,0.0050,10137685.000,2024-07-02 07:55:39.989
BTC,SELL,0.0864,10137350.000,2024-07-02 07:55:39.989
BTC,SELL,0.0880,10137255.000,2024-07-02 07:55:39.989
BTC,SELL,0.0002,10136200.000,2024-07-02 07:56:44.789
BTC,BUY,0.0100,10136780.000,2024-07-02 07:57:38.354
BTC,BUY,0.0020,10137255.000,2024-07-02 07:57:39.628
BTC,SELL,0.0300,10137254.000,2024-07-02 07:57:51.747
BTC,SELL,0.0010,10137254.000,2024-07-02 07:57:51.747
BTC,BUY,0.0005,10137255.000,2024-07-02 07:57:53.920
BTC,BUY,0.0050,10137255.000,2024-07-02 07:58:02.475
BTC,BUY,0.0009,10137255.000,2024-07-02 07:58:39.984
BTC,BUY,0.0050,10137255.000,2024-07-02 07:58:45.564
BTC,BUY,0.0009,10137255.000,2024-07-02 07:59:20.066
BTC,BUY,0.0063,10137255.000,2024-07-02 07:59:23.614
BTC,SELL,0.0010,10137255.000,2024-07-02 07:59:37.395
BTC,BUY,0.0010,10137310.000,2024-07-02 07:59:54.089
BTC,BUY,0.0001,10137256.000,2024-07-02 08:00:03.898
BTC,BUY,0.0001,10137256.000,2024-07-02 08:00:22.488
BTC,BUY,0.0298,10137256.000,2024-07-02 08:00:41.891
BTC,BUY,0.0002,10137310.000,2024-07-02 08:00:50.588
BTC,BUY,0.0010,10137840.000,2024-07-02 08:00:51.185
BTC,BUY,0.0009,10138370.000,2024-07-02 08:00:51.185
BTC,BUY,0.0020,10138900.000,2024-07-02 08:01:03.918
BTC,BUY,0.1000,10139430.000,2024-07-02 08:01:05.578
BTC,BUY,0.0250,10139960.000,2024-07-02 08:01:07.601
BTC,SELL,0.0050,10140484.000,2024-07-02 08:01:28.764
BTC,SELL,0.0082,10139440.000,2024-07-02 08:01:38.892
BTC,BUY,0.0100,10139960.000,2024-07-02 08:02:25.167
BTC,BUY,0.0020,10140490.000,2024-07-02 08:02:25.421
BTC,BUY,0.0001,10140345.000,2024-07-02 08:04:08.477
BTC,SELL,0.0050,10140000.000,2024-07-02 08:04:13.156
BTC,SELL,0.0200,10140000.000,2024-07-02 08:04:14.816
BTC,SELL,0.0001,10139440.000,2024-07-02 08:04:16.079
BTC,SELL,0.0001,10139429.000,2024-07-02 08:04:17.522
BTC,SELL,0.0299,10139429.000,2024-07-02 08:04:20.822
BTC,SELL,0.0145,10137256.000,2024-07-02 08:04:22.960
BTC,SELL,0.0878,10137256.000,2024-07-02 08:04:32.552
BTC,SELL,0.0581,10137256.000,2024-07-02 08:04:35.581
BTC,SELL,0.0500,10137256.000,2024-07-02 08:04:42.231
BTC,SELL,0.0050,10137256.000,2024-07-02 08:04:42.259
BTC,SELL,0.0400,10137256.000,2024-07-02 08:04:42.378
BTC,SELL,0.0100,10137256.000,2024-07-02 08:04:42.893
BTC,SELL,0.0048,10137256.000,2024-07-02 08:04:43.443
BTC,SELL,0.0002,10135000.000,2024-07-02 08:04:58.583
BTC,SELL,0.0050,10130000.000,2024-07-02 08:04:59.988
BTC,SELL,0.0050,10130000.000,2024-07-02 08:05:00.441
BTC,SELL,0.0001,10130000.000,2024-07-02 08:05:00.441
BTC,SELL,0.0001,10130000.000,2024-07-02 08:05:00.441
BTC,SELL,0.0010,10130000.000,2024-07-02 08:05:00.441
BTC,SELL,0.0001,10130000.000,2024-07-02 08:05:00.441
BTC,SELL,0.0002,10129900.000,2024-07-02 08:05:00.441
BTC,SELL,0.0010,10127000.000,2024-07-02 08:05:05.957
BTC,SELL,0.0202,10126743.000,2024-07-02 08:05:24.945
BTC,SELL,0.0004,10121680.000,2024-07-02 08:05:30.451
BTC,SELL,0.0001,10121680.000,2024-07-02 08:05:35.953
BTC,SELL,0.0010,10120001.000,2024-07-02 08:06:09.950
BTC,SELL,0.0037,10120000.000,2024-07-02 08:06:09.950
BTC,BUY,0.0100,10120880.000,2024-07-02 08:06:21.987
BTC,BUY,0.0100,10120001.000,2024-07-02 08:06:30.540
BTC,SELL,0.0063,10120000.000,2024-07-02 08:06:33.448
BTC,SELL,0.0001,10120000.000,2024-07-02 08:06:33.448
BTC,SELL,0.0001,10120000.000,2024-07-02 08:06:33.448
BTC,SELL,0.0003,10120000.000,2024-07-02 08:06:33.448
BTC,SELL,0.0001,10120000.000,2024-07-02 08:06:33.448
BTC,SELL,0.0010,10120000.000,2024-07-02 08:06:33.448
BTC,BUY,0.0100,10118984.000,2024-07-02 08:06:38.626
BTC,SELL,0.0001,10118983.000,2024-07-02 08:06:38.951
BTC,BUY,0.1000,10119950.000,2024-07-02 08:06:41.571
BTC,BUY,0.1000,10119950.000,2024-07-02 08:06:41.571
BTC,SELL,0.0002,10119991.000,2024-07-02 08:06:49.979
BTC,BUY,0.0100,10119992.000,2024-07-02 08:06:50.343
BTC,SELL,0.0057,10115050.000,2024-07-02 08:07:04.459
BTC,SELL,0.0002,10115100.000,2024-07-02 08:07:16.896
BTC,SELL,0.0038,10115100.000,2024-07-02 08:07:21.937
BTC,SELL,0.0066,10115000.000,2024-07-02 08:07:36.442
BTC,SELL,0.0080,10115000.000,2024-07-02 08:07:41.930
BTC,BUY,0.0100,10117148.000,2024-07-02 08:08:14.988
BTC,BUY,0.0100,10119819.000,2024-07-02 08:08:30.415
BTC,BUY,0.0100,10121048.000,2024-07-02 08:08:31.329
BTC,BUY,0.0020,10121047.000,2024-07-02 08:08:32.642
BTC,BUY,0.0001,10121044.000,2024-07-02 08:08:35.147
BTC,SELL,0.0061,10115154.000,2024-07-02 08:08:39.942
BTC,BUY,0.0500,10115580.000,2024-07-02 08:08:46.569
