symbol,side,size,price,timestamp
BTC,BUY,0.0007,10022830.000,2024-07-02 21:00:26.259
BTC,BUY,0.0001,10023360.000,2024-07-02 21:02:29.133
BTC,SELL,0.0058,10022750.000,2024-07-02 21:02:35.698
BTC,SELL,0.0010,10022750.000,2024-07-02 21:02:37.159
BTC,BUY,0.0100,10022830.000,2024-07-02 21:02:45.207
BTC,BUY,0.0001,10023360.000,2024-07-02 21:02:52.570
BTC,BUY,0.0001,10023890.000,2024-07-02 21:04:16.366
BTC,BUY,0.0002,10024420.000,2024-07-02 21:04:48.869
BTC,BUY,0.0040,10024800.000,2024-07-02 21:05:11.045
BTC,BUY,0.0010,10024950.000,2024-07-02 21:05:31.142
BTC,SELL,0.0004,10024520.000,2024-07-02 21:05:58.035
BTC,BUY,0.0001,10024950.000,2024-07-02 21:06:21.495
BTC,BUY,0.0001,10025480.000,2024-07-02 21:06:44.958
BTC,BUY,0.0004,10026540.000,2024-07-02 21:08:28.975
BTC,SELL,0.0010,10026010.000,2024-07-02 21:09:30.380
BTC,BUY,0.0113,10024521.000,2024-07-02 21:09:39.684
BTC,BUY,0.1000,10024521.000,2024-07-02 21:09:39.684
BTC,BUY,0.0700,10024521.000,2024-07-02 21:09:39.684
BTC,BUY,0.1000,10024521.000,2024-07-02 21:09:39.684
BTC,BUY,0.0097,10024521.000,2024-07-02 21:09:39.684
BTC,BUY,0.0090,10024521.000,2024-07-02 21:09:39.684
BTC,SELL,0.0001,10024520.000,2024-07-02 21:10:38.970
BTC,SELL,0.0004,10022003.000,2024-07-02 21:10:41.062
BTC,SELL,0.0001,10022003.000,2024-07-02 21:10:42.971
BTC,SELL,0.0001,10022003.000,2024-07-02 21:10:42.971
BTC,SELL,0.0051,10017000.000,2024-07-02 21:10:43.833
BTC,SELL,0.0001,10017000.000,2024-07-02 21:10:43.833
BTC,SELL,0.0005,10015999.000,2024-07-02 21:10:54.561
BTC,SELL,0.0005,10012337.000,2024-07-02 21:10:54.561
BTC,SELL,0.0005,10012337.000,2024-07-02 21:11:22.346
BTC,SELL,0.0001,10010000.000,2024-07-02 21:11:22.346
BTC,SELL,0.0044,10010000.000,2024-07-02 21:11:22.346
BTC,BUY,0.0001,10010001.000,2024-07-02 21:11:42.364
BTC,SELL,0.0060,10010000.000,2024-07-02 21:11:51.588
BTC,SELL,0.0006,10010000.000,2024-07-02 21:13:17.541
BTC,SELL,0.0001,10010000.000,2024-07-02 21:13:17.541
BTC,SELL,0.0093,10010000.000,2024-07-02 21:13:17.541
BTC,SELL,0.0050,10010000.000,2024-07-02 21:13:17.588
BTC,SELL,0.0203,10010000.000,2024-07-02 21:13:17.670
BTC,SELL,0.0100,10010000.000,2024-07-02 21:13:18.552
BTC,SELL,0.0050,10010000.000,2024-07-02 21:13:18.580
BTC,BUY,0.0999,10010001.000,2024-07-02 21:13:35.443
BTC,BUY,0.0440,10010001.000,2024-07-02 21:13:35.443
BTC,BUY,0.0560,10010001.000,2024-07-02 21:13:35.776
BTC,BUY,0.0700,10010001.000,2024-07-02 21:13:35.776
BTC,BUY,0.0100,10010001.000,2024-07-02 21:13:35.776
BTC,BUY,0.0200,10010001.000,2024-07-02 21:13:35.776
BTC,BUY,0.0200,10010001.000,2024-07-02 21:13:35.776
BTC,BUY,0.0240,10010110.000,2024-07-02 21:13:35.776
BTC,BUY,0.0100,10010001.000,2024-07-02 21:13:36.648
BTC,BUY,0.0499,10010110.000,2024-07-02 21:13:36.648
BTC,BUY,0.1301,10010640.000,2024-07-02 21:13:36.648
BTC,BUY,0.1410,10010640.000,2024-07-02 21:13:36.757
BTC,BUY,0.0200,10010001.000,2024-07-02 21:13:36.855
BTC,BUY,0.1210,10010640.000,2024-07-02 21:13:36.855
BTC,BUY,0.0100,10010001.000,2024-07-02 21:13:49.799
BTC,BUY,0.1000,10010001.000,2024-07-02 21:13:49.799
BTC,BUY,0.0499,10010001.000,2024-07-02 21:13:49.799
BTC,BUY,0.0075,10010001.000,2024-07-02 21:13:49.799
BTC,BUY,0.0925,10010001.000,2024-07-02 21:13:49.906
BTC,BUY,0.0749,10010001.000,2024-07-02 21:13:49.906
BTC,BUY,0.0024,10010001.000,2024-07-02 21:13:50.009
BTC,BUY,0.0005,10010001.000,2024-07-02 21:14:05.342
BTC,BUY,0.0002,10010001.000,2024-07-02 21:14:19.209
BTC,BUY,0.0121,10010001.000,2024-07-02 21:14:29.366
BTC,BUY,0.0001,10010640.000,2024-07-02 21:16:28.487
BTC,BUY,0.0880,10012760.000,2024-07-02 21:20:28.778
BTC,BUY,0.0050,10014350.000,2024-07-02 21:22:12.063
BTC,BUY,0.0001,10014350.000,2024-07-02 21:27:40.077
BTC,SELL,0.0040,10014349.000,2024-07-02 21:27:47.594
BTC,BUY,0.0003,10014350.000,2024-07-02 21:28:11.784
BTC,BUY,0.0046,10014350.000,2024-07-02 21:30:24.850
BTC,BUY,0.1954,10014880.000,2024-07-02 21:30:24.850
BTC,BUY,0.0300,10015410.000,2024-07-02 21:32:54.092
BTC,BUY,0.0001,10015940.000,2024-07-02 21:33:31.573
BTC,BUY,0.0001,10016470.000,2024-07-02 21:33:44.366
BTC,BUY,0.0099,10017000.000,2024-07-02 21:33:57.673
BTC,BUY,0.0100,10016470.000,2024-07-02 21:35:58.772
BTC,BUY,0.0010,10016470.000,2024-07-02 21:36:10.872
BTC,BUY,0.0100,10016470.000,2024-07-02 21:36:27.994
BTC,BUY,0.0002,10017530.000,2024-07-02 21:42:48.242
BTC,BUY,0.0198,10018060.000,2024-07-02 21:42:48.242
BTC,BUY,0.0085,10018590.000,2024-07-02 21:42:49.056
BTC,BUY,0.0402,10019120.000,2024-07-02 21:42:49.056
BTC,BUY,0.0001,10019650.000,2024-07-02 21:42:50.045
BTC,BUY,0.0050,10019978.000,2024-07-02 21:42:50.045
BTC,BUY,0.0049,10020000.000,2024-07-02 21:42:50.045
BTC,BUY,0.0051,10020000.000,2024-07-02 21:42:50.544
BTC,BUY,0.0049,10020160.000,2024-07-02 21:42:50.544
BTC,BUY,0.0076,10020160.000,2024-07-02 21:42:57.433
BTC,BUY,0.0024,10020710.000,2024-07-02 21:42:57.433
BTC,BUY,0.0001,10022012.000,2024-07-02 21:46:17.542
BTC,BUY,0.0001,10024950.000,2024-07-02 21:46:23.918
BTC,BUY,0.0001,10025480.000,2024-07-02 21:46:32.467
BTC,BUY,0.0002,10026010.000,2024-07-02 21:46:38.576
BTC,BUY,0.0011,10026367.000,2024-07-02 21:46:38.576
BTC,BUY,0.0094,10026540.000,2024-07-02 21:46:38.576
BTC,BUY,0.0002,10027600.000,2024-07-02 21:48:10.516
BTC,BUY,0.0001,10028130.000,2024-07-02 21:48:56.943
BTC,BUY,0.0001,10029190.000,2024-07-02 21:49:20.142
BTC,BUY,0.0100,10029720.000,2024-07-02 21:49:45.454
BTC,BUY,0.0001,10030250.000,2024-07-02 21:50:24.787
BTC,BUY,0.0008,10030780.000,2024-07-02 21:50:26.167
BTC,BUY,0.0002,10031310.000,2024-07-02 21:50:42.722
BTC,BUY,0.0200,10031840.000,2024-07-02 21:51:34.138
BTC,BUY,0.0100,10032370.000,2024-07-02 21:51:37.097
BTC,BUY,0.0002,10032734.000,2024-07-02 21:51:57.435
BTC,BUY,0.0587,10032900.000,2024-07-02 21:51:57.435
BTC,BUY,0.0001,10033041.000,2024-07-02 21:52:49.373
BTC,BUY,0.0001,10033041.000,2024-07-02 21:53:12.529
BTC,BUY,0.0002,10033041.000,2024-07-02 21:53:29.444
BTC,BUY,0.0001,10033041.000,2024-07-02 21:54:17.122
BTC,BUY,0.0095,10033041.000,2024-07-02 21:54:39.363
BTC,BUY,0.0205,10033041.000,2024-07-02 21:54:39.363
BTC,BUY,0.0025,10033041.000,2024-07-02 21:55:23.188
BTC,SELL,0.0075,10033040.000,2024-07-02 21:56:38.563
BTC,SELL,0.0050,10033000.000,2024-07-02 21:56:39.296
BTC,SELL,0.0050,10033000.000,2024-07-02 21:56:39.792
BTC,SELL,0.0050,10033000.000,2024-07-02 21:56:40.810
BTC,SELL,0.0050,10033000.000,2024-07-02 21:56:41.305
BTC,BUY,0.0001,10033001.000,2024-07-02 21:56:41.700
BTC,SELL,0.0050,10033000.000,2024-07-02 21:56:42.324
BTC,SELL,0.0050,10033000.000,2024-07-02 21:56:44.870
BTC,SELL,0.0050,10033000.000,2024-07-02 21:56:45.264
BTC,BUY,0.0001,10033001.000,2024-07-02 21:57:04.902
BTC,SELL,0.0061,10033000.000,2024-07-02 21:58:09.006
BTC,BUY,0.0001,10032994.000,2024-07-02 21:58:09.530
BTC,SELL,0.0001,10030000.000,2024-07-02 21:58:21.463
BTC,SELL,0.0050,10028000.000,2024-07-02 21:58:21.889
BTC,SELL,0.0200,10028000.000,2024-07-02 21:58:21.895
BTC,SELL,0.0150,10028000.000,2024-07-02 21:58:22.103
BTC,SELL,0.0050,10020253.000,2024-07-02 21:58:24.606
BTC,BUY,0.0080,10020161.000,2024-07-02 21:58:41.623
BTC,SELL,0.0005,10020000.000,2024-07-02 21:59:40.670
BTC,BUY,0.0003,10020001.000,2024-07-02 21:59:54.402
BTC,BUY,0.0008,10020001.000,2024-07-02 22:00:02.776
BTC,BUY,0.0001,10020001.000,2024-07-02 22:00:03.271
BTC,BUY,0.0001,10020001.000,2024-07-02 22:00:34.096
BTC,SELL,0.0002,10020000.000,2024-07-02 22:00:43.512
BTC,BUY,0.0001,10020001.000,2024-07-02 22:00:57.273
BTC,BUY,0.0099,10020001.000,2024-07-02 22:01:06.844
BTC,BUY,0.0001,10020011.000,2024-07-02 22:02:01.909
BTC,BUY,0.0003,10020710.000,2024-07-02 22:02:45.640
BTC,BUY,0.0001,10020002.000,2024-07-02 22:03:38.277
BTC,BUY,0.0001,10020180.000,2024-07-02 22:04:26.472
BTC,BUY,0.0008,10020710.000,2024-07-02 22:05:38.131
BTC,BUY,0.0001,10020710.000,2024-07-02 22:05:43.574
BTC,BUY,0.0010,10021240.000,2024-07-02 22:06:20.893
BTC,BUY,0.0001,10021770.000,2024-07-02 22:06:29.166
BTC,BUY,0.0042,10022300.000,2024-07-02 22:07:02.154
BTC,BUY,0.0008,10022830.000,2024-07-02 22:07:14.774
BTC,BUY,0.0001,10023360.000,2024-07-02 22:07:27.772
BTC,BUY,0.0005,10023890.000,2024-07-02 22:07:46.075
BTC,BUY,0.0100,10023890.000,2024-07-02 22:08:00.589
BTC,BUY,0.0005,10024420.000,2024-07-02 22:09:19.318
BTC,BUY,0.0001,10025480.000,2024-07-02 22:09:42.299
BTC,BUY,0.0001,10026010.000,2024-07-02 22:12:34.727
BTC,BUY,0.0001,10026540.000,2024-07-02 22:13:22.258
BTC,BUY,0.0001,10026101.000,2024-07-02 22:15:08.001
BTC,SELL,0.1000,10026100.000,2024-07-02 22:15:19.519
BTC,SELL,0.1000,10026100.000,2024-07-02 22:15:19.519
BTC,BUY,0.0001,10026540.000,2024-07-02 22:16:33.616
BTC,BUY,0.0010,10027070.000,2024-07-02 22:21:07.737
BTC,BUY,0.0001,10027600.000,2024-07-02 22:22:02.609
BTC,BUY,0.0050,10021275.000,2024-07-02 22:25:11.684
BTC,BUY,0.0100,10021005.000,2024-07-02 22:25:21.290
BTC,SELL,0.0050,10021769.000,2024-07-02 22:28:07.705
BTC,BUY,0.1000,10022300.000,2024-07-02 22:28:46.081
BTC,BUY,0.0150,10022830.000,2024-07-02 22:28:49.719
BTC,SELL,0.0041,10023359.000,2024-07-02 22:29:01.378
BTC,SELL,0.0009,10023889.000,2024-07-02 22:29:06.652
BTC,SELL,0.1000,10023889.000,2024-07-02 22:29:06.652
BTC,SELL,0.0494,10023889.000,2024-07-02 22:29:06.652
BTC,BUY,0.1016,10024420.000,2024-07-02 22:29:51.078
BTC,BUY,0.0084,10024950.000,2024-07-02 22:29:55.172
BTC,BUY,0.0015,10025480.000,2024-07-02 22:29:55.172
BTC,BUY,0.0050,10026010.000,2024-07-02 22:30:56.444
BTC,BUY,0.0062,10026010.000,2024-07-02 22:30:56.447
BTC,BUY,0.0050,10026540.000,2024-07-02 22:30:56.926
BTC,BUY,0.0050,10027070.000,2024-07-02 22:30:59.172
BTC,BUY,0.0010,10027600.000,2024-07-02 22:31:41.407
BTC,BUY,0.0320,10028130.000,2024-07-02 22:31:43.278
BTC,BUY,0.0010,10028660.000,2024-07-02 22:31:50.845
BTC,BUY,0.0020,10029190.000,2024-07-02 22:32:24.351
BTC,BUY,0.0002,10028662.000,2024-07-02 22:33:15.692
BTC,BUY,0.0001,10028662.000,2024-07-02 22:36:35.524
BTC,SELL,0.0002,10028661.000,2024-07-02 22:36:36.707
BTC,SELL,0.0001,10028661.000,2024-07-02 22:36:39.899
BTC,BUY,0.0003,10026211.000,2024-07-02 22:37:24.923
BTC,BUY,0.0001,10026211.000,2024-07-02 22:40:27.882
BTC,SELL,0.0001,10026210.000,2024-07-02 22:41:06.425
BTC,SELL,0.0001,10026000.000,2024-07-02 22:41:57.217
BTC,SELL,0.0010,10025480.000,2024-07-02 22:42:16.394
BTC,SELL,0.0001,10025480.000,2024-07-02 22:42:16.394
BTC,SELL,0.0030,10025000.000,2024-07-02 22:43:37.158
BTC,SELL,0.0050,10025000.000,2024-07-02 22:43:37.158
BTC,SELL,0.0002,10024014.000,2024-07-02 22:44:25.924
BTC,SELL,0.0017,10023894.000,2024-07-02 22:44:25.924
BTC,BUY,0.0006,10024420.000,2024-07-02 22:45:46.661
BTC,BUY,0.0050,10024950.000,2024-07-02 22:46:52.298
BTC,BUY,0.0050,10023791.000,2024-07-02 22:48:08.303
BTC,BUY,0.0250,10025050.000,2024-07-02 22:48:08.303
BTC,BUY,0.0001,10025180.000,2024-07-02 22:48:09.892
BTC,BUY,0.0050,10025785.000,2024-07-02 22:48:37.150
BTC,BUY,0.0030,10025785.000,2024-07-02 22:48:52.507
BTC,BUY,0.0020,10025605.000,2024-07-02 22:49:06.254
BTC,BUY,0.0001,10026010.000,2024-07-02 22:51:14.157
BTC,BUY,0.0001,10026540.000,2024-07-02 22:53:00.581
BTC,BUY,0.0001,10027070.000,2024-07-02 22:53:54.306
BTC,BUY,0.0001,10027600.000,2024-07-02 22:53:54.306
BTC,BUY,0.0008,10027920.000,2024-07-02 22:53:54.306
BTC,BUY,0.0005,10028130.000,2024-07-02 22:54:35.439
BTC,BUY,0.0030,10028660.000,2024-07-02 22:55:26.139
BTC,BUY,0.0004,10029190.000,2024-07-02 22:55:33.138
BTC,SELL,0.0002,10029719.000,2024-07-02 22:55:47.755
BTC,BUY,0.0001,10030250.000,2024-07-02 22:56:04.479
BTC,BUY,0.0050,10030780.000,2024-07-02 22:57:01.747
BTC,BUY,0.0005,10031310.000,2024-07-02 22:57:27.321
BTC,BUY,0.1000,10031840.000,2024-07-02 22:57:41.385
BTC,BUY,0.1000,10031840.000,2024-07-02 22:57:41.419
BTC,BUY,0.0022,10031840.000,2024-07-02 22:57:41.816
BTC,BUY,0.0002,10032025.000,2024-07-02 22:57:44.804
BTC,BUY,0.0008,10032026.000,2024-07-02 22:57:44.804
BTC,BUY,0.0050,10032370.000,2024-07-02 22:57:45.588
BTC,BUY,0.0333,10032370.000,2024-07-02 22:57:45.812
BTC,BUY,0.0001,10032900.000,2024-07-02 22:57:46.014
BTC,BUY,0.0002,10033030.000,2024-07-02 22:57:46.014
BTC,BUY,0.0001,10033430.000,2024-07-02 22:57:46.014
BTC,BUY,0.0046,10033960.000,2024-07-02 22:57:46.014
BTC,BUY,0.0050,10034490.000,2024-07-02 22:57:48.863
BTC,BUY,0.0383,10035020.000,2024-07-02 22:58:36.406
BTC,BUY,0.0001,10034490.000,2024-07-02 23:00:12.643
BTC,SELL,0.0100,10034489.000,2024-07-02 23:00:23.824
BTC,BUY,0.0001,10034490.000,2024-07-02 23:00:26.184
BTC,BUY,0.0004,10034490.000,2024-07-02 23:00:26.535
BTC,BUY,0.0003,10034490.000,2024-07-02 23:00:55.533
BTC,BUY,0.0005,10035020.000,2024-07-02 23:02:02.618
BTC,BUY,0.0001,10035388.000,2024-07-02 23:02:05.999
BTC,BUY,0.0003,10035550.000,2024-07-02 23:02:05.999
BTC,BUY,0.0005,10036080.000,2024-07-02 23:02:25.118
BTC,BUY,0.0001,10036610.000,2024-07-02 23:02:31.994
BTC,BUY,0.0001,10037140.000,2024-07-02 23:02:55.365
BTC,BUY,0.0002,10037635.000,2024-07-02 23:05:17.040
BTC,BUY,0.0002,10037670.000,2024-07-02 23:05:17.040
BTC,BUY,0.0002,10038200.000,2024-07-02 23:05:48.585
BTC,BUY,0.0001,10038730.000,2024-07-02 23:06:24.304
BTC,BUY,0.0001,10039260.000,2024-07-02 23:06:47.737
BTC,BUY,0.1000,10039790.000,2024-07-02 23:07:23.134
BTC,BUY,0.0010,10040000.000,2024-07-02 23:08:27.922
BTC,BUY,0.0050,10040000.000,2024-07-02 23:08:27.922
BTC,BUY,0.0050,10040000.000,2024-07-02 23:08:27.924
BTC,BUY,0.0400,10040320.000,2024-07-02 23:08:59.022
BTC,BUY,0.0010,10040850.000,2024-07-02 23:09:03.633
BTC,BUY,0.0005,10041380.000,2024-07-02 23:09:21.469
BTC,BUY,0.0260,10041910.000,2024-07-02 23:09:28.207
BTC,BUY,0.0001,10042440.000,2024-07-02 23:10:16.686
BTC,SELL,0.0125,10042480.000,2024-07-02 23:10:27.719
BTC,SELL,0.0025,10042439.000,2024-07-02 23:10:27.719
BTC,BUY,0.0001,10042970.000,2024-07-02 23:10:40.051
BTC,BUY,0.0001,10042900.000,2024-07-02 23:14:09.108
BTC,BUY,0.0006,10042900.000,2024-07-02 23:14:29.523
BTC,BUY,0.0001,10042900.000,2024-07-02 23:14:32.350
BTC,BUY,0.0002,10042900.000,2024-07-02 23:15:18.020
BTC,SELL,0.0002,10042899.000,2024-07-02 23:15:34.540
BTC,BUY,0.0066,10042900.000,2024-07-02 23:16:15.029
BTC,BUY,0.0050,10042900.000,2024-07-02 23:16:28.974
BTC,BUY,0.1000,10042900.000,2024-07-02 23:16:49.853
BTC,BUY,0.0100,10042900.000,2024-07-02 23:16:50.500
BTC,BUY,0.0333,10042900.000,2024-07-02 23:16:51.234
BTC,BUY,0.0142,10042900.000,2024-07-02 23:16:52.631
BTC,BUY,0.0050,10042900.000,2024-07-02 23:17:19.839
BTC,BUY,0.0050,10042900.000,2024-07-02 23:17:20.337
BTC,BUY,0.0002,10042900.000,2024-07-02 23:17:20.961
BTC,BUY,0.0001,10042900.000,2024-07-02 23:18:01.488
BTC,BUY,0.0001,10042900.000,2024-07-02 23:18:24.661
BTC,BUY,0.0001,10042900.000,2024-07-02 23:18:40.743
BTC,BUY,0.0009,10042900.000,2024-07-02 23:18:48.594
BTC,BUY,0.0001,10042900.000,2024-07-02 23:19:18.868
BTC,BUY,0.0001,10042900.000,2024-07-02 23:19:29.392
BTC,BUY,0.0001,10042900.000,2024-07-02 23:19:36.521
BTC,BUY,0.0005,10042900.000,2024-07-02 23:20:03.529
BTC,BUY,0.0001,10042900.000,2024-07-02 23:20:08.988
BTC,BUY,0.0001,10042900.000,2024-07-02 23:21:53.906
BTC,BUY,0.0001,10042900.000,2024-07-02 23:22:16.987
BTC,BUY,0.0050,10042900.000,2024-07-02 23:23:02.022
BTC,SELL,0.0002,10042899.000,2024-07-02 23:24:39.382
BTC,SELL,0.0076,10042899.000,2024-07-02 23:24:39.382
BTC,BUY,0.0001,10042900.000,2024-07-02 23:25:46.258
BTC,BUY,0.0001,10042001.000,2024-07-02 23:26:09.302
BTC,SELL,0.0200,10042000.000,2024-07-02 23:26:23.993
BTC,SELL,0.0127,10042000.000,2024-07-02 23:26:23.993
BTC,SELL,0.0700,10042000.000,2024-07-02 23:26:23.993
BTC,SELL,0.0003,10041041.000,2024-07-02 23:26:23.993
BTC,BUY,0.0400,10041000.000,2024-07-02 23:26:27.081
BTC,SELL,0.0700,10040870.000,2024-07-02 23:26:43.019
BTC,SELL,0.0150,10040849.000,2024-07-02 23:26:43.019
BTC,SELL,0.0298,10040849.000,2024-07-02 23:26:43.019
BTC,BUY,0.0060,10040800.000,2024-07-02 23:26:49.951
BTC,BUY,0.0005,10040800.000,2024-07-02 23:26:57.719
BTC,SELL,0.1530,10040014.000,2024-07-02 23:26:58.206
BTC,SELL,0.0036,10040014.000,2024-07-02 23:26:58.206
BTC,BUY,0.0001,10042440.000,2024-07-02 23:29:38.640
BTC,BUY,0.0001,10041233.000,2024-07-02 23:30:01.714
BTC,BUY,0.0001,10041233.000,2024-07-02 23:30:02.858
BTC,BUY,0.0004,10041910.000,2024-07-02 23:30:02.858
BTC,BUY,0.0010,10042440.000,2024-07-02 23:30:51.080
BTC,BUY,0.0050,10042970.000,2024-07-02 23:32:48.640
BTC,SELL,0.0100,10042007.000,2024-07-02 23:33:29.414
BTC,SELL,0.0700,10041603.000,2024-07-02 23:33:29.414
BTC,SELL,0.0300,10041232.000,2024-07-02 23:33:29.414
BTC,SELL,0.0049,10041012.000,2024-07-02 23:33:29.414
BTC,SELL,0.0102,10040360.000,2024-07-02 23:33:29.414
BTC,BUY,0.0001,10041380.000,2024-07-02 23:33:54.135
BTC,BUY,0.0004,10041746.000,2024-07-02 23:36:34.462
BTC,BUY,0.0010,10041742.000,2024-07-02 23:36:47.132
BTC,BUY,0.0010,10042372.000,2024-07-02 23:37:22.001
BTC,SELL,0.0014,10040948.000,2024-07-02 23:37:29.828
BTC,SELL,0.0561,10040050.000,2024-07-02 23:37:29.828
BTC,BUY,0.0040,10040850.000,2024-07-02 23:37:33.465
BTC,BUY,0.0001,10041380.000,2024-07-02 23:37:46.461
BTC,BUY,0.0140,10041910.000,2024-07-02 23:37:47.293
BTC,BUY,0.0002,10042440.000,2024-07-02 23:37:53.211
BTC,BUY,0.0010,10042045.000,2024-07-02 23:38:14.642
BTC,BUY,0.0001,10041760.000,2024-07-02 23:38:23.190
BTC,BUY,0.0001,10042209.000,2024-07-02 23:41:38.937
BTC,SELL,0.0001,10042311.000,2024-07-02 23:43:21.000
BTC,SELL,0.0001,10041748.000,2024-07-02 23:43:21.000
BTC,BUY,0.0001,10042438.000,2024-07-02 23:45:31.301
BTC,SELL,0.0010,10041000.000,2024-07-02 23:49:13.155
BTC,BUY,0.0002,10040026.000,2024-07-02 23:49:17.507
BTC,BUY,0.0001,10040026.000,2024-07-02 23:49:23.648
BTC,BUY,0.0015,10040026.000,2024-07-02 23:49:25.820
BTC,BUY,0.0615,10040026.000,2024-07-02 23:50:45.723
BTC,BUY,0.0001,10040320.000,2024-07-02 23:51:37.756
BTC,BUY,0.0019,10040850.000,2024-07-02 23:52:23.521
BTC,BUY,0.0366,10041380.000,2024-07-02 23:52:50.746
BTC,BUY,0.0334,10041910.000,2024-07-02 23:52:50.746
BTC,BUY,0.0001,10042440.000,2024-07-02 23:53:16.373
BTC,BUY,0.0001,10041680.000,2024-07-02 23:53:34.555
BTC,BUY,0.0004,10041910.000,2024-07-02 23:53:58.938
BTC,BUY,0.0006,10042210.000,2024-07-02 23:53:58.938
BTC,BUY,0.0080,10042207.000,2024-07-02 23:54:04.628
BTC,BUY,0.0005,10042440.000,2024-07-02 23:54:08.388
BTC,BUY,0.0200,10042970.000,2024-07-02 23:55:52.485
BTC,BUY,0.0001,10043500.000,2024-07-02 23:57:08.814
BTC,SELL,0.0174,10042440.000,2024-07-02 23:57:12.257
BTC,BUY,0.0008,10042970.000,2024-07-02 23:59:50.976
BTC,SELL,0.0010,10042440.000,2024-07-03 00:00:20.666
BTC,BUY,0.0005,10042441.000,2024-07-03 00:00:46.705
BTC,BUY,0.0001,10042970.000,2024-07-03 00:01:01.180
BTC,BUY,0.0001,10043500.000,2024-07-03 00:02:17.906
BTC,BUY,0.0003,10044030.000,2024-07-03 00:02:45.077
BTC,BUY,0.0815,10044560.000,2024-07-03 00:03:27.975
BTC,BUY,0.0001,10045620.000,2024-07-03 00:03:46.062
BTC,BUY,0.0001,10046150.000,2024-07-03 00:04:53.567
BTC,BUY,0.0020,10045560.000,2024-07-03 00:07:26.254
BTC,BUY,0.0001,10045620.000,2024-07-03 00:07:53.419
BTC,BUY,0.0002,10046150.000,2024-07-03 00:09:37.351
BTC,BUY,0.0001,10046680.000,2024-07-03 00:09:41.459
BTC,BUY,0.0010,10047210.000,2024-07-03 00:09:45.069
BTC,BUY,0.0001,10047592.000,2024-07-03 00:11:16.281
BTC,BUY,0.0001,10047592.000,2024-07-03 00:11:32.048
BTC,BUY,0.0010,10050000.000,2024-07-03 00:11:34.511
BTC,BUY,0.0003,10050000.000,2024-07-03 00:11:34.511
BTC,BUY,0.0003,10050000.000,2024-07-03 00:11:34.511
BTC,BUY,0.0001,10050000.000,2024-07-03 00:11:42.580
BTC,BUY,0.0050,10050000.000,2024-07-03 00:11:46.711
BTC,BUY,0.0046,10050000.000,2024-07-03 00:12:04.747
BTC,BUY,0.0003,10050000.000,2024-07-03 00:12:04.747
BTC,BUY,0.0007,10050000.000,2024-07-03 00:12:15.137
BTC,BUY,0.0001,10051440.000,2024-07-03 00:12:38.421
BTC,BUY,0.0005,10051440.000,2024-07-03 00:12:47.719
BTC,BUY,0.0100,10051440.000,2024-07-03 00:12:55.541
BTC,BUY,0.0019,10051440.000,2024-07-03 00:13:01.632
BTC,BUY,0.0981,10051450.000,2024-07-03 00:13:01.632
BTC,BUY,0.0010,10052074.000,2024-07-03 00:15:11.511
BTC,BUY,0.0001,10052408.000,2024-07-03 00:15:17.459
BTC,BUY,0.0001,10052899.000,2024-07-03 00:15:17.459
BTC,BUY,0.0098,10053570.000,2024-07-03 00:15:17.459
BTC,BUY,0.0001,10053798.000,2024-07-03 00:15:46.351
BTC,BUY,0.0001,10053810.000,2024-07-03 00:15:46.351
BTC,BUY,0.0001,10053960.000,2024-07-03 00:15:46.351
BTC,BUY,0.0067,10054100.000,2024-07-03 00:15:46.351
BTC,BUY,0.0002,10054630.000,2024-07-03 00:15:52.829
BTC,BUY,0.0002,10054951.000,2024-07-03 00:16:34.913
BTC,BUY,0.0002,10055021.000,2024-07-03 00:16:34.913
BTC,BUY,0.0009,10055021.000,2024-07-03 00:16:34.913
BTC,BUY,0.0057,10055160.000,2024-07-03 00:16:34.913
BTC,BUY,0.0007,10056220.000,2024-07-03 00:16:45.341
BTC,BUY,0.0031,10056750.000,2024-07-03 00:16:58.950
BTC,BUY,0.0004,10057280.000,2024-07-03 00:17:11.724
BTC,BUY,0.0014,10057810.000,2024-07-03 00:17:13.941
BTC,BUY,0.0001,10058205.000,2024-07-03 00:17:54.269
BTC,BUY,0.0001,10058340.000,2024-07-03 00:17:54.269
BTC,BUY,0.0002,10058870.000,2024-07-03 00:17:56.570
BTC,BUY,0.0250,10059930.000,2024-07-03 00:19:28.652
BTC,BUY,0.0010,10060000.000,2024-07-03 00:19:36.011
BTC,BUY,0.0003,10060000.000,2024-07-03 00:19:36.011
BTC,BUY,0.0004,10060000.000,2024-07-03 00:19:36.011
BTC,BUY,0.0020,10060000.000,2024-07-03 00:19:45.133
BTC,BUY,0.0002,10059957.000,2024-07-03 00:19:59.423
BTC,BUY,0.0076,10060000.000,2024-07-03 00:19:59.423
BTC,BUY,0.0001,10060081.000,2024-07-03 00:20:23.112
BTC,BUY,0.0001,10060081.000,2024-07-03 00:21:27.984
BTC,BUY,0.0002,10060081.000,2024-07-03 00:21:50.451
BTC,BUY,0.0013,10061520.000,2024-07-03 00:21:55.953
BTC,BUY,0.0069,10062050.000,2024-07-03 00:22:43.028
BTC,BUY,0.1931,10062580.000,2024-07-03 00:22:43.028
BTC,BUY,0.0394,10063110.000,2024-07-03 00:22:50.220
BTC,BUY,0.0001,10063501.000,2024-07-03 00:22:50.220
BTC,BUY,0.1605,10063640.000,2024-07-03 00:22:50.220
BTC,BUY,0.0010,10064170.000,2024-07-03 00:23:40.444
BTC,BUY,0.0001,10064700.000,2024-07-03 00:24:15.407
BTC,SELL,0.0004,10065040.000,2024-07-03 00:24:43.291
BTC,BUY,0.0030,10065230.000,2024-07-03 00:24:55.183
BTC,BUY,0.0400,10065760.000,2024-07-03 00:25:04.302
BTC,BUY,0.0050,10065041.000,2024-07-03 00:25:17.960
BTC,BUY,0.0001,10066270.000,2024-07-03 00:25:20.330
BTC,BUY,0.0274,10066643.000,2024-07-03 00:25:40.068
BTC,BUY,0.0148,10066820.000,2024-07-03 00:25:40.068
BTC,BUY,0.0002,10066926.000,2024-07-03 00:25:49.844
BTC,BUY,0.0001,10062485.000,2024-07-03 00:28:07.796
BTC,BUY,0.0001,10062580.000,2024-07-03 00:29:12.687
BTC,SELL,0.0050,10062485.000,2024-07-03 00:29:39.287
BTC,SELL,0.0001,10060000.000,2024-07-03 00:29:39.287
BTC,SELL,0.0010,10060000.000,2024-07-03 00:29:39.287
BTC,SELL,0.0019,10059760.000,2024-07-03 00:29:39.287
BTC,BUY,0.0005,10059930.000,2024-07-03 00:30:03.203
BTC,BUY,0.0001,10060460.000,2024-07-03 00:30:47.705
BTC,SELL,0.0002,10060989.000,2024-07-03 00:30:53.937
BTC,BUY,0.0001,10061520.000,2024-07-03 00:30:54.258
BTC,SELL,0.0005,10063639.000,2024-07-03 00:31:20.991
BTC,BUY,0.0100,10065230.000,2024-07-03 00:31:57.116
BTC,BUY,0.0001,10065760.000,2024-07-03 00:32:00.152
BTC,BUY,0.0010,10066290.000,2024-07-03 00:32:02.862
BTC,BUY,0.0001,10066820.000,2024-07-03 00:33:05.100
BTC,BUY,0.0005,10067350.000,2024-07-03 00:34:27.799
BTC,BUY,0.0001,10067880.000,2024-07-03 00:35:52.573
BTC,BUY,0.0001,10068410.000,2024-07-03 00:36:57.504
BTC,BUY,0.0002,10068940.000,2024-07-03 00:38:24.445
BTC,BUY,0.0010,10069470.000,2024-07-03 00:39:00.394
BTC,BUY,0.0001,10065967.000,2024-07-03 00:39:44.863
BTC,BUY,0.0006,10065693.000,2024-07-03 00:40:22.326
BTC,BUY,0.0044,10066290.000,2024-07-03 00:40:22.326
BTC,BUY,0.0001,10066820.000,2024-07-03 00:40:49.846
BTC,BUY,0.0005,10067350.000,2024-07-03 00:43:13.047
BTC,BUY,0.0001,10067880.000,2024-07-03 00:43:37.266
BTC,BUY,0.0001,10068281.000,2024-07-03 00:44:42.391
BTC,SELL,0.0004,10068000.000,2024-07-03 00:46:48.396
BTC,BUY,0.0001,10068410.000,2024-07-03 00:47:29.801
BTC,BUY,0.0005,10068190.000,2024-07-03 00:50:03.213
BTC,BUY,0.0050,10068001.000,2024-07-03 00:50:50.391
BTC,BUY,0.0040,10068001.000,2024-07-03 00:50:50.391
BTC,BUY,0.0001,10068001.000,2024-07-03 00:51:22.222
BTC,SELL,0.0006,10068000.000,2024-07-03 00:51:36.906
BTC,BUY,0.0005,10067994.000,2024-07-03 00:51:37.503
BTC,SELL,0.0087,10065611.000,2024-07-03 00:51:46.040
BTC,SELL,0.0013,10065611.000,2024-07-03 00:51:46.090
BTC,SELL,0.0004,10064080.000,2024-07-03 00:52:08.945
BTC,BUY,0.0009,10064100.000,2024-07-03 00:52:45.977
BTC,BUY,0.0001,10064081.000,2024-07-03 00:52:58.481
BTC,BUY,0.0720,10064081.000,2024-07-03 00:53:06.529
BTC,BUY,0.0010,10064001.000,2024-07-03 00:54:03.089
BTC,SELL,0.0003,10064000.000,2024-07-03 00:54:11.910
BTC,SELL,0.0050,10061974.000,2024-07-03 00:54:15.935
BTC,BUY,0.0002,10060183.000,2024-07-03 00:54:27.405
BTC,SELL,0.0001,10060182.000,2024-07-03 00:54:34.400
BTC,SELL,0.0050,10056419.000,2024-07-03 00:55:09.778
BTC,SELL,0.0050,10056419.000,2024-07-03 00:55:10.339
BTC,SELL,0.0400,10056419.000,2024-07-03 00:55:10.562
BTC,BUY,0.0001,10056400.000,2024-07-03 00:55:14.674
BTC,SELL,0.0050,10055160.000,2024-07-03 00:55:17.846
BTC,SELL,0.0050,10055160.000,2024-07-03 00:55:18.132
BTC,SELL,0.0050,10055160.000,2024-07-03 00:55:18.326
BTC,SELL,0.0050,10055160.000,2024-07-03 00:55:19.283
BTC,SELL,0.0050,10055160.000,2024-07-03 00:55:20.378
BTC,SELL,0.0050,10055160.000,2024-07-03 00:55:28.503
BTC,BUY,0.0002,10050450.000,2024-07-03 00:56:24.561
BTC,BUY,0.0001,10050001.000,2024-07-03 00:57:32.087
BTC,SELL,0.0003,10050000.000,2024-07-03 00:58:47.210
BTC,SELL,0.0001,10050000.000,2024-07-03 00:58:47.210
BTC,SELL,0.0007,10040831.000,2024-07-03 00:58:53.958
BTC,SELL,0.0983,10040831.000,2024-07-03 00:58:54.025
BTC,SELL,0.0017,10040721.000,2024-07-03 00:58:54.025
BTC,BUY,0.0001,10040499.000,2024-07-03 01:00:20.990
BTC,BUY,0.0001,10040001.000,2024-07-03 01:00:53.701
BTC,SELL,0.0002,10040000.000,2024-07-03 01:00:55.763
BTC,SELL,0.0002,10040000.000,2024-07-03 01:00:55.864
BTC,SELL,0.0006,10040000.000,2024-07-03 01:01:05.439
BTC,SELL,0.0008,10040000.000,2024-07-03 01:01:05.439
BTC,SELL,0.0001,10040001.000,2024-07-03 01:01:33.207
BTC,SELL,0.0012,10040000.000,2024-07-03 01:02:55.967
BTC,SELL,0.0014,10040000.000,2024-07-03 01:02:55.967
BTC,SELL,0.0001,10040000.000,2024-07-03 01:02:55.967
BTC,SELL,0.0001,10040000.000,2024-07-03 01:02:55.967
BTC,SELL,0.0005,10038200.000,2024-07-03 01:02:56.330
BTC,SELL,0.0095,10037713.000,2024-07-03 01:02:56.330
BTC,BUY,0.0001,10037424.000,2024-07-03 01:02:59.408
BTC,SELL,0.0050,10035000.000,2024-07-03 01:04:38.927
BTC,SELL,0.0050,10035000.000,2024-07-03 01:04:39.428
BTC,SELL,0.0050,10035000.000,2024-07-03 01:04:40.428
BTC,SELL,0.0078,10035000.000,2024-07-03 01:04:40.446
BTC,SELL,0.0009,10035000.000,2024-07-03 01:05:03.979
BTC,SELL,0.0013,10035000.000,2024-07-03 01:05:04.343
BTC,SELL,0.0002,10035000.000,2024-07-03 01:05:04.343
BTC,SELL,0.0002,10034489.000,2024-07-03 01:05:04.343
BTC,SELL,0.0033,10034000.000,2024-07-03 01:05:04.343
BTC,SELL,0.0016,10034000.000,2024-07-03 01:05:09.437
BTC,SELL,0.0002,10034000.000,2024-07-03 01:05:09.619
BTC,BUY,0.0010,10033991.000,2024-07-03 01:05:38.201
BTC,SELL,0.0004,10033990.000,2024-07-03 01:05:39.573
BTC,SELL,0.0100,10030000.000,2024-07-03 01:05:39.573
BTC,SELL,0.0005,10030000.000,2024-07-03 01:05:39.573
BTC,SELL,0.0005,10030000.000,2024-07-03 01:05:39.681
BTC,SELL,0.0100,10030000.000,2024-07-03 01:05:39.681
BTC,SELL,0.0004,10030000.000,2024-07-03 01:05:39.681
BTC,SELL,0.0050,10030000.000,2024-07-03 01:05:39.819
BTC,SELL,0.0046,10030000.000,2024-07-03 01:05:39.944
BTC,SELL,0.0002,10030000.000,2024-07-03 01:05:39.944
BTC,SELL,0.0010,10030000.000,2024-07-03 01:05:39.944
BTC,SELL,0.0002,10030000.000,2024-07-03 01:05:39.944
BTC,SELL,0.0060,10025000.000,2024-07-03 01:05:40.590
BTC,SELL,0.0028,10025000.000,2024-07-03 01:05:44.965
BTC,SELL,0.0050,10025000.000,2024-07-03 01:05:48.941
BTC,SELL,0.0050,10025000.000,2024-07-03 01:05:50.943
BTC,SELL,0.0050,10025000.000,2024-07-03 01:05:51.464
BTC,BUY,0.0070,10025001.000,2024-07-03 01:05:54.109
BTC,SELL,0.0050,10025000.000,2024-07-03 01:05:54.171
BTC,SELL,0.0011,10025000.000,2024-07-03 01:05:54.942
BTC,SELL,0.0050,10022222.000,2024-07-03 01:06:01.183
BTC,SELL,0.0050,10022222.000,2024-07-03 01:06:01.725
BTC,SELL,0.0050,10022222.000,2024-07-03 01:06:02.680
BTC,SELL,0.0050,10022222.000,2024-07-03 01:06:03.200
BTC,SELL,0.0050,10022222.000,2024-07-03 01:06:05.266
BTC,SELL,0.0002,10020398.000,2024-07-03 01:06:08.786
BTC,SELL,0.0006,10020398.000,2024-07-03 01:06:08.786
BTC,SELL,0.0006,10020398.000,2024-07-03 01:06:08.786
BTC,SELL,0.0003,10020001.000,2024-07-03 01:06:08.786
BTC,SELL,0.0004,10020000.000,2024-07-03 01:06:08.786
BTC,SELL,0.0001,10020000.000,2024-07-03 01:06:08.786
BTC,SELL,0.0014,10020000.000,2024-07-03 01:06:08.786
BTC,SELL,0.0041,10020000.000,2024-07-03 01:06:08.786
BTC,SELL,0.0014,10020000.000,2024-07-03 01:06:09.452
BTC,SELL,0.0045,10020000.000,2024-07-03 01:06:10.640
BTC,SELL,0.0010,10020000.000,2024-07-03 01:06:10.640
BTC,SELL,0.0003,10020000.000,2024-07-03 01:06:10.640
BTC,SELL,0.0010,10020000.000,2024-07-03 01:06:10.640
BTC,SELL,0.0010,10020000.000,2024-07-03 01:06:10.640
BTC,SELL,0.0002,10020000.000,2024-07-03 01:06:10.640
BTC,SELL,0.0010,10018000.000,2024-07-03 01:06:14.954
BTC,SELL,0.0010,10017878.000,2024-07-03 01:06:14.954
BTC,SELL,0.0090,10017878.000,2024-07-03 01:06:16.545
BTC,SELL,0.0010,10017520.000,2024-07-03 01:06:16.545
BTC,SELL,0.0090,10017520.000,2024-07-03 01:06:17.516
BTC,SELL,0.0002,10015000.000,2024-07-03 01:06:19.144
BTC,SELL,0.0010,10014930.000,2024-07-03 01:06:19.144
BTC,SELL,0.0010,10013932.000,2024-07-03 01:06:19.144
BTC,SELL,0.0001,10013349.000,2024-07-03 01:06:19.144
BTC,SELL,0.0027,10013349.000,2024-07-03 01:06:19.144
BTC,SELL,0.0273,10013349.000,2024-07-03 01:06:19.238
BTC,SELL,0.0001,10012347.000,2024-07-03 01:06:19.238
BTC,SELL,0.0001,10011207.000,2024-07-03 01:06:19.238
BTC,SELL,0.0004,10010000.000,2024-07-03 01:06:19.238
BTC,SELL,0.0019,10010000.000,2024-07-03 01:06:19.238
BTC,SELL,0.0100,10010000.000,2024-07-03 01:06:19.238
BTC,SELL,0.0001,10010000.000,2024-07-03 01:06:19.238
BTC,SELL,0.0010,10010000.000,2024-07-03 01:06:19.238
BTC,SELL,0.0003,10010000.000,2024-07-03 01:06:19.238
BTC,SELL,0.0001,10009999.000,2024-07-03 01:06:19.238
BTC,SELL,0.0090,10009960.000,2024-07-03 01:06:19.238
BTC,SELL,0.0001,10008350.000,2024-07-03 01:06:19.238
BTC,SELL,0.0496,10006454.000,2024-07-03 01:06:19.238
BTC,SELL,0.0500,10007200.000,2024-07-03 01:06:22.965
BTC,SELL,0.0023,10007166.000,2024-07-03 01:06:22.965
BTC,SELL,0.0200,10007250.000,2024-07-03 01:06:28.454
BTC,SELL,0.0010,10007200.000,2024-07-03 01:06:28.454
BTC,SELL,0.0002,10005050.000,2024-07-03 01:06:46.952
BTC,BUY,0.0006,10005340.000,2024-07-03 01:07:02.468
BTC,SELL,0.0018,10004400.000,2024-07-03 01:07:14.483
BTC,BUY,0.0050,10005340.000,2024-07-03 01:07:15.109
BTC,BUY,0.0280,10007460.000,2024-07-03 01:07:25.748
BTC,BUY,0.0060,10007990.000,2024-07-03 01:07:26.091
BTC,BUY,0.0050,10007990.000,2024-07-03 01:07:26.238
BTC,BUY,0.0100,10009050.000,2024-07-03 01:07:27.150
BTC,BUY,0.0100,10009580.000,2024-07-03 01:07:27.355
BTC,BUY,0.0050,10010110.000,2024-07-03 01:07:29.074
BTC,BUY,0.0030,10011170.000,2024-07-03 01:07:31.291
BTC,SELL,0.0026,10010608.000,2024-07-03 01:07:40.948
BTC,SELL,0.0230,10010180.000,2024-07-03 01:07:51.001
BTC,SELL,0.0084,10010109.000,2024-07-03 01:08:00.959
BTC,BUY,0.0200,10010640.000,2024-07-03 01:09:17.612
BTC,BUY,0.0050,10011700.000,2024-07-03 01:09:20.628
BTC,BUY,0.0050,10012230.000,2024-07-03 01:09:25.382
BTC,BUY,0.0109,10012760.000,2024-07-03 01:09:26.691
BTC,BUY,0.0050,10013290.000,2024-07-03 01:09:28.985
BTC,BUY,0.0050,10013820.000,2024-07-03 01:09:39.972
BTC,BUY,0.0200,10014350.000,2024-07-03 01:10:02.706
BTC,BUY,0.0005,10012085.000,2024-07-03 01:11:17.895
BTC,BUY,0.0070,10012086.000,2024-07-03 01:11:48.047
BTC,BUY,0.0005,10012759.000,2024-07-03 01:11:51.197
BTC,BUY,0.0005,10013289.000,2024-07-03 01:11:57.514
BTC,BUY,0.0004,10013290.000,2024-07-03 01:11:57.514
BTC,BUY,0.0002,10014350.000,2024-07-03 01:12:14.129
BTC,BUY,0.0009,10014880.000,2024-07-03 01:12:17.683
BTC,BUY,0.0014,10015042.000,2024-07-03 01:12:25.306
BTC,BUY,0.0036,10015410.000,2024-07-03 01:12:25.306
BTC,BUY,0.0009,10015940.000,2024-07-03 01:12:27.641
BTC,BUY,0.0009,10016470.000,2024-07-03 01:12:37.495
BTC,BUY,0.0009,10016617.000,2024-07-03 01:12:47.540
BTC,BUY,0.0009,10017530.000,2024-07-03 01:13:17.577
BTC,BUY,0.0017,10018060.000,2024-07-03 01:13:29.032
BTC,BUY,0.0100,10020710.000,2024-07-03 01:13:41.309
BTC,BUY,0.0009,10021240.000,2024-07-03 01:13:57.436
BTC,BUY,0.0002,10021591.000,2024-07-03 01:14:28.866
BTC,BUY,0.0098,10022240.000,2024-07-03 01:14:28.866
BTC,BUY,0.5000,10026010.000,2024-07-03 01:15:29.148
BTC,BUY,0.5000,10026540.000,2024-07-03 01:15:29.148
BTC,BUY,0.5000,10027070.000,2024-07-03 01:15:29.148
BTC,BUY,0.0497,10027599.000,2024-07-03 01:15:51.652
BTC,BUY,0.0001,10027600.000,2024-07-03 01:15:51.652
BTC,BUY,0.0651,10028130.000,2024-07-03 01:15:51.652
BTC,BUY,0.8851,10028660.000,2024-07-03 01:15:51.652
BTC,BUY,0.0005,10026641.000,2024-07-03 01:16:20.228
BTC,BUY,0.5000,10027070.000,2024-07-03 01:17:41.702
BTC,BUY,0.1614,10027600.000,2024-07-03 01:18:09.520
BTC,BUY,0.3386,10028130.000,2024-07-03 01:18:09.520
BTC,BUY,0.0050,10028660.000,2024-07-03 01:18:51.156
BTC,BUY,0.0200,10029190.000,2024-07-03 01:19:52.601
BTC,BUY,0.0050,10029720.000,2024-07-03 01:20:34.563
BTC,BUY,0.0050,10030250.000,2024-07-03 01:20:40.909
BTC,BUY,0.0200,10030780.000,2024-07-03 01:20:52.973
BTC,BUY,0.0400,10030780.000,2024-07-03 01:20:52.976
BTC,BUY,0.0050,10030780.000,2024-07-03 01:20:53.098
BTC,SELL,0.0276,10031763.000,2024-07-03 01:21:20.568
BTC,BUY,0.0050,10032370.000,2024-07-03 01:21:28.657
BTC,BUY,0.0050,10032370.000,2024-07-03 01:21:28.847
BTC,BUY,0.0050,10033430.000,2024-07-03 01:21:34.743
BTC,BUY,0.0050,10033960.000,2024-07-03 01:21:35.290
BTC,BUY,0.0050,10034490.000,2024-07-03 01:21:41.834
BTC,BUY,0.0050,10035020.000,2024-07-03 01:21:42.375
BTC,BUY,0.0050,10035550.000,2024-07-03 01:21:42.878
BTC,BUY,0.0050,10036080.000,2024-07-03 01:21:57.062
BTC,BUY,0.0050,10036610.000,2024-07-03 01:21:59.125
BTC,BUY,0.0050,10037670.000,2024-07-03 01:21:59.664
BTC,BUY,0.0050,10038200.000,2024-07-03 01:22:06.671
BTC,BUY,0.0100,10038730.000,2024-07-03 01:22:10.546
BTC,BUY,0.0006,10039260.000,2024-07-03 01:22:13.792
BTC,BUY,0.0188,10039790.000,2024-07-03 01:22:13.792
BTC,BUY,0.0010,10040000.000,2024-07-03 01:22:16.346
BTC,BUY,0.0073,10040850.000,2024-07-03 01:22:16.346
BTC,BUY,0.0002,10040850.000,2024-07-03 01:22:16.606
BTC,BUY,0.0017,10041380.000,2024-07-03 01:22:18.313
BTC,BUY,0.0200,10041910.000,2024-07-03 01:22:28.477
BTC,BUY,0.0100,10041910.000,2024-07-03 01:22:28.481
BTC,BUY,0.0100,10046150.000,2024-07-03 01:22:30.081
BTC,BUY,0.0033,10046680.000,2024-07-03 01:22:31.001
BTC,BUY,0.0004,10047210.000,2024-07-03 01:22:40.979
BTC,BUY,0.0002,10047740.000,2024-07-03 01:22:58.897
BTC,BUY,0.0002,10049468.000,2024-07-03 01:23:05.338
BTC,BUY,0.0015,10049860.000,2024-07-03 01:23:18.266
BTC,BUY,0.0003,10050000.000,2024-07-03 01:23:24.438
BTC,BUY,0.0010,10050000.000,2024-07-03 01:23:24.438
BTC,BUY,0.0840,10051450.000,2024-07-03 01:23:32.726
BTC,SELL,0.0042,10054095.000,2024-07-03 01:23:44.205
BTC,BUY,0.0002,10050641.000,2024-07-03 01:24:20.170
BTC,BUY,0.0001,10047211.000,2024-07-03 01:24:57.545
BTC,SELL,0.0010,10047210.000,2024-07-03 01:25:30.917
BTC,SELL,0.0001,10047210.000,2024-07-03 01:25:30.917
BTC,BUY,0.0002,10047211.000,2024-07-03 01:25:57.374
BTC,BUY,0.0002,10047212.000,2024-07-03 01:27:34.514
BTC,SELL,0.0001,10047211.000,2024-07-03 01:27:45.941
BTC,BUY,0.0002,10044871.000,2024-07-03 01:28:34.758
BTC,BUY,0.0028,10047228.000,2024-07-03 01:28:34.758
BTC,SELL,0.0050,10044574.000,2024-07-03 01:30:01.925
BTC,BUY,0.0100,10045090.000,2024-07-03 01:31:01.302
BTC,BUY,0.0001,10047740.000,2024-07-03 01:31:03.110
BTC,BUY,0.0010,10048000.000,2024-07-03 01:31:03.110
BTC,BUY,0.0039,10048270.000,2024-07-03 01:31:03.110
BTC,BUY,0.0060,10049148.000,2024-07-03 01:31:17.024
BTC,BUY,0.0060,10049330.000,2024-07-03 01:31:17.028
BTC,BUY,0.0064,10049860.000,2024-07-03 01:31:31.449
BTC,BUY,0.0001,10050000.000,2024-07-03 01:31:52.520
BTC,BUY,0.0057,10050390.000,2024-07-03 01:32:06.754
BTC,BUY,0.0231,10051450.000,2024-07-03 01:32:17.752
BTC,BUY,0.0050,10051980.000,2024-07-03 01:32:19.877
BTC,BUY,0.0002,10052510.000,2024-07-03 01:32:34.823
BTC,BUY,0.0001,10052940.000,2024-07-03 01:33:30.339
BTC,BUY,0.0001,10050289.000,2024-07-03 01:33:57.546
BTC,BUY,0.0002,10044202.000,2024-07-03 01:40:11.577
BTC,SELL,0.0005,10039680.000,2024-07-03 01:41:48.558
BTC,SELL,0.0011,10039920.000,2024-07-03 01:42:35.988
BTC,BUY,0.1614,10040320.000,2024-07-03 01:43:30.704
BTC,BUY,0.0001,10038516.000,2024-07-03 01:46:39.354
BTC,SELL,0.0002,10030873.000,2024-07-03 01:46:57.435
BTC,SELL,0.0002,10030000.000,2024-07-03 01:47:02.932
BTC,BUY,0.0007,10030250.000,2024-07-03 01:47:24.580
BTC,SELL,0.0002,10022800.000,2024-07-03 01:48:28.871
BTC,BUY,0.0002,10023890.000,2024-07-03 01:49:06.321
BTC,SELL,0.0125,10021760.000,2024-07-03 01:50:55.886
BTC,SELL,0.0175,10021685.000,2024-07-03 01:50:55.886
BTC,SELL,0.0125,10021920.000,2024-07-03 01:51:10.983
BTC,SELL,0.0175,10021842.000,2024-07-03 01:51:10.983
BTC,SELL,0.0074,10023359.000,2024-07-03 01:51:18.810
BTC,SELL,0.0100,10023167.000,2024-07-03 01:51:18.810
BTC,SELL,0.0018,10023166.000,2024-07-03 01:51:18.810
BTC,SELL,0.0100,10022681.000,2024-07-03 01:51:18.810
BTC,SELL,0.0008,10022185.000,2024-07-03 01:51:18.810
BTC,SELL,0.0100,10023888.000,2024-07-03 01:51:26.755
BTC,SELL,0.0200,10022525.000,2024-07-03 01:51:26.755
BTC,SELL,0.0300,10021987.000,2024-07-03 01:51:35.255
BTC,SELL,0.0100,10022305.000,2024-07-03 01:51:47.004
BTC,SELL,0.0100,10024948.000,2024-07-03 01:52:27.898
BTC,SELL,0.0010,10020000.000,2024-07-03 01:52:27.934
BTC,SELL,0.0002,10020000.000,2024-07-03 01:52:27.934
BTC,SELL,0.0038,10017342.000,2024-07-03 01:52:27.934
BTC,SELL,0.0060,10013840.000,2024-07-03 01:52:28.042
BTC,SELL,0.0050,10010043.000,2024-07-03 01:52:28.434
BTC,BUY,0.0004,10010049.000,2024-07-03 01:52:32.233
BTC,SELL,0.0115,10010053.000,2024-07-03 01:52:49.412
BTC,BUY,0.0005,10010049.000,2024-07-03 01:52:56.922
BTC,BUY,0.0121,10010049.000,2024-07-03 01:53:04.376
BTC,BUY,0.0048,10010639.000,2024-07-03 01:53:04.376
BTC,SELL,0.0010,10010001.000,2024-07-03 01:53:25.791
BTC,SELL,0.0007,10010651.000,2024-07-03 01:55:09.753
BTC,SELL,0.0031,10010651.000,2024-07-03 01:55:10.027
BTC,SELL,0.0007,10010000.000,2024-07-03 01:55:10.027
BTC,SELL,0.0003,10010000.000,2024-07-03 01:55:10.030
BTC,SELL,0.0003,10010000.000,2024-07-03 01:55:10.030
BTC,SELL,0.0010,10010000.000,2024-07-03 01:55:10.030
BTC,SELL,0.0050,10010000.000,2024-07-03 01:55:10.030
BTC,SELL,0.0018,10008355.000,2024-07-03 01:55:10.030
BTC,SELL,0.0060,10007778.000,2024-07-03 01:55:10.030
BTC,SELL,0.0100,10007545.000,2024-07-03 01:55:10.030
BTC,SELL,0.0532,10003660.000,2024-07-03 01:55:10.030
BTC,SELL,0.0095,10003657.000,2024-07-03 01:55:10.030
BTC,SELL,0.0400,10001507.000,2024-07-03 01:55:10.030
BTC,SELL,0.0050,10001362.000,2024-07-03 01:55:10.288
BTC,SELL,0.0016,10001000.000,2024-07-03 01:55:10.288
BTC,SELL,0.0030,10001000.000,2024-07-03 01:55:10.321
BTC,SELL,0.0300,10001000.000,2024-07-03 01:55:10.321
BTC,SELL,0.0089,10001000.000,2024-07-03 01:55:10.843
BTC,SELL,0.0030,10001000.000,2024-07-03 01:55:10.863
BTC,SELL,0.0160,10001000.000,2024-07-03 01:55:11.446
BTC,SELL,0.0185,10001000.000,2024-07-03 01:55:11.547
BTC,SELL,0.0020,10000001.000,2024-07-03 01:55:11.547
BTC,SELL,0.0040,10000000.000,2024-07-03 01:55:11.547
BTC,SELL,0.0001,10000000.000,2024-07-03 01:55:11.547
BTC,SELL,0.0010,10000000.000,2024-07-03 01:55:11.547
BTC,SELL,0.0100,10000000.000,2024-07-03 01:55:11.547
BTC,SELL,0.0100,10000000.000,2024-07-03 01:55:11.547
BTC,SELL,0.0050,10000000.000,2024-07-03 01:55:11.547
BTC,SELL,0.0100,10000000.000,2024-07-03 01:55:11.547
BTC,SELL,0.0001,10000000.000,2024-07-03 01:55:11.547
BTC,SELL,0.0003,10000000.000,2024-07-03 01:55:11.547
BTC,SELL,0.0001,10000000.000,2024-07-03 01:55:11.547
BTC,SELL,0.1000,10000000.000,2024-07-03 01:55:11.547
BTC,SELL,0.0005,10000000.000,2024-07-03 01:55:11.547
BTC,SELL,0.0001,10000000.000,2024-07-03 01:55:11.547
BTC,SELL,0.0100,10000000.000,2024-07-03 01:55:11.547
BTC,SELL,0.0010,10000000.000,2024-07-03 01:55:11.547
BTC,SELL,0.0002,10000000.000,2024-07-03 01:55:11.547
BTC,SELL,0.0100,10000000.000,2024-07-03 01:55:11.547
BTC,SELL,0.0001,10000000.000,2024-07-03 01:55:11.547
BTC,SELL,0.0010,10000000.000,2024-07-03 01:55:11.547
BTC,SELL,0.0006,10000000.000,2024-07-03 01:55:11.547
BTC,SELL,0.0004,10000000.000,2024-07-03 01:55:11.759
BTC,SELL,0.0003,10000000.000,2024-07-03 01:55:11.759
BTC,SELL,0.0005,10000000.000,2024-07-03 01:55:11.759
BTC,SELL,0.0002,10000000.000,2024-07-03 01:55:11.759
BTC,SELL,0.0005,10000000.000,2024-07-03 01:55:11.759
BTC,SELL,0.0001,10000000.000,2024-07-03 01:55:11.759
BTC,SELL,0.0030,10000000.000,2024-07-03 01:55:11.759
BTC,SELL,0.0001,10000000.000,2024-07-03 01:55:11.759
BTC,SELL,0.0050,10000000.000,2024-07-03 01:55:11.759
BTC,SELL,0.0004,10000000.000,2024-07-03 01:55:11.759
BTC,SELL,0.0005,10000000.000,2024-07-03 01:55:11.759
BTC,SELL,0.0010,10000000.000,2024-07-03 01:55:11.759
BTC,SELL,0.0002,10000000.000,2024-07-03 01:55:11.759
BTC,SELL,0.0010,10000000.000,2024-07-03 01:55:11.759
BTC,SELL,0.0004,10000000.000,2024-07-03 01:55:11.759
BTC,SELL,0.0020,10000000.000,2024-07-03 01:55:11.759
BTC,SELL,0.0010,10000000.000,2024-07-03 01:55:11.759
BTC,SELL,0.0012,9999999.000,2024-07-03 01:55:11.759
BTC,SELL,0.0040,9999999.000,2024-07-03 01:55:11.759
BTC,SELL,0.0182,9999999.000,2024-07-03 01:55:11.759
BTC,SELL,0.0018,9999999.000,2024-07-03 01:55:11.795
BTC,SELL,0.0001,9999999.000,2024-07-03 01:55:11.795
BTC,SELL,0.0019,9999999.000,2024-07-03 01:55:11.795
BTC,SELL,0.0081,9999999.000,2024-07-03 01:55:11.800
BTC,SELL,0.0001,9999999.000,2024-07-03 01:55:11.800
BTC,SELL,0.0001,9999802.000,2024-07-03 01:55:11.800
BTC,SELL,0.0100,9999800.000,2024-07-03 01:55:11.800
BTC,SELL,0.0073,9999500.000,2024-07-03 01:55:11.865
BTC,SELL,0.0027,9999500.000,2024-07-03 01:55:11.867
BTC,SELL,0.0001,9999481.000,2024-07-03 01:55:11.867
BTC,SELL,0.0010,9999000.000,2024-07-03 01:55:11.867
BTC,SELL,0.0010,9999000.000,2024-07-03 01:55:11.867
BTC,SELL,0.0112,9999000.000,2024-07-03 01:55:11.867
BTC,SELL,0.0068,9999000.000,2024-07-03 01:55:12.018
BTC,SELL,0.0820,9999000.000,2024-07-03 01:55:12.022
BTC,SELL,0.0055,9998824.000,2024-07-03 01:55:12.035
BTC,SELL,0.0050,9998797.000,2024-07-03 01:55:12.035
BTC,SELL,0.0056,9998000.000,2024-07-03 01:55:12.035
BTC,SELL,0.0044,9998000.000,2024-07-03 01:55:12.701
BTC,SELL,0.0005,9997999.000,2024-07-03 01:55:12.701
BTC,SELL,0.0532,9997207.000,2024-07-03 01:55:12.701
BTC,SELL,0.0125,9995680.000,2024-07-03 01:55:12.701
BTC,SELL,0.0294,9995600.000,2024-07-03 01:55:12.701
BTC,SELL,0.0500,9995600.000,2024-07-03 01:55:12.706
BTC,SELL,0.0206,9995600.000,2024-07-03 01:55:12.744
BTC,SELL,0.0001,9994041.000,2024-07-03 01:55:12.744
BTC,SELL,0.0001,9993407.000,2024-07-03 01:55:12.744
BTC,SELL,0.0001,9992809.000,2024-07-03 01:55:12.744
BTC,SELL,0.0001,9992804.000,2024-07-03 01:55:12.744
BTC,SELL,0.0001,9990637.000,2024-07-03 01:55:12.744
BTC,SELL,0.0001,9990000.000,2024-07-03 01:55:12.744
BTC,SELL,0.0001,9990000.000,2024-07-03 01:55:12.744
BTC,SELL,0.0001,9990000.000,2024-07-03 01:55:12.744
BTC,SELL,0.0100,9990000.000,2024-07-03 01:55:12.744
BTC,SELL,0.0001,9990000.000,2024-07-03 01:55:12.744
BTC,SELL,0.0085,9990000.000,2024-07-03 01:55:12.744
BTC,SELL,0.0015,9990000.000,2024-07-03 01:55:13.029
BTC,SELL,0.0700,9990000.000,2024-07-03 01:55:13.149
BTC,SELL,0.0032,9990000.000,2024-07-03 01:55:13.149
BTC,SELL,0.0001,9990000.000,2024-07-03 01:55:13.149
BTC,SELL,0.0001,9990000.000,2024-07-03 01:55:13.149
BTC,SELL,0.0001,9990000.000,2024-07-03 01:55:13.149
BTC,SELL,0.0001,9990000.000,2024-07-03 01:55:13.149
BTC,SELL,0.0003,9990000.000,2024-07-03 01:55:13.149
BTC,SELL,0.0001,9990000.000,2024-07-03 01:55:13.149
BTC,SELL,0.0040,9990000.000,2024-07-03 01:55:13.149
BTC,SELL,0.0001,9990000.000,2024-07-03 01:55:13.149
BTC,SELL,0.0050,9990000.000,2024-07-03 01:55:13.149
BTC,SELL,0.0001,9990000.000,2024-07-03 01:55:13.149
BTC,SELL,0.0020,9990000.000,2024-07-03 01:55:13.149
BTC,SELL,0.0100,9990000.000,2024-07-03 01:55:13.149
BTC,SELL,0.0010,9990000.000,2024-07-03 01:55:13.149
BTC,SELL,0.0011,9990000.000,2024-07-03 01:55:13.149
BTC,SELL,0.0010,9988398.000,2024-07-03 01:55:13.416
BTC,SELL,0.0020,9988000.000,2024-07-03 01:55:13.416
BTC,SELL,0.0100,9988000.000,2024-07-03 01:55:13.416
BTC,SELL,0.0001,9987100.000,2024-07-03 01:55:13.416
BTC,SELL,0.0001,9985370.000,2024-07-03 01:55:13.416
BTC,SELL,0.0004,9985111.000,2024-07-03 01:55:13.416
BTC,SELL,0.0035,9985100.000,2024-07-03 01:55:13.416
BTC,SELL,0.0100,9984656.000,2024-07-03 01:55:13.416
BTC,SELL,0.0010,9983000.000,2024-07-03 01:55:13.416
BTC,SELL,0.0010,9983000.000,2024-07-03 01:55:13.416
BTC,SELL,0.0009,9980000.000,2024-07-03 01:55:13.416
BTC,SELL,0.0001,9980000.000,2024-07-03 01:55:13.416
BTC,SELL,0.0100,9980000.000,2024-07-03 01:55:13.416
BTC,SELL,0.0100,9980000.000,2024-07-03 01:55:13.416
BTC,SELL,0.0001,9980000.000,2024-07-03 01:55:13.416
BTC,SELL,0.0001,9980000.000,2024-07-03 01:55:13.416
BTC,SELL,0.0100,9980000.000,2024-07-03 01:55:13.416
BTC,SELL,0.0001,9980000.000,2024-07-03 01:55:13.416
BTC,SELL,0.0010,9980000.000,2024-07-03 01:55:13.416
BTC,SELL,0.0100,9980000.000,2024-07-03 01:55:13.416
BTC,SELL,0.0286,9980000.000,2024-07-03 01:55:13.416
BTC,SELL,0.0214,9980000.000,2024-07-03 01:55:13.601
BTC,SELL,0.0010,9980000.000,2024-07-03 01:55:13.601
BTC,SELL,0.0003,9980000.000,2024-07-03 01:55:13.601
BTC,SELL,0.0001,9980000.000,2024-07-03 01:55:13.601
BTC,SELL,0.0500,9980000.000,2024-07-03 01:55:13.601
BTC,SELL,0.0001,9979586.000,2024-07-03 01:55:13.601
BTC,SELL,0.0030,9978180.000,2024-07-03 01:55:13.601
BTC,SELL,0.0010,9978000.000,2024-07-03 01:55:13.601
BTC,SELL,0.0010,9977276.000,2024-07-03 01:55:13.601
BTC,SELL,0.0001,9970000.000,2024-07-03 01:55:13.601
BTC,SELL,0.0010,9970000.000,2024-07-03 01:55:13.601
BTC,SELL,0.0100,9970000.000,2024-07-03 01:55:13.601
BTC,SELL,0.0001,9970000.000,2024-07-03 01:55:13.601
BTC,SELL,0.0001,9970000.000,2024-07-03 01:55:13.601
BTC,SELL,0.0001,9970000.000,2024-07-03 01:55:13.601
BTC,SELL,0.0010,9970000.000,2024-07-03 01:55:13.601
BTC,SELL,0.0003,9970000.000,2024-07-03 01:55:13.601
BTC,SELL,0.0001,9970000.000,2024-07-03 01:55:13.601
BTC,SELL,0.0001,9969900.000,2024-07-03 01:55:13.601
BTC,SELL,0.0092,9968899.000,2024-07-03 01:55:13.601
BTC,SELL,0.0008,9968899.000,2024-07-03 01:55:13.648
BTC,SELL,0.0030,9968826.000,2024-07-03 01:55:13.648
BTC,SELL,0.0004,9968824.000,2024-07-03 01:55:13.648
BTC,SELL,0.0089,9968749.000,2024-07-03 01:55:13.648
BTC,SELL,0.0010,9990005.000,2024-07-03 01:55:13.721
BTC,SELL,0.0011,9968749.000,2024-07-03 01:55:13.721
BTC,SELL,0.0010,9966888.000,2024-07-03 01:55:13.721
BTC,SELL,0.0010,9966154.000,2024-07-03 01:55:13.721
BTC,SELL,0.0001,9965016.000,2024-07-03 01:55:13.721
BTC,SELL,0.0010,9965000.000,2024-07-03 01:55:13.721
BTC,SELL,0.0007,9965000.000,2024-07-03 01:55:13.753
BTC,SELL,0.0090,9965000.000,2024-07-03 01:55:13.911
BTC,SELL,0.0100,9965000.000,2024-07-03 01:55:14.093
BTC,SELL,0.0090,9965000.000,2024-07-03 01:55:14.176
BTC,SELL,0.0100,9990005.000,2024-07-03 01:55:14.348
BTC,SELL,0.0022,9990005.000,2024-07-03 01:55:14.496
BTC,SELL,0.0118,9990005.000,2024-07-03 01:55:14.671
BTC,SELL,0.0104,9965000.000,2024-07-03 01:55:14.671
BTC,SELL,0.0010,9968904.000,2024-07-03 01:55:14.974
BTC,SELL,0.0040,9965000.000,2024-07-03 01:55:14.974
BTC,SELL,0.0990,9965000.000,2024-07-03 01:55:15.237
BTC,SELL,0.2269,9965000.000,2024-07-03 01:55:15.391
BTC,SELL,0.0954,9965000.000,2024-07-03 01:55:15.391
BTC,SELL,0.0050,9965000.000,2024-07-03 01:55:15.688
BTC,SELL,0.0160,9965000.000,2024-07-03 01:55:16.288
BTC,SELL,0.1573,9965000.000,2024-07-03 01:55:16.386
BTC,SELL,0.0160,9965000.000,2024-07-03 01:55:16.538
BTC,SELL,0.0050,9965000.000,2024-07-03 01:55:16.737
BTC,SELL,0.0001,9965000.000,2024-07-03 01:55:16.740
BTC,SELL,0.2902,9965000.000,2024-07-03 01:55:17.184
BTC,SELL,0.0020,9964847.000,2024-07-03 01:55:17.184
BTC,SELL,0.0009,9964000.000,2024-07-03 01:55:17.184
BTC,SELL,0.0005,9963999.000,2024-07-03 01:55:17.184
BTC,SELL,0.0001,9963632.000,2024-07-03 01:55:17.184
BTC,SELL,0.0001,9963632.000,2024-07-03 01:55:17.184
BTC,SELL,0.0142,9963000.000,2024-07-03 01:55:17.184
BTC,SELL,0.0010,9963000.000,2024-07-03 01:55:17.270
BTC,SELL,0.0010,9963000.000,2024-07-03 01:55:17.435
BTC,SELL,0.0070,9963000.000,2024-07-03 01:55:17.440
BTC,SELL,0.0050,9963000.000,2024-07-03 01:55:18.209
BTC,SELL,0.0030,9963000.000,2024-07-03 01:55:18.375
BTC,SELL,0.0088,9963000.000,2024-07-03 01:55:19.026
BTC,SELL,0.0050,9960000.000,2024-07-03 01:55:19.724
BTC,SELL,0.0050,9960000.000,2024-07-03 01:55:20.413
BTC,SELL,0.0001,9960000.000,2024-07-03 01:55:20.413
BTC,SELL,0.0001,9960000.000,2024-07-03 01:55:20.413
BTC,SELL,0.0001,9960000.000,2024-07-03 01:55:20.413
BTC,SELL,0.0001,9960000.000,2024-07-03 01:55:20.413
BTC,SELL,0.0001,9960000.000,2024-07-03 01:55:20.413
BTC,SELL,0.0003,9960000.000,2024-07-03 01:55:20.413
BTC,SELL,0.0001,9960000.000,2024-07-03 01:55:20.413
BTC,SELL,0.0010,9960000.000,2024-07-03 01:55:20.413
BTC,SELL,0.0001,9960000.000,2024-07-03 01:55:20.413
BTC,SELL,0.0019,9960000.000,2024-07-03 01:55:20.427
BTC,SELL,0.0010,9960000.000,2024-07-03 01:55:20.427
BTC,SELL,0.0010,9955972.000,2024-07-03 01:55:20.427
BTC,SELL,0.0010,9955032.000,2024-07-03 01:55:20.427
BTC,SELL,0.0020,9951600.000,2024-07-03 01:55:20.427
BTC,SELL,0.0010,9950221.000,2024-07-03 01:55:20.427
BTC,SELL,0.0195,9950080.000,2024-07-03 01:55:20.427
BTC,SELL,0.0001,9950080.000,2024-07-03 01:55:20.487
BTC,BUY,0.0050,9950081.000,2024-07-03 01:55:21.242
BTC,SELL,0.0092,9950080.000,2024-07-03 01:55:21.408
BTC,SELL,0.0001,9950080.000,2024-07-03 01:55:21.719
BTC,BUY,0.0050,9950081.000,2024-07-03 01:55:22.031
BTC,BUY,0.0050,9950081.000,2024-07-03 01:55:22.255
BTC,BUY,0.0150,9950081.000,2024-07-03 01:55:22.306
BTC,BUY,0.0300,9950081.000,2024-07-03 01:55:22.306
BTC,BUY,0.0050,9950081.000,2024-07-03 01:55:22.306
BTC,BUY,0.0050,9950081.000,2024-07-03 01:55:22.507
BTC,BUY,0.0010,9950160.000,2024-07-03 01:55:22.507
BTC,BUY,0.0100,9950160.000,2024-07-03 01:55:22.742
BTC,BUY,0.0015,9950160.000,2024-07-03 01:55:22.744
BTC,BUY,0.0015,9960000.000,2024-07-03 01:55:22.744
BTC,BUY,0.0085,9960000.000,2024-07-03 01:55:22.879
BTC,BUY,0.0050,9960001.000,2024-07-03 01:55:22.879
BTC,BUY,0.0161,9960031.000,2024-07-03 01:55:22.879
BTC,BUY,0.0100,9961381.000,2024-07-03 01:55:22.879
BTC,BUY,0.0104,9963000.000,2024-07-03 01:55:22.879
BTC,BUY,0.0088,9962960.000,2024-07-03 01:55:24.471
BTC,BUY,0.0037,9962960.000,2024-07-03 01:55:24.870
BTC,BUY,0.0038,9963001.000,2024-07-03 01:55:24.870
BTC,BUY,0.0130,9963001.000,2024-07-03 01:55:24.870
BTC,BUY,0.0295,9965000.000,2024-07-03 01:55:24.870
BTC,BUY,0.0050,9962960.000,2024-07-03 01:55:30.184
BTC,BUY,0.0450,9964999.000,2024-07-03 01:55:30.184
BTC,SELL,0.0001,9962959.000,2024-07-03 01:55:30.556
BTC,BUY,0.0012,9964950.000,2024-07-03 01:55:31.449
BTC,BUY,0.0008,9968899.000,2024-07-03 01:55:36.867
BTC,BUY,0.0001,9970468.000,2024-07-03 01:55:36.867
BTC,BUY,0.0490,9973959.000,2024-07-03 01:55:36.867
BTC,SELL,0.0020,9965185.000,2024-07-03 01:55:36.939
BTC,SELL,0.0280,9965000.000,2024-07-03 01:55:36.939
BTC,SELL,0.0002,9968895.000,2024-07-03 01:55:40.685
BTC,SELL,0.0097,9968895.000,2024-07-03 01:55:40.685
BTC,SELL,0.0003,9968895.000,2024-07-03 01:55:41.044
BTC,SELL,0.0066,9959434.000,2024-07-03 01:55:43.934
BTC,SELL,0.0010,9956007.000,2024-07-03 01:55:45.204
BTC,SELL,0.0010,9956007.000,2024-07-03 01:55:45.503
BTC,SELL,0.0010,9955445.000,2024-07-03 01:55:45.885
BTC,SELL,0.0010,9955445.000,2024-07-03 01:55:46.238
BTC,SELL,0.0010,9957109.000,2024-07-03 01:55:46.631
BTC,SELL,0.0010,9957109.000,2024-07-03 01:55:46.994
BTC,SELL,0.0010,9957109.000,2024-07-03 01:55:47.483
BTC,SELL,0.0010,9957109.000,2024-07-03 01:55:47.865
BTC,SELL,0.0010,9957109.000,2024-07-03 01:55:48.322
BTC,BUY,0.0500,9957110.000,2024-07-03 01:55:48.391
BTC,SELL,0.0010,9957109.000,2024-07-03 01:55:48.522
BTC,SELL,0.0010,9957109.000,2024-07-03 01:55:48.669
BTC,SELL,0.0010,9957109.000,2024-07-03 01:55:48.818
BTC,SELL,0.0010,9957109.000,2024-07-03 01:55:48.948
BTC,SELL,0.0010,9957109.000,2024-07-03 01:55:49.128
BTC,SELL,0.0001,9957109.000,2024-07-03 01:55:49.223
BTC,SELL,0.0009,9955811.000,2024-07-03 01:55:49.223
BTC,SELL,0.0010,9955811.000,2024-07-03 01:55:49.360
BTC,SELL,0.0010,9955811.000,2024-07-03 01:55:49.487
BTC,BUY,0.0200,9957110.000,2024-07-03 01:55:49.565
BTC,BUY,0.3800,9958170.000,2024-07-03 01:55:49.565
BTC,BUY,0.4000,9957110.000,2024-07-03 01:55:49.705
BTC,BUY,0.0020,9957470.000,2024-07-03 01:56:02.954
BTC,BUY,0.0100,9957471.000,2024-07-03 01:56:02.954
BTC,BUY,0.0031,9957640.000,2024-07-03 01:56:02.954
BTC,BUY,0.1200,9958170.000,2024-07-03 01:56:02.954
BTC,BUY,0.0001,9958700.000,2024-07-03 01:56:02.954
BTC,BUY,0.0648,9959230.000,2024-07-03 01:56:02.954
BTC,BUY,0.0300,9959200.000,2024-07-03 01:56:04.897
BTC,BUY,0.0100,9951141.000,2024-07-03 01:56:12.132
BTC,BUY,0.0200,9951141.000,2024-07-03 01:56:12.132
BTC,BUY,0.0100,9951141.000,2024-07-03 01:56:24.232
BTC,BUY,0.0015,9951810.000,2024-07-03 01:56:54.023
BTC,BUY,0.0001,9952340.000,2024-07-03 01:57:05.535
BTC,BUY,0.0098,9952870.000,2024-07-03 01:57:06.327
BTC,BUY,0.0008,9953400.000,2024-07-03 01:57:09.535
BTC,BUY,0.0085,9953930.000,2024-07-03 01:57:12.700
BTC,BUY,0.0048,9953930.000,2024-07-03 01:57:12.904
BTC,BUY,0.0010,9954460.000,2024-07-03 01:57:14.223
BTC,BUY,0.0039,9956580.000,2024-07-03 01:57:15.235
BTC,BUY,0.0050,9956580.000,2024-07-03 01:57:15.237
BTC,BUY,0.0010,9956580.000,2024-07-03 01:57:15.565
BTC,BUY,0.0050,9958170.000,2024-07-03 01:57:15.763
BTC,BUY,0.0100,9958700.000,2024-07-03 01:57:16.769
BTC,BUY,0.0100,9959230.000,2024-07-03 01:57:17.252
BTC,BUY,0.0012,9959230.000,2024-07-03 01:57:17.408
BTC,BUY,0.0200,9960820.000,2024-07-03 01:57:21.411
BTC,BUY,0.0050,9962410.000,2024-07-03 01:57:24.042
BTC,BUY,0.0050,9963470.000,2024-07-03 01:57:26.897
BTC,BUY,0.0050,9964530.000,2024-07-03 01:57:27.393
BTC,BUY,0.0050,9964530.000,2024-07-03 01:57:27.498
BTC,SELL,0.0004,9964530.000,2024-07-03 01:57:36.590
BTC,BUY,0.0010,9965060.000,2024-07-03 01:57:51.291
BTC,BUY,0.0290,9965590.000,2024-07-03 01:57:51.291
BTC,BUY,0.0001,9966120.000,2024-07-03 01:57:54.038
BTC,BUY,0.0300,9966650.000,2024-07-03 01:57:57.748
BTC,BUY,0.0300,9967180.000,2024-07-03 01:58:20.312
BTC,BUY,0.0050,9967180.000,2024-07-03 01:58:36.604
BTC,BUY,0.0032,9967180.000,2024-07-03 01:58:36.669
BTC,BUY,0.0500,9967180.000,2024-07-03 01:58:40.126
BTC,BUY,0.0050,9967180.000,2024-07-03 01:58:40.539
BTC,BUY,0.0001,9967180.000,2024-07-03 01:58:43.720
BTC,BUY,0.0001,9967180.000,2024-07-03 01:58:47.646
BTC,BUY,0.0150,9967180.000,2024-07-03 01:58:54.229
BTC,BUY,0.0050,9967701.000,2024-07-03 01:59:06.636
BTC,BUY,0.0100,9968240.000,2024-07-03 01:59:17.358
BTC,BUY,0.0001,9968770.000,2024-07-03 01:59:37.963
BTC,BUY,0.0100,9969300.000,2024-07-03 01:59:55.304
BTC,BUY,0.0010,9969830.000,2024-07-03 02:00:08.580
BTC,BUY,0.0100,9970360.000,2024-07-03 02:00:09.456
BTC,SELL,0.0001,9970360.000,2024-07-03 02:00:25.167
BTC,SELL,0.0099,9970000.000,2024-07-03 02:00:25.167
BTC,BUY,0.0010,9970001.000,2024-07-03 02:00:41.288
BTC,SELL,0.0001,9970000.000,2024-07-03 02:01:04.960
BTC,BUY,0.0040,9970000.000,2024-07-03 02:01:05.234
BTC,BUY,0.0005,9969449.000,2024-07-03 02:01:20.802
BTC,BUY,0.0005,9968997.000,2024-07-03 02:01:42.000
BTC,BUY,0.0001,9969299.000,2024-07-03 02:02:28.806
BTC,BUY,0.0060,9968998.000,2024-07-03 02:03:00.829
BTC,BUY,0.0010,9968998.000,2024-07-03 02:03:05.632
BTC,BUY,0.0001,9968998.000,2024-07-03 02:03:08.699
BTC,BUY,0.0005,9968998.000,2024-07-03 02:03:12.590
BTC,BUY,0.0071,9969300.000,2024-07-03 02:03:30.014
BTC,BUY,0.0001,9969830.000,2024-07-03 02:03:40.251
BTC,BUY,0.0002,9969000.000,2024-07-03 02:04:33.200
BTC,SELL,0.0001,9968997.000,2024-07-03 02:04:54.929
BTC,SELL,0.0001,9968997.000,2024-07-03 02:04:54.929
BTC,SELL,0.0001,9968997.000,2024-07-03 02:04:55.928
BTC,SELL,0.0001,9967314.000,2024-07-03 02:04:55.928
BTC,SELL,0.0098,9967000.000,2024-07-03 02:04:55.928
BTC,SELL,0.0022,9967000.000,2024-07-03 02:04:56.432
BTC,SELL,0.0011,9966666.000,2024-07-03 02:04:58.455
BTC,SELL,0.0010,9965001.000,2024-07-03 02:04:59.495
BTC,SELL,0.0020,9965000.000,2024-07-03 02:04:59.600
BTC,SELL,0.0005,9961100.000,2024-07-03 02:04:59.600
BTC,SELL,0.0010,9960000.000,2024-07-03 02:04:59.600
BTC,SELL,0.0015,9957741.000,2024-07-03 02:04:59.600
BTC,BUY,0.0001,9958160.000,2024-07-03 02:05:12.122
BTC,SELL,0.0002,9958159.000,2024-07-03 02:05:13.399
BTC,BUY,0.0008,9954640.000,2024-07-03 02:05:16.630
BTC,BUY,0.0001,9954960.000,2024-07-03 02:05:31.130
BTC,BUY,0.0001,9954990.000,2024-07-03 02:05:42.136
BTC,SELL,0.0050,9953000.000,2024-07-03 02:06:12.995
BTC,BUY,0.0100,9953360.000,2024-07-03 02:06:16.800
BTC,BUY,0.0002,9953930.000,2024-07-03 02:06:20.685
BTC,BUY,0.0002,9954400.000,2024-07-03 02:06:21.490
BTC,BUY,0.0013,9954400.000,2024-07-03 02:06:21.493
BTC,BUY,0.0021,9954990.000,2024-07-03 02:06:23.865
BTC,BUY,0.0333,9954990.000,2024-07-03 02:06:23.930
BTC,BUY,0.0050,9954990.000,2024-07-03 02:06:23.992
BTC,BUY,0.0100,9954990.000,2024-07-03 02:06:24.058
BTC,BUY,0.0125,9954960.000,2024-07-03 02:06:25.353
BTC,BUY,0.1000,9955520.000,2024-07-03 02:06:27.370
BTC,BUY,0.0001,9956050.000,2024-07-03 02:06:28.444
BTC,BUY,0.0008,9956560.000,2024-07-03 02:06:36.048
BTC,BUY,0.0038,9957640.000,2024-07-03 02:06:44.061
BTC,BUY,0.0008,9958700.000,2024-07-03 02:06:54.104
BTC,BUY,0.0003,9958700.000,2024-07-03 02:06:54.266
BTC,BUY,0.0001,9960820.000,2024-07-03 02:07:03.432
BTC,BUY,0.0050,9961350.000,2024-07-03 02:07:09.497
BTC,BUY,0.0001,9961880.000,2024-07-03 02:07:26.193
BTC,BUY,0.0117,9962400.000,2024-07-03 02:07:26.193
BTC,BUY,0.0382,9962410.000,2024-07-03 02:07:26.193
BTC,SELL,0.0050,9962939.000,2024-07-03 02:07:53.693
BTC,BUY,0.0050,9963470.000,2024-07-03 02:08:39.313
BTC,BUY,0.0010,9963999.000,2024-07-03 02:08:49.843
BTC,BUY,0.0090,9964518.000,2024-07-03 02:08:55.587
BTC,BUY,0.0010,9964519.000,2024-07-03 02:08:55.587
BTC,BUY,0.0020,9963470.000,2024-07-03 02:09:28.315
BTC,BUY,0.0003,9963470.000,2024-07-03 02:09:54.851
BTC,SELL,0.0005,9963469.000,2024-07-03 02:10:02.984
BTC,BUY,0.0020,9963470.000,2024-07-03 02:10:04.028
BTC,BUY,0.0100,9963550.000,2024-07-03 02:10:32.346
BTC,SELL,0.0030,9963549.000,2024-07-03 02:10:36.394
BTC,SELL,0.0002,9963549.000,2024-07-03 02:10:50.944
BTC,SELL,0.0005,9963469.000,2024-07-03 02:10:52.254
BTC,SELL,0.0002,9963399.000,2024-07-03 02:10:57.136
BTC,SELL,0.0002,9961450.000,2024-07-03 02:11:00.633
BTC,SELL,0.0002,9961450.000,2024-07-03 02:11:00.633
BTC,SELL,0.0006,9955070.000,2024-07-03 02:11:00.633
BTC,BUY,0.0009,9955520.000,2024-07-03 02:11:29.243
BTC,BUY,0.0020,9956050.000,2024-07-03 02:11:37.803
BTC,SELL,0.0002,9956579.000,2024-07-03 02:11:49.598
BTC,SELL,0.0048,9956579.000,2024-07-03 02:11:49.598
BTC,SELL,0.0002,9957109.000,2024-07-03 02:12:01.239
BTC,BUY,0.1081,9956579.000,2024-07-03 02:12:05.683
BTC,BUY,0.0100,9955693.000,2024-07-03 02:13:30.281
BTC,BUY,0.0001,9956579.000,2024-07-03 02:15:05.891
BTC,BUY,0.0009,9956579.000,2024-07-03 02:15:35.963
BTC,SELL,0.0125,9956400.000,2024-07-03 02:15:40.826
BTC,SELL,0.0990,9956400.000,2024-07-03 02:15:40.826
BTC,BUY,0.0010,9956400.000,2024-07-03 02:15:44.088
BTC,BUY,0.0050,9956400.000,2024-07-03 02:15:58.966
BTC,SELL,0.0100,9956399.000,2024-07-03 02:16:07.680
BTC,SELL,0.0700,9956399.000,2024-07-03 02:16:07.680
BTC,BUY,0.0002,9956399.000,2024-07-03 02:16:11.188
BTC,BUY,0.0001,9956399.000,2024-07-03 02:16:31.840
BTC,BUY,0.0003,9956399.000,2024-07-03 02:16:38.213
BTC,SELL,0.0004,9956327.000,2024-07-03 02:16:47.308
BTC,SELL,0.0010,9955800.000,2024-07-03 02:17:03.027
BTC,BUY,0.0010,9955974.000,2024-07-03 02:17:03.517
BTC,BUY,0.0001,9956050.000,2024-07-03 02:17:37.150
BTC,BUY,0.0100,9956001.000,2024-07-03 02:18:38.684
BTC,SELL,0.0050,9956000.000,2024-07-03 02:18:53.430
BTC,SELL,0.0001,9956000.000,2024-07-03 02:18:53.430
BTC,BUY,0.0002,9955698.000,2024-07-03 02:18:55.859
BTC,BUY,0.0100,9956000.000,2024-07-03 02:19:27.424
BTC,SELL,0.0002,9955999.000,2024-07-03 02:19:44.391
BTC,SELL,0.0110,9955999.000,2024-07-03 02:19:44.391
BTC,SELL,0.0001,9955698.000,2024-07-03 02:20:02.995
BTC,SELL,0.0001,9954523.000,2024-07-03 02:20:02.995
BTC,SELL,0.0003,9953920.000,2024-07-03 02:20:02.995
BTC,SELL,0.0700,9954001.000,2024-07-03 02:20:14.842
BTC,SELL,0.0122,9954000.000,2024-07-03 02:20:14.842
BTC,SELL,0.0250,9953871.000,2024-07-03 02:20:14.842
BTC,SELL,0.0050,9953735.000,2024-07-03 02:20:14.842
BTC,SELL,0.0187,9953334.000,2024-07-03 02:20:14.842
BTC,SELL,0.0100,9952200.000,2024-07-03 02:20:14.842
BTC,SELL,0.0591,9950080.000,2024-07-03 02:20:14.842
BTC,BUY,0.0100,9950220.000,2024-07-03 02:20:15.451
BTC,BUY,0.0063,9951810.000,2024-07-03 02:20:17.207
BTC,BUY,0.0003,9951810.000,2024-07-03 02:20:17.321
BTC,BUY,0.0020,9952340.000,2024-07-03 02:20:20.019
BTC,SELL,0.0001,9952620.000,2024-07-03 02:20:30.417
BTC,SELL,0.0001,9952620.000,2024-07-03 02:20:30.417
BTC,SELL,0.0200,9952000.000,2024-07-03 02:20:30.417
BTC,SELL,0.0125,9950560.000,2024-07-03 02:20:30.417
BTC,SELL,0.0700,9950484.000,2024-07-03 02:20:30.417
BTC,SELL,0.0120,9950080.000,2024-07-03 02:20:30.417
BTC,SELL,0.0010,9950001.000,2024-07-03 02:20:30.417
BTC,SELL,0.0100,9950000.000,2024-07-03 02:20:30.417
BTC,SELL,0.0020,9950000.000,2024-07-03 02:20:30.417
BTC,SELL,0.0001,9950000.000,2024-07-03 02:20:30.417
BTC,SELL,0.0001,9950000.000,2024-07-03 02:20:30.417
BTC,SELL,0.0001,9950000.000,2024-07-03 02:20:30.417
BTC,SELL,0.0001,9950000.000,2024-07-03 02:20:30.417
BTC,SELL,0.0005,9950000.000,2024-07-03 02:20:30.417
BTC,SELL,0.0005,9950000.000,2024-07-03 02:20:30.417
BTC,SELL,0.0003,9950000.000,2024-07-03 02:20:30.417
BTC,SELL,0.0001,9950000.000,2024-07-03 02:20:30.417
BTC,SELL,0.0100,9950000.000,2024-07-03 02:20:30.417
BTC,SELL,0.0100,9950000.000,2024-07-03 02:20:30.417
BTC,SELL,0.0050,9950000.000,2024-07-03 02:20:30.417
BTC,SELL,0.0010,9950000.000,2024-07-03 02:20:30.417
BTC,SELL,0.0100,9950000.000,2024-07-03 02:20:30.417
BTC,SELL,0.0345,9950000.000,2024-07-03 02:20:30.417
BTC,BUY,0.0005,9950750.000,2024-07-03 02:20:48.082
BTC,BUY,0.0026,9951280.000,2024-07-03 02:20:53.083
BTC,SELL,0.0007,9951520.000,2024-07-03 02:21:18.004
BTC,SELL,0.0004,9950450.000,2024-07-03 02:21:18.004
BTC,SELL,0.0147,9950000.000,2024-07-03 02:21:18.004
BTC,BUY,0.0100,9950749.000,2024-07-03 02:21:30.252
BTC,BUY,0.0175,9951280.000,2024-07-03 02:21:49.188
BTC,BUY,0.0100,9951810.000,2024-07-03 02:22:37.284
BTC,BUY,0.0001,9952340.000,2024-07-03 02:24:05.037
BTC,BUY,0.0001,9952870.000,2024-07-03 02:24:21.427
BTC,BUY,0.0001,9953400.000,2024-07-03 02:24:32.165
BTC,SELL,0.0054,9952008.000,2024-07-03 02:28:25.049
BTC,SELL,0.0100,9950808.000,2024-07-03 02:28:57.876
BTC,BUY,0.0020,9951008.000,2024-07-03 02:29:03.086
BTC,SELL,0.0040,9950908.000,2024-07-03 02:30:01.013
BTC,SELL,0.0005,9950908.000,2024-07-03 02:30:02.627
BTC,BUY,0.0030,9951000.000,2024-07-03 02:30:43.407
BTC,BUY,0.0002,9951000.000,2024-07-03 02:31:02.762
BTC,BUY,0.0068,9951000.000,2024-07-03 02:31:08.605
BTC,BUY,0.0953,9951008.000,2024-07-03 02:31:08.605
BTC,BUY,0.0008,9951008.000,2024-07-03 02:31:36.423
BTC,BUY,0.0088,9951008.000,2024-07-03 02:31:37.563
BTC,SELL,0.0070,9950919.000,2024-07-03 02:31:42.789
BTC,BUY,0.0001,9951008.000,2024-07-03 02:32:00.849
BTC,BUY,0.0054,9951008.000,2024-07-03 02:32:01.853
BTC,BUY,0.0011,9951008.000,2024-07-03 02:32:17.708
BTC,BUY,0.0100,9951008.000,2024-07-03 02:32:17.712
BTC,BUY,0.0030,9951008.000,2024-07-03 02:32:17.873
BTC,BUY,0.0001,9951008.000,2024-07-03 02:32:17.911
BTC,BUY,0.0007,9951008.000,2024-07-03 02:32:18.092
BTC,BUY,0.0100,9951008.000,2024-07-03 02:32:19.174
BTC,BUY,0.0100,9951008.000,2024-07-03 02:32:19.178
BTC,BUY,0.0200,9951008.000,2024-07-03 02:32:19.684
BTC,BUY,0.0800,9951008.000,2024-07-03 02:32:20.453
BTC,BUY,0.0114,9951008.000,2024-07-03 02:32:23.520
BTC,BUY,0.0010,9951008.000,2024-07-03 02:32:25.868
BTC,SELL,0.0100,9951007.000,2024-07-03 02:32:27.066
BTC,SELL,0.0133,9951007.000,2024-07-03 02:32:27.066
BTC,SELL,0.0125,9950960.000,2024-07-03 02:32:27.066
BTC,SELL,0.0200,9950935.000,2024-07-03 02:32:27.066
BTC,SELL,0.0009,9950908.000,2024-07-03 02:32:27.066
BTC,SELL,0.0001,9950908.000,2024-07-03 02:32:27.066
BTC,BUY,0.0001,9950900.000,2024-07-03 02:32:28.185
BTC,SELL,0.0100,9950899.000,2024-07-03 02:32:40.669
BTC,BUY,0.0064,9950899.000,2024-07-03 02:32:42.971
BTC,BUY,0.0009,9950899.000,2024-07-03 02:32:47.708
BTC,BUY,0.0500,9950899.000,2024-07-03 02:32:52.641
BTC,BUY,0.0100,9950899.000,2024-07-03 02:33:03.841
BTC,BUY,0.3500,9950899.000,2024-07-03 02:33:04.021
BTC,BUY,0.0100,9954460.000,2024-07-03 02:33:29.074
BTC,BUY,0.0001,9955520.000,2024-07-03 02:33:29.743
BTC,BUY,0.0050,9956810.000,2024-07-03 02:34:49.224
BTC,BUY,0.0047,9957109.000,2024-07-03 02:34:49.224
BTC,BUY,0.0003,9958700.000,2024-07-03 02:34:49.224
BTC,BUY,0.0054,9956300.000,2024-07-03 02:36:10.172
BTC,BUY,0.0001,9956580.000,2024-07-03 02:37:55.529
BTC,SELL,0.0054,9956580.000,2024-07-03 02:38:18.217
BTC,SELL,0.0062,9956650.000,2024-07-03 02:38:18.913
BTC,BUY,0.0002,9956874.000,2024-07-03 02:38:32.109
BTC,BUY,0.0990,9956301.000,2024-07-03 02:38:46.398
BTC,BUY,0.0100,9956301.000,2024-07-03 02:38:46.398
BTC,BUY,0.0700,9956301.000,2024-07-03 02:38:46.398
BTC,BUY,0.0125,9956320.000,2024-07-03 02:38:46.398
BTC,BUY,0.0300,9957220.000,2024-07-03 02:38:46.398
BTC,BUY,0.0901,9957275.000,2024-07-03 02:38:46.398
BTC,BUY,0.0895,9957350.000,2024-07-03 02:38:46.398
BTC,BUY,0.0502,9957472.000,2024-07-03 02:38:46.398
BTC,BUY,0.2487,9957640.000,2024-07-03 02:38:46.398
BTC,SELL,0.0010,9956300.000,2024-07-03 02:38:48.385
BTC,SELL,0.0030,9955520.000,2024-07-03 02:38:48.385
BTC,SELL,0.0004,9955000.000,2024-07-03 02:38:48.385
BTC,SELL,0.0456,9951280.000,2024-07-03 02:38:48.385
BTC,SELL,0.0020,9950808.000,2024-07-03 02:39:04.739
BTC,SELL,0.0057,9950343.000,2024-07-03 02:39:04.739
BTC,SELL,0.0508,9950000.000,2024-07-03 02:39:04.739
BTC,SELL,0.0001,9950000.000,2024-07-03 02:39:04.739
BTC,SELL,0.0001,9950000.000,2024-07-03 02:39:04.739
BTC,SELL,0.0100,9950000.000,2024-07-03 02:39:04.739
BTC,SELL,0.0020,9950000.000,2024-07-03 02:39:04.739
BTC,SELL,0.0130,9950000.000,2024-07-03 02:39:04.739
BTC,SELL,0.0100,9950000.000,2024-07-03 02:39:04.739
BTC,SELL,0.0050,9950000.000,2024-07-03 02:39:04.739
BTC,SELL,0.0100,9950000.000,2024-07-03 02:39:04.739
BTC,SELL,0.1797,9950000.000,2024-07-03 02:39:04.739
BTC,SELL,0.0020,9950000.000,2024-07-03 02:39:24.992
BTC,BUY,0.3905,9950220.000,2024-07-03 02:39:25.889
BTC,BUY,0.1095,9950750.000,2024-07-03 02:39:25.889
BTC,SELL,0.0005,9950000.000,2024-07-03 02:40:02.794
BTC,SELL,0.0178,9950000.000,2024-07-03 02:40:09.873
BTC,SELL,0.0020,9950000.000,2024-07-03 02:40:09.873
BTC,SELL,0.0001,9950000.000,2024-07-03 02:40:09.873
BTC,SELL,0.0800,9950000.000,2024-07-03 02:40:09.873
BTC,SELL,0.0001,9950000.000,2024-07-03 02:40:09.873
BTC,SELL,0.0100,9950000.000,2024-07-03 02:40:20.839
BTC,SELL,0.0099,9950000.000,2024-07-03 02:40:21.378
BTC,SELL,0.0001,9950000.000,2024-07-03 02:40:21.378
BTC,SELL,0.0004,9950000.000,2024-07-03 02:40:21.381
BTC,SELL,0.0010,9950000.000,2024-07-03 02:40:21.381
BTC,SELL,0.0010,9950000.000,2024-07-03 02:40:21.381
BTC,SELL,0.0001,9950000.000,2024-07-03 02:40:21.381
BTC,SELL,0.0027,9950000.000,2024-07-03 02:40:21.381
BTC,SELL,0.0002,9950000.000,2024-07-03 02:40:21.381
BTC,SELL,0.0005,9949997.000,2024-07-03 02:40:21.664
BTC,SELL,0.0001,9949876.000,2024-07-03 02:40:21.664
BTC,SELL,0.0001,9949044.000,2024-07-03 02:40:21.664
BTC,SELL,0.0010,9948000.000,2024-07-03 02:40:21.664
BTC,SELL,0.0033,9948000.000,2024-07-03 02:40:21.664
BTC,BUY,0.0010,9950001.000,2024-07-03 02:40:21.729
BTC,SELL,0.0017,9948000.000,2024-07-03 02:40:24.902
BTC,SELL,0.0001,9948000.000,2024-07-03 02:40:24.902
BTC,SELL,0.0002,9945000.000,2024-07-03 02:40:26.263
BTC,SELL,0.0009,9944060.000,2024-07-03 02:40:26.263
BTC,SELL,0.0009,9943910.000,2024-07-03 02:40:26.263
BTC,BUY,0.0300,9943911.000,2024-07-03 02:40:35.412
BTC,BUY,0.0700,9943911.000,2024-07-03 02:40:35.412
BTC,BUY,0.1000,9943911.000,2024-07-03 02:40:35.412
BTC,BUY,0.1000,9943911.000,2024-07-03 02:40:35.412
BTC,SELL,0.0001,9943910.000,2024-07-03 02:41:20.704
BTC,SELL,0.0005,9941999.000,2024-07-03 02:41:21.592
BTC,SELL,0.0005,9940000.000,2024-07-03 02:41:21.592
BTC,SELL,0.0050,9940000.000,2024-07-03 02:41:22.318
BTC,SELL,0.0045,9940000.000,2024-07-03 02:41:22.811
BTC,SELL,0.0001,9940000.000,2024-07-03 02:41:22.811
BTC,SELL,0.0001,9940000.000,2024-07-03 02:41:22.811
BTC,SELL,0.0001,9940000.000,2024-07-03 02:41:22.811
BTC,SELL,0.0001,9940000.000,2024-07-03 02:41:22.811
BTC,SELL,0.0001,9940000.000,2024-07-03 02:41:22.811
BTC,SELL,0.0002,9940000.000,2024-07-03 02:41:23.780
BTC,SELL,0.0001,9940000.000,2024-07-03 02:41:23.780
BTC,SELL,0.0097,9940000.000,2024-07-03 02:41:23.780
BTC,SELL,0.0200,9940000.000,2024-07-03 02:41:23.786
BTC,SELL,0.0050,9940000.000,2024-07-03 02:41:23.798
BTC,SELL,0.0653,9940000.000,2024-07-03 02:41:23.954
BTC,SELL,0.0001,9940000.000,2024-07-03 02:41:23.954
BTC,SELL,0.0346,9940000.000,2024-07-03 02:41:23.954
BTC,SELL,0.0154,9940000.000,2024-07-03 02:41:24.290
BTC,SELL,0.0001,9939601.000,2024-07-03 02:41:24.290
BTC,SELL,0.0020,9938939.000,2024-07-03 02:41:24.295
BTC,SELL,0.0020,9937279.000,2024-07-03 02:41:24.295
BTC,SELL,0.0004,9935000.000,2024-07-03 02:41:24.295
BTC,SELL,0.0010,9932788.000,2024-07-03 02:41:24.295
BTC,SELL,0.0001,9931167.000,2024-07-03 02:41:24.295
BTC,SELL,0.0005,9930473.000,2024-07-03 02:41:24.295
BTC,SELL,0.0050,9930473.000,2024-07-03 02:41:24.301
BTC,BUY,0.0003,9930610.000,2024-07-03 02:41:27.994
BTC,BUY,0.0008,9931140.000,2024-07-03 02:41:30.572
BTC,BUY,0.0003,9930500.000,2024-07-03 02:43:06.319
BTC,BUY,0.0097,9930500.000,2024-07-03 02:43:11.248
BTC,BUY,0.2903,9930610.000,2024-07-03 02:43:11.248
BTC,BUY,0.0010,9930599.000,2024-07-03 02:43:39.408
BTC,SELL,0.0001,9930472.000,2024-07-03 02:44:12.678
BTC,SELL,0.0002,9930472.000,2024-07-03 02:44:12.678
BTC,SELL,0.0097,9930000.000,2024-07-03 02:44:12.678
BTC,SELL,0.0003,9930000.000,2024-07-03 02:44:13.486
BTC,SELL,0.0001,9930000.000,2024-07-03 02:44:13.486
BTC,SELL,0.0096,9930000.000,2024-07-03 02:44:13.486
BTC,SELL,0.0050,9930000.000,2024-07-03 02:44:13.765
BTC,SELL,0.0100,9930000.000,2024-07-03 02:44:14.008
BTC,BUY,0.0300,9930050.000,2024-07-03 02:44:14.597
BTC,SELL,0.0004,9930000.000,2024-07-03 02:44:19.316
BTC,SELL,0.0001,9930000.000,2024-07-03 02:44:19.316
BTC,SELL,0.0001,9930000.000,2024-07-03 02:44:19.316
BTC,SELL,0.0001,9930000.000,2024-07-03 02:44:19.316
BTC,SELL,0.0010,9930000.000,2024-07-03 02:44:19.316
BTC,SELL,0.0001,9930000.000,2024-07-03 02:44:19.316
BTC,SELL,0.0020,9930000.000,2024-07-03 02:44:19.316
BTC,SELL,0.0003,9930000.000,2024-07-03 02:44:19.316
BTC,SELL,0.0010,9930000.000,2024-07-03 02:44:19.316
BTC,SELL,0.0020,9930000.000,2024-07-03 02:44:19.316
BTC,SELL,0.0005,9929948.000,2024-07-03 02:44:19.531
BTC,SELL,0.0002,9925200.000,2024-07-03 02:44:19.531
BTC,SELL,0.0005,9923651.000,2024-07-03 02:44:19.531
BTC,SELL,0.0018,9923494.000,2024-07-03 02:44:19.531
BTC,SELL,0.0003,9923181.000,2024-07-03 02:44:22.873
BTC,SELL,0.0002,9921993.000,2024-07-03 02:44:22.873
BTC,SELL,0.0010,9921666.000,2024-07-03 02:44:22.873
BTC,SELL,0.0035,9921200.000,2024-07-03 02:44:22.873
BTC,SELL,0.0003,9920001.000,2024-07-03 02:44:22.873
BTC,SELL,0.0001,9920000.000,2024-07-03 02:44:22.873
BTC,SELL,0.0300,9920000.000,2024-07-03 02:44:22.873
BTC,SELL,0.0100,9920000.000,2024-07-03 02:44:22.873
BTC,SELL,0.0001,9920000.000,2024-07-03 02:44:22.873
BTC,SELL,0.0001,9920000.000,2024-07-03 02:44:22.873
BTC,SELL,0.0028,9920000.000,2024-07-03 02:44:22.873
BTC,SELL,0.0181,9920000.000,2024-07-03 02:44:22.965
BTC,SELL,0.0181,9920000.000,2024-07-03 02:44:23.381
BTC,SELL,0.0050,9920000.000,2024-07-03 02:44:23.394
BTC,SELL,0.0020,9920000.000,2024-07-03 02:44:23.832
BTC,SELL,0.0004,9920000.000,2024-07-03 02:44:24.519
BTC,BUY,0.0002,9920001.000,2024-07-03 02:44:26.087
BTC,SELL,0.0057,9920001.000,2024-07-03 02:44:30.459
BTC,SELL,0.0002,9920539.000,2024-07-03 02:44:43.481
BTC,SELL,0.0502,9920000.000,2024-07-03 02:44:43.481
BTC,SELL,0.0034,9920000.000,2024-07-03 02:44:43.739
BTC,SELL,0.0001,9920000.000,2024-07-03 02:44:43.739
BTC,SELL,0.0001,9920000.000,2024-07-03 02:44:43.739
BTC,SELL,0.0001,9920000.000,2024-07-03 02:44:43.739
BTC,SELL,0.0013,9920000.000,2024-07-03 02:44:43.739
BTC,BUY,0.0100,9920539.000,2024-07-03 02:44:44.411
BTC,SELL,0.0050,9920000.000,2024-07-03 02:44:54.421
BTC,SELL,0.0037,9920000.000,2024-07-03 02:44:54.901
BTC,SELL,0.0013,9920000.000,2024-07-03 02:44:54.901
BTC,SELL,0.0100,9920000.000,2024-07-03 02:44:55.605
BTC,SELL,0.0030,9920000.000,2024-07-03 02:44:55.760
BTC,SELL,0.0181,9920000.000,2024-07-03 02:44:55.918
BTC,SELL,0.0050,9920000.000,2024-07-03 02:44:56.972
BTC,SELL,0.0050,9920000.000,2024-07-03 02:44:57.999
BTC,SELL,0.0050,9920000.000,2024-07-03 02:44:59.535
BTC,SELL,0.0026,9920000.000,2024-07-03 02:45:02.291
BTC,SELL,0.0001,9920000.000,2024-07-03 02:45:02.291
BTC,SELL,0.0001,9920000.000,2024-07-03 02:45:02.291
BTC,SELL,0.0002,9920000.000,2024-07-03 02:45:02.291
BTC,SELL,0.0001,9920000.000,2024-07-03 02:45:03.996
BTC,SELL,0.0002,9920000.000,2024-07-03 02:45:03.996
BTC,SELL,0.0001,9918905.000,2024-07-03 02:45:05.528
BTC,SELL,0.0001,9918341.000,2024-07-03 02:45:10.939
BTC,SELL,0.0001,9917360.000,2024-07-03 02:45:10.939
BTC,SELL,0.0482,9915035.000,2024-07-03 02:45:10.939
BTC,BUY,0.0010,9915238.000,2024-07-03 02:45:17.091
BTC,BUY,0.0001,9915770.000,2024-07-03 02:45:22.277
BTC,BUY,0.0099,9916300.000,2024-07-03 02:45:22.277
BTC,BUY,0.0010,9916830.000,2024-07-03 02:45:36.554
BTC,BUY,0.0001,9917360.000,2024-07-03 02:45:39.102
BTC,BUY,0.0001,9917890.000,2024-07-03 02:45:40.177
BTC,BUY,0.0009,9918420.000,2024-07-03 02:45:40.177
BTC,BUY,0.0489,9918950.000,2024-07-03 02:45:54.222
BTC,SELL,0.0504,9919479.000,2024-07-03 02:46:01.289
BTC,SELL,0.0002,9920009.000,2024-07-03 02:46:02.606
BTC,BUY,0.0030,9920350.000,2024-07-03 02:46:31.552
BTC,BUY,0.0020,9920350.000,2024-07-03 02:46:31.642
BTC,BUY,0.0500,9920010.000,2024-07-03 02:46:45.971
BTC,BUY,0.0005,9920010.000,2024-07-03 02:46:48.477
BTC,BUY,0.0054,9920010.000,2024-07-03 02:46:50.506
BTC,BUY,0.0010,9920010.000,2024-07-03 02:47:02.614
BTC,BUY,0.0080,9920010.000,2024-07-03 02:47:03.331
BTC,BUY,0.0001,9920540.000,2024-07-03 02:47:20.600
BTC,BUY,0.0100,9921070.000,2024-07-03 02:49:05.678
BTC,BUY,0.0001,9921600.000,2024-07-03 02:49:17.844
BTC,BUY,0.0004,9922130.000,2024-07-03 02:49:17.844
BTC,BUY,0.0001,9922600.000,2024-07-03 02:49:41.650
BTC,SELL,0.0100,9920009.000,2024-07-03 02:49:55.975
BTC,BUY,0.0200,9920449.000,2024-07-03 02:50:00.961
BTC,BUY,0.0001,9920199.000,2024-07-03 02:50:16.861
BTC,BUY,0.0001,9920201.000,2024-07-03 02:51:05.275
BTC,BUY,0.0003,9920100.000,2024-07-03 02:51:10.971
BTC,BUY,0.0005,9920010.000,2024-07-03 02:51:14.350
BTC,BUY,0.0002,9921070.000,2024-07-03 02:52:08.269
BTC,BUY,0.0098,9921600.000,2024-07-03 02:52:08.269
BTC,BUY,0.0005,9923720.000,2024-07-03 02:56:17.296
BTC,BUY,0.0005,9924250.000,2024-07-03 02:56:21.292
BTC,BUY,0.0010,9924780.000,2024-07-03 02:56:40.411
BTC,BUY,0.0100,9924781.000,2024-07-03 02:57:43.478
BTC,BUY,0.0005,9924781.000,2024-07-03 02:57:49.973
BTC,BUY,0.0100,9924781.000,2024-07-03 02:57:52.158
BTC,BUY,0.0030,9925310.000,2024-07-03 02:58:57.964
BTC,BUY,0.0100,9925840.000,2024-07-03 02:59:10.751
BTC,BUY,0.0001,9926370.000,2024-07-03 03:00:02.054
BTC,SELL,0.0005,9926369.000,2024-07-03 03:00:03.609
BTC,BUY,0.0002,9926900.000,2024-07-03 03:00:03.825
BTC,BUY,0.0010,9927430.000,2024-07-03 03:00:06.463
BTC,BUY,0.0010,9927430.000,2024-07-03 03:00:06.598
BTC,BUY,0.0001,9927550.000,2024-07-03 03:00:26.096
BTC,BUY,0.0002,9927549.000,2024-07-03 03:00:26.255
BTC,BUY,0.0008,9927349.000,2024-07-03 03:00:28.839
BTC,BUY,0.0001,9927349.000,2024-07-03 03:00:28.977
BTC,SELL,0.0001,9926899.000,2024-07-03 03:00:56.127
BTC,SELL,0.0004,9926369.000,2024-07-03 03:00:56.127
BTC,BUY,0.0001,9926850.000,2024-07-03 03:00:58.956
BTC,BUY,0.0010,9927429.000,2024-07-03 03:01:41.496
BTC,BUY,0.0001,9927422.000,2024-07-03 03:01:47.841
BTC,BUY,0.0001,9927350.000,2024-07-03 03:02:14.219
BTC,BUY,0.0003,9927350.000,2024-07-03 03:02:32.095
BTC,SELL,0.0050,9927349.000,2024-07-03 03:03:26.462
BTC,SELL,0.0050,9927349.000,2024-07-03 03:03:44.029
BTC,SELL,0.0010,9927000.000,2024-07-03 03:03:49.756
BTC,SELL,0.0040,9927000.000,2024-07-03 03:03:49.756
BTC,SELL,0.0050,9927000.000,2024-07-03 03:03:50.240
BTC,SELL,0.0050,9927000.000,2024-07-03 03:03:50.791
BTC,SELL,0.0050,9927000.000,2024-07-03 03:03:51.263
BTC,SELL,0.0105,9927000.000,2024-07-03 03:03:51.391
BTC,SELL,0.0005,9927000.000,2024-07-03 03:03:53.958
BTC,SELL,0.0045,9924780.000,2024-07-03 03:03:53.958
BTC,BUY,0.0055,9925100.000,2024-07-03 03:04:34.351
BTC,BUY,0.0200,9925100.000,2024-07-03 03:04:54.590
BTC,SELL,0.0010,9924780.000,2024-07-03 03:05:38.860
BTC,SELL,0.0045,9924780.000,2024-07-03 03:05:54.613
BTC,SELL,0.0010,9924780.000,2024-07-03 03:05:54.613
BTC,SELL,0.0015,9923262.000,2024-07-03 03:05:54.613
BTC,BUY,0.0002,9923700.000,2024-07-03 03:06:03.786
BTC,BUY,0.0005,9923700.000,2024-07-03 03:06:20.154
BTC,BUY,0.0006,9923700.000,2024-07-03 03:06:29.420
BTC,SELL,0.0050,9923699.000,2024-07-03 03:07:14.146
BTC,SELL,0.0280,9922436.000,2024-07-03 03:07:24.855
BTC,SELL,0.0030,9921711.000,2024-07-03 03:07:30.407
BTC,SELL,0.0070,9921711.000,2024-07-03 03:08:01.716
BTC,SELL,0.0020,9921700.000,2024-07-03 03:08:01.716
BTC,SELL,0.0010,9921600.000,2024-07-03 03:08:01.716
BTC,SELL,0.0030,9920009.000,2024-07-03 03:08:04.505
BTC,SELL,0.0003,9920000.000,2024-07-03 03:08:04.505
BTC,SELL,0.0017,9920000.000,2024-07-03 03:08:04.505
BTC,SELL,0.0003,9920000.000,2024-07-03 03:08:10.387
BTC,SELL,0.0047,9920000.000,2024-07-03 03:08:10.387
BTC,SELL,0.0004,9920000.000,2024-07-03 03:08:33.755
BTC,BUY,0.0010,9920001.000,2024-07-03 03:09:03.625
BTC,BUY,0.0023,9920001.000,2024-07-03 03:09:15.084
BTC,BUY,0.0001,9920001.000,2024-07-03 03:09:42.543
BTC,BUY,0.0009,9920001.000,2024-07-03 03:09:44.653
BTC,BUY,0.0005,9920001.000,2024-07-03 03:09:45.818
BTC,BUY,0.0020,9920001.000,2024-07-03 03:09:51.081
BTC,SELL,0.0049,9920000.000,2024-07-03 03:09:54.212
BTC,SELL,0.0001,9920000.000,2024-07-03 03:09:54.212
BTC,BUY,0.0010,9917001.000,2024-07-03 03:10:25.249
BTC,SELL,0.0002,9917000.000,2024-07-03 03:10:27.383
BTC,SELL,0.0002,9915000.000,2024-07-03 03:10:27.383
BTC,SELL,0.0071,9914718.000,2024-07-03 03:10:27.383
BTC,SELL,0.0010,9913000.000,2024-07-03 03:10:45.073
BTC,BUY,0.0001,9913000.000,2024-07-03 03:10:45.108
BTC,SELL,0.0002,9912747.000,2024-07-03 03:10:45.912
BTC,SELL,0.0010,9910544.000,2024-07-03 03:10:45.912
BTC,SELL,0.0214,9910000.000,2024-07-03 03:10:45.912
BTC,SELL,0.0050,9910000.000,2024-07-03 03:10:48.959
BTC,SELL,0.0010,9910000.000,2024-07-03 03:10:49.437
BTC,SELL,0.0180,9910000.000,2024-07-03 03:10:49.551
BTC,SELL,0.0096,9910000.000,2024-07-03 03:10:49.662
BTC,SELL,0.0012,9910000.000,2024-07-03 03:10:49.662
BTC,SELL,0.0072,9910000.000,2024-07-03 03:10:49.662
BTC,SELL,0.0028,9910000.000,2024-07-03 03:10:50.412
BTC,SELL,0.0001,9910000.000,2024-07-03 03:10:50.412
BTC,SELL,0.0021,9910000.000,2024-07-03 03:10:50.412
BTC,SELL,0.0050,9910000.000,2024-07-03 03:10:50.965
BTC,SELL,0.0029,9910000.000,2024-07-03 03:10:52.933
BTC,SELL,0.0001,9910000.000,2024-07-03 03:10:52.933
BTC,SELL,0.0001,9910000.000,2024-07-03 03:10:52.933
BTC,SELL,0.0001,9910000.000,2024-07-03 03:10:52.933
BTC,SELL,0.0001,9910000.000,2024-07-03 03:10:52.933
BTC,SELL,0.0010,9910000.000,2024-07-03 03:10:52.933
BTC,SELL,0.0003,9910000.000,2024-07-03 03:10:52.933
BTC,SELL,0.0003,9909449.000,2024-07-03 03:10:53.821
BTC,SELL,0.0001,9907076.000,2024-07-03 03:10:53.821
BTC,SELL,0.0010,9906000.000,2024-07-03 03:10:53.821
BTC,SELL,0.0002,9905000.000,2024-07-03 03:10:53.821
BTC,SELL,0.0005,9902100.000,2024-07-03 03:10:53.821
BTC,SELL,0.0010,9901452.000,2024-07-03 03:10:53.821
BTC,SELL,0.0019,9901000.000,2024-07-03 03:10:53.821
BTC,SELL,0.0031,9901000.000,2024-07-03 03:10:54.971
BTC,SELL,0.0035,9900296.000,2024-07-03 03:10:54.971
BTC,SELL,0.0002,9900001.000,2024-07-03 03:10:54.971
BTC,SELL,0.0010,9900001.000,2024-07-03 03:10:54.971
BTC,SELL,0.0019,9900000.000,2024-07-03 03:10:54.971
BTC,SELL,0.0010,9901084.000,2024-07-03 03:10:57.111
BTC,SELL,0.0068,9900001.000,2024-07-03 03:11:00.437
BTC,SELL,0.0031,9900000.000,2024-07-03 03:11:13.940
BTC,SELL,0.0019,9900000.000,2024-07-03 03:11:13.940
BTC,SELL,0.0081,9900000.000,2024-07-03 03:11:14.209
BTC,SELL,0.0002,9900000.000,2024-07-03 03:11:14.209
BTC,SELL,0.0020,9900000.000,2024-07-03 03:11:14.209
BTC,SELL,0.0147,9900000.000,2024-07-03 03:11:14.209
BTC,SELL,0.0250,9900000.000,2024-07-03 03:11:14.216
BTC,SELL,0.0055,9900000.000,2024-07-03 03:11:14.284
BTC,SELL,0.0048,9900000.000,2024-07-03 03:11:14.441
BTC,SELL,0.0001,9900000.000,2024-07-03 03:11:14.441
BTC,SELL,0.0001,9900000.000,2024-07-03 03:11:14.441
BTC,SELL,0.0009,9900000.000,2024-07-03 03:11:14.589
BTC,SELL,0.0001,9900000.000,2024-07-03 03:11:14.589
BTC,SELL,0.0001,9900000.000,2024-07-03 03:11:14.589
BTC,SELL,0.0100,9900000.000,2024-07-03 03:11:14.589
BTC,SELL,0.0005,9900000.000,2024-07-03 03:11:14.589
BTC,SELL,0.0016,9900000.000,2024-07-03 03:11:14.589
BTC,SELL,0.0001,9900000.000,2024-07-03 03:11:14.589
BTC,SELL,0.0050,9900000.000,2024-07-03 03:11:14.589
BTC,SELL,0.0005,9900000.000,2024-07-03 03:11:14.589
BTC,SELL,0.0005,9900000.000,2024-07-03 03:11:14.589
BTC,SELL,0.0007,9900000.000,2024-07-03 03:11:14.589
BTC,SELL,0.0003,9900000.000,2024-07-03 03:11:14.742
BTC,SELL,0.0100,9900000.000,2024-07-03 03:11:14.742
BTC,SELL,0.0040,9900000.000,2024-07-03 03:11:14.742
BTC,SELL,0.0001,9900000.000,2024-07-03 03:11:14.742
BTC,SELL,0.0010,9900000.000,2024-07-03 03:11:14.742
BTC,SELL,0.0002,9900000.000,2024-07-03 03:11:14.742
BTC,SELL,0.0050,9900000.000,2024-07-03 03:11:14.742
BTC,SELL,0.0010,9900000.000,2024-07-03 03:11:14.742
BTC,SELL,0.0001,9900000.000,2024-07-03 03:11:14.742
BTC,SELL,0.0001,9900000.000,2024-07-03 03:11:14.742
BTC,SELL,0.0010,9900000.000,2024-07-03 03:11:14.742
BTC,SELL,0.0400,9900000.000,2024-07-03 03:11:14.742
BTC,SELL,0.0003,9900000.000,2024-07-03 03:11:14.742
BTC,SELL,0.0100,9900000.000,2024-07-03 03:11:14.742
BTC,SELL,0.0001,9900000.000,2024-07-03 03:11:14.742
BTC,SELL,0.0011,9900000.000,2024-07-03 03:11:14.742
BTC,SELL,0.0001,9900000.000,2024-07-03 03:11:14.742
BTC,SELL,0.0010,9900000.000,2024-07-03 03:11:14.742
BTC,SELL,0.0100,9900000.000,2024-07-03 03:11:14.742
BTC,SELL,0.0146,9900000.000,2024-07-03 03:11:14.742
BTC,SELL,0.0026,9900000.000,2024-07-03 03:11:15.073
BTC,SELL,0.0400,9900000.000,2024-07-03 03:11:15.075
BTC,SELL,0.0030,9900000.000,2024-07-03 03:11:15.133
BTC,SELL,0.0198,9900000.000,2024-07-03 03:11:15.206
BTC,SELL,0.0001,9900000.000,2024-07-03 03:11:15.206
BTC,SELL,0.0801,9900000.000,2024-07-03 03:11:15.206
BTC,SELL,0.0199,9900000.000,2024-07-03 03:11:15.213
BTC,SELL,0.0005,9900000.000,2024-07-03 03:11:15.213
BTC,SELL,0.0005,9900000.000,2024-07-03 03:11:15.213
BTC,SELL,0.0005,9900000.000,2024-07-03 03:11:15.213
BTC,SELL,0.0015,9900000.000,2024-07-03 03:11:15.213
BTC,SELL,0.0035,9900000.000,2024-07-03 03:11:15.219
BTC,SELL,0.0100,9900000.000,2024-07-03 03:11:15.219
BTC,SELL,0.0220,9900000.000,2024-07-03 03:11:15.219
BTC,SELL,0.0250,9900000.000,2024-07-03 03:11:15.223
BTC,SELL,0.0400,9900000.000,2024-07-03 03:11:15.893
BTC,SELL,0.0050,9900000.000,2024-07-03 03:11:15.957
BTC,SELL,0.0428,9900000.000,2024-07-03 03:11:16.065
BTC,SELL,0.0320,9900000.000,2024-07-03 03:11:16.138
BTC,SELL,0.0250,9900000.000,2024-07-03 03:11:16.214
BTC,SELL,0.0082,9900000.000,2024-07-03 03:11:16.268
BTC,SELL,0.0418,9900000.000,2024-07-03 03:11:16.268
BTC,SELL,0.0269,9900000.000,2024-07-03 03:11:16.471
BTC,SELL,0.1000,9900000.000,2024-07-03 03:11:16.475
BTC,SELL,0.0200,9900000.000,2024-07-03 03:11:16.477
BTC,SELL,0.0113,9900000.000,2024-07-03 03:11:16.688
BTC,SELL,0.0187,9900000.000,2024-07-03 03:11:16.688
BTC,SELL,0.0813,9900000.000,2024-07-03 03:11:16.900
BTC,SELL,0.0100,9900000.000,2024-07-03 03:11:16.900
BTC,SELL,0.0010,9900000.000,2024-07-03 03:11:16.900
BTC,SELL,0.0001,9900000.000,2024-07-03 03:11:16.900
BTC,SELL,0.0020,9900000.000,2024-07-03 03:11:16.900
BTC,SELL,0.0010,9900000.000,2024-07-03 03:11:16.900
BTC,SELL,0.0100,9900000.000,2024-07-03 03:11:16.900
BTC,SELL,0.0001,9900000.000,2024-07-03 03:11:16.900
BTC,SELL,0.0002,9900000.000,2024-07-03 03:11:16.900
BTC,SELL,0.0005,9900000.000,2024-07-03 03:11:16.900
BTC,SELL,0.0010,9900000.000,2024-07-03 03:11:16.900
BTC,SELL,0.0020,9900000.000,2024-07-03 03:11:16.900
BTC,SELL,0.0001,9900000.000,2024-07-03 03:11:16.900
BTC,SELL,0.0010,9900000.000,2024-07-03 03:11:16.900
BTC,SELL,0.0010,9900000.000,2024-07-03 03:11:16.900
BTC,SELL,0.0003,9900000.000,2024-07-03 03:11:16.900
BTC,SELL,0.0005,9900000.000,2024-07-03 03:11:16.900
BTC,SELL,0.0002,9900000.000,2024-07-03 03:11:16.900
BTC,SELL,0.0010,9900000.000,2024-07-03 03:11:16.900
BTC,SELL,0.0001,9900000.000,2024-07-03 03:11:16.900
BTC,SELL,0.0001,9900000.000,2024-07-03 03:11:16.900
BTC,SELL,0.0001,9900000.000,2024-07-03 03:11:16.900
BTC,SELL,0.0010,9900000.000,2024-07-03 03:11:16.900
BTC,SELL,0.0170,9900000.000,2024-07-03 03:11:16.900
BTC,SELL,0.0001,9900000.000,2024-07-03 03:11:16.900
BTC,SELL,0.0200,9900000.000,2024-07-03 03:11:16.900
BTC,SELL,0.1000,9900000.000,2024-07-03 03:11:16.900
BTC,SELL,0.0020,9900000.000,2024-07-03 03:11:16.900
BTC,SELL,0.0008,9900000.000,2024-07-03 03:11:16.900
BTC,SELL,0.0001,9900000.000,2024-07-03 03:11:16.900
BTC,SELL,0.0001,9900000.000,2024-07-03 03:11:16.900
BTC,SELL,0.0010,9900000.000,2024-07-03 03:11:16.900
BTC,SELL,0.0010,9900000.000,2024-07-03 03:11:16.900
BTC,SELL,0.0100,9900000.000,2024-07-03 03:11:16.900
BTC,SELL,0.0100,9900000.000,2024-07-03 03:11:16.900
BTC,SELL,0.0100,9900000.000,2024-07-03 03:11:16.900
BTC,SELL,0.0002,9900000.000,2024-07-03 03:11:16.900
BTC,SELL,0.0002,9900000.000,2024-07-03 03:11:16.900
BTC,SELL,0.0010,9899999.000,2024-07-03 03:11:16.943
BTC,SELL,0.0010,9899800.000,2024-07-03 03:11:16.943
BTC,SELL,0.0100,9899500.000,2024-07-03 03:11:16.943
BTC,SELL,0.0010,9899422.000,2024-07-03 03:11:16.943
BTC,SELL,0.0005,9897999.000,2024-07-03 03:11:16.943
BTC,SELL,0.0050,9890499.000,2024-07-03 03:11:16.949
BTC,SELL,0.0050,9890499.000,2024-07-03 03:11:17.495
BTC,SELL,0.0047,9890499.000,2024-07-03 03:11:17.750
BTC,SELL,0.0020,9890251.000,2024-07-03 03:11:17.750
BTC,SELL,0.0100,9890000.000,2024-07-03 03:11:17.750
BTC,SELL,0.0001,9890000.000,2024-07-03 03:11:17.750
BTC,SELL,0.0100,9890000.000,2024-07-03 03:11:17.750
BTC,SELL,0.0001,9890000.000,2024-07-03 03:11:17.750
BTC,SELL,0.0001,9890000.000,2024-07-03 03:11:17.750
BTC,SELL,0.0004,9890000.000,2024-07-03 03:11:17.750
BTC,SELL,0.0001,9890000.000,2024-07-03 03:11:17.750
BTC,SELL,0.0003,9890000.000,2024-07-03 03:11:17.750
BTC,SELL,0.0700,9888889.000,2024-07-03 03:11:17.750
BTC,SELL,0.0022,9888888.000,2024-07-03 03:11:17.750
BTC,SELL,0.0028,9888888.000,2024-07-03 03:11:17.925
BTC,SELL,0.0020,9888690.000,2024-07-03 03:11:17.925
BTC,SELL,0.0010,9888300.000,2024-07-03 03:11:17.925
BTC,SELL,0.0041,9885782.000,2024-07-03 03:11:17.925
BTC,SELL,0.0505,9883462.000,2024-07-03 03:11:18.621
BTC,SELL,0.0010,9883200.000,2024-07-03 03:11:18.621
BTC,SELL,0.0010,9883000.000,2024-07-03 03:11:18.621
BTC,SELL,0.0100,9881713.000,2024-07-03 03:11:18.621
BTC,SELL,0.0700,9880001.000,2024-07-03 03:11:18.621
BTC,SELL,0.0001,9880000.000,2024-07-03 03:11:18.621
BTC,SELL,0.0009,9880000.000,2024-07-03 03:11:18.621
BTC,SELL,0.0100,9880000.000,2024-07-03 03:11:18.621
BTC,SELL,0.0001,9880000.000,2024-07-03 03:11:18.621
BTC,SELL,0.0001,9880000.000,2024-07-03 03:11:18.621
BTC,SELL,0.0001,9880000.000,2024-07-03 03:11:18.621
BTC,SELL,0.0001,9880000.000,2024-07-03 03:11:18.621
BTC,SELL,0.0003,9880000.000,2024-07-03 03:11:18.621
BTC,SELL,0.0001,9878803.000,2024-07-03 03:11:18.621
BTC,SELL,0.0100,9878280.000,2024-07-03 03:11:18.621
BTC,SELL,0.0300,9877349.000,2024-07-03 03:11:18.621
BTC,SELL,0.0010,9877178.000,2024-07-03 03:11:18.621
BTC,SELL,0.0147,9877001.000,2024-07-03 03:11:18.621
BTC,BUY,0.0050,9878670.000,2024-07-03 03:11:19.508
BTC,BUY,0.0200,9878670.000,2024-07-03 03:11:19.513
BTC,SELL,0.0050,9878281.000,2024-07-03 03:11:19.592
BTC,BUY,0.0050,9878670.000,2024-07-03 03:11:21.510
BTC,BUY,0.2871,9878670.000,2024-07-03 03:11:21.589
BTC,BUY,0.0124,9878670.000,2024-07-03 03:11:21.678
BTC,BUY,0.0060,9878670.000,2024-07-03 03:11:21.710
BTC,BUY,0.0100,9878670.000,2024-07-03 03:11:21.769
BTC,BUY,0.0010,9879200.000,2024-07-03 03:11:22.103
BTC,BUY,0.0010,9880259.000,2024-07-03 03:11:27.326
BTC,BUY,0.0010,9879730.000,2024-07-03 03:11:27.636
BTC,SELL,0.0059,9879672.000,2024-07-03 03:11:29.460
BTC,SELL,0.0002,9880056.000,2024-07-03 03:11:35.000
BTC,SELL,0.0421,9880056.000,2024-07-03 03:11:37.058
BTC,SELL,0.0002,9880056.000,2024-07-03 03:11:37.058
BTC,SELL,0.0506,9879038.000,2024-07-03 03:11:37.058
BTC,SELL,0.0071,9875620.000,2024-07-03 03:11:37.058
BTC,BUY,0.0010,9878140.000,2024-07-03 03:11:38.075
BTC,SELL,0.0069,9876401.000,2024-07-03 03:11:49.628
BTC,SELL,0.0231,9876400.000,2024-07-03 03:11:49.628
BTC,BUY,0.1022,9876550.000,2024-07-03 03:12:00.725
BTC,BUY,0.0010,9876549.000,2024-07-03 03:12:01.473
BTC,BUY,0.0090,9877079.000,2024-07-03 03:12:02.566
BTC,BUY,0.0998,9877080.000,2024-07-03 03:12:02.566
BTC,BUY,0.0003,9876301.000,2024-07-03 03:12:25.908
BTC,BUY,0.0020,9876301.000,2024-07-03 03:12:30.819
BTC,BUY,0.0025,9876301.000,2024-07-03 03:12:33.831
BTC,BUY,0.0002,9876301.000,2024-07-03 03:12:39.828
BTC,SELL,0.0200,9875620.000,2024-07-03 03:12:44.462
BTC,SELL,0.0029,9875620.000,2024-07-03 03:12:44.466
BTC,SELL,0.0002,9875000.000,2024-07-03 03:12:44.466
BTC,SELL,0.0002,9875000.000,2024-07-03 03:12:44.466
BTC,SELL,0.0001,9870000.000,2024-07-03 03:12:45.252
BTC,SELL,0.0001,9870000.000,2024-07-03 03:12:45.252
BTC,SELL,0.0001,9870000.000,2024-07-03 03:12:45.252
BTC,SELL,0.0020,9870000.000,2024-07-03 03:12:45.252
BTC,SELL,0.0003,9870000.000,2024-07-03 03:12:45.252
BTC,SELL,0.0005,9867999.000,2024-07-03 03:12:47.430
BTC,SELL,0.0021,9867434.000,2024-07-03 03:12:47.430
BTC,BUY,0.0050,9866667.000,2024-07-03 03:12:51.726
BTC,BUY,0.0050,9867013.000,2024-07-03 03:12:51.726
BTC,BUY,0.0097,9867013.000,2024-07-03 03:12:52.119
BTC,SELL,0.0067,9866666.000,2024-07-03 03:13:04.813
BTC,SELL,0.0010,9866056.000,2024-07-03 03:13:04.813
BTC,SELL,0.0020,9860922.000,2024-07-03 03:13:04.813
BTC,SELL,0.0001,9860000.000,2024-07-03 03:13:04.813
BTC,SELL,0.0001,9860000.000,2024-07-03 03:13:04.813
BTC,SELL,0.0001,9860000.000,2024-07-03 03:13:04.813
BTC,SELL,0.0003,9860000.000,2024-07-03 03:13:04.813
BTC,SELL,0.0147,9858434.000,2024-07-03 03:13:04.813
BTC,SELL,0.0035,9857700.000,2024-07-03 03:13:05.781
BTC,SELL,0.0025,9856164.000,2024-07-03 03:13:05.781
BTC,BUY,0.0001,9857470.000,2024-07-03 03:13:24.199
BTC,BUY,0.0020,9858000.000,2024-07-03 03:13:52.951
BTC,BUY,0.0510,9856900.000,2024-07-03 03:14:04.217
BTC,SELL,0.0001,9856164.000,2024-07-03 03:14:07.156
BTC,SELL,0.0009,9856164.000,2024-07-03 03:14:08.878
BTC,SELL,0.0120,9855555.000,2024-07-03 03:14:08.878
BTC,SELL,0.0130,9855555.000,2024-07-03 03:14:08.951
BTC,SELL,0.0035,9855000.000,2024-07-03 03:14:08.951
BTC,SELL,0.0100,9855000.000,2024-07-03 03:14:09.497
BTC,SELL,0.0050,9855000.000,2024-07-03 03:14:09.568
BTC,BUY,0.0004,9855666.000,2024-07-03 03:14:12.638
BTC,BUY,0.0025,9855451.000,2024-07-03 03:14:16.166
BTC,BUY,0.0004,9855001.000,2024-07-03 03:14:24.509
BTC,BUY,0.0002,9855001.000,2024-07-03 03:14:30.375
BTC,SELL,0.0015,9855000.000,2024-07-03 03:14:41.594
BTC,SELL,0.0002,9855000.000,2024-07-03 03:14:41.594
BTC,SELL,0.0010,9854934.000,2024-07-03 03:14:42.293
BTC,SELL,0.0010,9854760.000,2024-07-03 03:14:43.476
BTC,SELL,0.0002,9853866.000,2024-07-03 03:14:43.476
BTC,SELL,0.0001,9850000.000,2024-07-03 03:14:43.476
BTC,SELL,0.0001,9850000.000,2024-07-03 03:14:43.476
BTC,SELL,0.0001,9850000.000,2024-07-03 03:14:43.476
BTC,SELL,0.0011,9850000.000,2024-07-03 03:14:43.476
BTC,SELL,0.0001,9850000.000,2024-07-03 03:14:43.476
BTC,SELL,0.0200,9850000.000,2024-07-03 03:14:43.476
BTC,SELL,0.0050,9850000.000,2024-07-03 03:14:43.476
BTC,SELL,0.0010,9850000.000,2024-07-03 03:14:43.476
BTC,SELL,0.0001,9850000.000,2024-07-03 03:14:43.476
BTC,SELL,0.0010,9850000.000,2024-07-03 03:14:43.476
BTC,SELL,0.0010,9850000.000,2024-07-03 03:14:43.476
BTC,SELL,0.0090,9850000.000,2024-07-03 03:14:43.476
BTC,SELL,0.0910,9850000.000,2024-07-03 03:14:43.556
BTC,SELL,0.0020,9850000.000,2024-07-03 03:14:43.556
BTC,SELL,0.0001,9850000.000,2024-07-03 03:14:43.556
BTC,SELL,0.0069,9850000.000,2024-07-03 03:14:43.556
BTC,SELL,0.0031,9850000.000,2024-07-03 03:14:43.566
BTC,SELL,0.0001,9850000.000,2024-07-03 03:14:43.566
BTC,SELL,0.0001,9850000.000,2024-07-03 03:14:43.566
BTC,SELL,0.0005,9850000.000,2024-07-03 03:14:43.566
BTC,SELL,0.0005,9850000.000,2024-07-03 03:14:43.566
BTC,SELL,0.0003,9850000.000,2024-07-03 03:14:43.566
BTC,SELL,0.0010,9850000.000,2024-07-03 03:14:43.566
BTC,SELL,0.0142,9850000.000,2024-07-03 03:14:43.566
BTC,SELL,0.0061,9850000.000,2024-07-03 03:14:44.164
BTC,SELL,0.0010,9843812.000,2024-07-03 03:14:44.164
BTC,SELL,0.0001,9841407.000,2024-07-03 03:14:44.164
BTC,SELL,0.0001,9840000.000,2024-07-03 03:14:44.164
BTC,SELL,0.0001,9840000.000,2024-07-03 03:14:44.164
BTC,SELL,0.0001,9840000.000,2024-07-03 03:14:44.164
BTC,SELL,0.0001,9840000.000,2024-07-03 03:14:44.164
BTC,SELL,0.0010,9840000.000,2024-07-03 03:14:44.164
BTC,SELL,0.0020,9840000.000,2024-07-03 03:14:44.164
BTC,SELL,0.0001,9840000.000,2024-07-03 03:14:44.164
BTC,SELL,0.0003,9840000.000,2024-07-03 03:14:44.164
BTC,SELL,0.0390,9839017.000,2024-07-03 03:14:44.164
BTC,SELL,0.0002,9850579.000,2024-07-03 03:14:45.507
BTC,BUY,0.0010,9843411.000,2024-07-03 03:14:50.583
BTC,SELL,0.0002,9843410.000,2024-07-03 03:14:51.442
BTC,BUY,0.0002,9843690.000,2024-07-03 03:14:51.697
BTC,BUY,0.0001,9843417.000,2024-07-03 03:14:52.923
BTC,BUY,0.0001,9843417.000,2024-07-03 03:14:53.616
BTC,SELL,0.0002,9843416.000,2024-07-03 03:14:57.362
BTC,SELL,0.0098,9840743.000,2024-07-03 03:14:57.362
BTC,BUY,0.0003,9841040.000,2024-07-03 03:14:58.795
BTC,BUY,0.0021,9841570.000,2024-07-03 03:15:00.627
BTC,BUY,0.0050,9842630.000,2024-07-03 03:15:08.624
BTC,BUY,0.0060,9844220.000,2024-07-03 03:15:09.069
BTC,BUY,0.0050,9844220.000,2024-07-03 03:15:09.120
BTC,BUY,0.0380,9845280.000,2024-07-03 03:15:09.537
BTC,BUY,0.0001,9846340.000,2024-07-03 03:15:09.786
BTC,BUY,0.0359,9846870.000,2024-07-03 03:15:09.786
BTC,BUY,0.0006,9846870.000,2024-07-03 03:15:09.982
BTC,BUY,0.0186,9847400.000,2024-07-03 03:15:25.581
BTC,BUY,0.0050,9848460.000,2024-07-03 03:15:25.989
BTC,BUY,0.0500,9848990.000,2024-07-03 03:15:26.345
BTC,BUY,0.0030,9848990.000,2024-07-03 03:15:26.503
BTC,BUY,0.0001,9849520.000,2024-07-03 03:15:56.595
BTC,BUY,0.0001,9849520.000,2024-07-03 03:15:56.599
BTC,BUY,0.0001,9850050.000,2024-07-03 03:15:59.619
BTC,BUY,0.0009,9850580.000,2024-07-03 03:15:59.619
BTC,SELL,0.0002,9848296.000,2024-07-03 03:16:04.583
BTC,BUY,0.0001,9848460.000,2024-07-03 03:16:05.157
BTC,BUY,0.0025,9848297.000,2024-07-03 03:16:14.349
BTC,SELL,0.0007,9848296.000,2024-07-03 03:16:14.941
BTC,SELL,0.0001,9844450.000,2024-07-03 03:16:19.856
BTC,BUY,0.0010,9841571.000,2024-07-03 03:16:23.642
BTC,SELL,0.0010,9841570.000,2024-07-03 03:16:27.797
BTC,SELL,0.0018,9841570.000,2024-07-03 03:16:27.797
BTC,SELL,0.0026,9840000.000,2024-07-03 03:16:29.614
BTC,SELL,0.0002,9840000.000,2024-07-03 03:16:29.614
BTC,SELL,0.0004,9834200.000,2024-07-03 03:16:30.024
BTC,SELL,0.0005,9833999.000,2024-07-03 03:16:30.024
BTC,SELL,0.0004,9832878.000,2024-07-03 03:16:30.024
BTC,SELL,0.0010,9832690.000,2024-07-03 03:16:30.024
BTC,SELL,0.0001,9830000.000,2024-07-03 03:16:30.024
BTC,SELL,0.0001,9830000.000,2024-07-03 03:16:30.024
BTC,SELL,0.0001,9830000.000,2024-07-03 03:16:30.024
BTC,SELL,0.0001,9830000.000,2024-07-03 03:16:30.024
BTC,SELL,0.0001,9830000.000,2024-07-03 03:16:31.950
BTC,SELL,0.0003,9830000.000,2024-07-03 03:16:31.950
BTC,SELL,0.0001,9825234.000,2024-07-03 03:16:32.359
BTC,SELL,0.0005,9822948.000,2024-07-03 03:16:32.359
BTC,SELL,0.0010,9821568.000,2024-07-03 03:16:32.359
BTC,SELL,0.0012,9821001.000,2024-07-03 03:16:32.359
BTC,BUY,0.0007,9821002.000,2024-07-03 03:16:37.309
BTC,BUY,0.0004,9830000.000,2024-07-03 03:16:54.058
BTC,BUY,0.0035,9830439.000,2024-07-03 03:16:54.058
BTC,BUY,0.0050,9830823.000,2024-07-03 03:16:54.501
BTC,BUY,0.0196,9831005.000,2024-07-03 03:16:54.706
BTC,BUY,0.0085,9831005.000,2024-07-03 03:16:55.675
BTC,BUY,0.0009,9835210.000,2024-07-03 03:17:03.606
BTC,BUY,0.0001,9837330.000,2024-07-03 03:17:04.199
BTC,BUY,0.0001,9837860.000,2024-07-03 03:17:04.199
BTC,BUY,0.0001,9838390.000,2024-07-03 03:17:04.199
BTC,BUY,0.0001,9838920.000,2024-07-03 03:17:04.199
BTC,BUY,0.0002,9839450.000,2024-07-03 03:17:04.199
BTC,BUY,0.0001,9839980.000,2024-07-03 03:17:04.199
BTC,BUY,0.0001,9840510.000,2024-07-03 03:17:04.199
BTC,BUY,0.0042,9840652.000,2024-07-03 03:17:04.199
BTC,BUY,0.0025,9840652.000,2024-07-03 03:17:06.252
BTC,BUY,0.0003,9844217.000,2024-07-03 03:17:35.085
BTC,BUY,0.0042,9848459.000,2024-07-03 03:17:37.204
BTC,BUY,0.0007,9848460.000,2024-07-03 03:17:37.204
BTC,BUY,0.0002,9850000.000,2024-07-03 03:17:44.412
BTC,BUY,0.0098,9851110.000,2024-07-03 03:17:44.412
BTC,BUY,0.0129,9851640.000,2024-07-03 03:17:46.677
BTC,BUY,0.0001,9852700.000,2024-07-03 03:17:47.236
BTC,BUY,0.0080,9853230.000,2024-07-03 03:17:48.136
BTC,BUY,0.0010,9853760.000,2024-07-03 03:18:01.524
BTC,BUY,0.0001,9854290.000,2024-07-03 03:18:04.605
BTC,SELL,0.0200,9853350.000,2024-07-03 03:18:09.182
BTC,BUY,0.0001,9853760.000,2024-07-03 03:18:09.605
BTC,BUY,0.0100,9854820.000,2024-07-03 03:18:14.831
BTC,BUY,0.0003,9855000.000,2024-07-03 03:18:17.605
BTC,BUY,0.0022,9855350.000,2024-07-03 03:18:17.605
BTC,BUY,0.0050,9855878.000,2024-07-03 03:18:20.955
BTC,BUY,0.0001,9856410.000,2024-07-03 03:18:31.469
BTC,BUY,0.0049,9856606.000,2024-07-03 03:18:31.469
BTC,BUY,0.0001,9856940.000,2024-07-03 03:18:32.126
BTC,BUY,0.0400,9857470.000,2024-07-03 03:18:33.977
BTC,BUY,0.0200,9858000.000,2024-07-03 03:18:40.900
BTC,BUY,0.0005,9858529.000,2024-07-03 03:18:44.737
BTC,BUY,0.0001,9858528.000,2024-07-03 03:18:48.087
BTC,BUY,0.0006,9857371.000,2024-07-03 03:19:06.687
BTC,BUY,0.0025,9857371.000,2024-07-03 03:19:19.508
BTC,SELL,0.0010,9857370.000,2024-07-03 03:19:20.416
BTC,SELL,0.0001,9853760.000,2024-07-03 03:19:20.416
BTC,SELL,0.0039,9853230.000,2024-07-03 03:19:20.416
BTC,BUY,0.0050,9853760.000,2024-07-03 03:19:35.381
BTC,BUY,0.0001,9854290.000,2024-07-03 03:19:37.644
BTC,BUY,0.0010,9854820.000,2024-07-03 03:19:43.653
BTC,BUY,0.0002,9855350.000,2024-07-03 03:19:52.412
BTC,BUY,0.0001,9855880.000,2024-07-03 03:19:59.688
BTC,BUY,0.0012,9856410.000,2024-07-03 03:19:59.688
BTC,BUY,0.0325,9856939.000,2024-07-03 03:20:04.459
BTC,SELL,0.0035,9853230.000,2024-07-03 03:20:16.968
BTC,BUY,0.0011,9853759.000,2024-07-03 03:20:20.291
BTC,SELL,0.0027,9853230.000,2024-07-03 03:20:22.485
BTC,SELL,0.0035,9853230.000,2024-07-03 03:20:22.485
BTC,SELL,0.0085,9853230.000,2024-07-03 03:20:35.123
BTC,SELL,0.1500,9853230.000,2024-07-03 03:20:45.207
BTC,BUY,0.0003,9853440.000,2024-07-03 03:20:55.042
BTC,BUY,0.0007,9853439.000,2024-07-03 03:20:55.529
BTC,BUY,0.0002,9853760.000,2024-07-03 03:21:05.075
BTC,SELL,0.0200,9853250.000,2024-07-03 03:21:10.665
BTC,BUY,0.0005,9853760.000,2024-07-03 03:21:20.375
BTC,BUY,0.0015,9854290.000,2024-07-03 03:21:30.941
BTC,BUY,0.0006,9854820.000,2024-07-03 03:21:35.357
BTC,BUY,0.0001,9855350.000,2024-07-03 03:21:37.813
BTC,BUY,0.0001,9855880.000,2024-07-03 03:21:55.939
BTC,BUY,0.0010,9855880.000,2024-07-03 03:22:08.932
BTC,BUY,0.0040,9855880.000,2024-07-03 03:22:09.439
BTC,BUY,0.0010,9856410.000,2024-07-03 03:22:09.439
BTC,BUY,0.0001,9856940.000,2024-07-03 03:22:15.966
BTC,BUY,0.0509,9857470.000,2024-07-03 03:22:15.966
BTC,BUY,0.0263,9858000.000,2024-07-03 03:22:16.976
BTC,BUY,0.0050,9858530.000,2024-07-03 03:22:19.120
BTC,BUY,0.0003,9859060.000,2024-07-03 03:22:24.902
BTC,BUY,0.0100,9859590.000,2024-07-03 03:22:28.948
BTC,BUY,0.0003,9860000.000,2024-07-03 03:22:31.674
BTC,BUY,0.0150,9860000.000,2024-07-03 03:22:46.766
BTC,BUY,0.0047,9860000.000,2024-07-03 03:22:54.512
BTC,BUY,0.0002,9860000.000,2024-07-03 03:22:54.512
BTC,BUY,0.0151,9860650.000,2024-07-03 03:22:55.445
BTC,BUY,0.0001,9861180.000,2024-07-03 03:23:04.480
BTC,BUY,0.0001,9861710.000,2024-07-03 03:23:07.546
BTC,BUY,0.0001,9862160.000,2024-07-03 03:23:07.546
BTC,BUY,0.0121,9862160.000,2024-07-03 03:23:08.869
BTC,BUY,0.0600,9862240.000,2024-07-03 03:23:08.959
BTC,BUY,0.0001,9862770.000,2024-07-03 03:23:09.494
BTC,BUY,0.0049,9863300.000,2024-07-03 03:23:09.494
