symbol,side,size,price,timestamp
ETH,BUY,0.0100,495946.000,2024-07-11 21:00:10.368
ETH,BUY,0.0100,496016.000,2024-07-11 21:01:38.891
ETH,BUY,0.0100,495962.000,2024-07-11 21:02:27.083
ETH,BUY,0.0200,496073.000,2024-07-11 21:02:31.268
ETH,BUY,0.0200,496062.000,2024-07-11 21:04:50.155
ETH,SELL,0.0100,495783.000,2024-07-11 21:09:40.895
ETH,BUY,1.0000,496103.000,2024-07-11 21:10:33.028
ETH,BUY,0.5000,496103.000,2024-07-11 21:10:33.305
ETH,BUY,0.3200,496103.000,2024-07-11 21:10:33.429
ETH,BUY,0.5000,496103.000,2024-07-11 21:10:33.758
ETH,BUY,0.0524,496103.000,2024-07-11 21:10:33.976
ETH,BUY,0.0100,496647.000,2024-07-11 21:10:34.732
ETH,BUY,0.0900,496683.000,2024-07-11 21:10:34.732
ETH,BUY,1.0000,496151.000,2024-07-11 21:10:40.120
ETH,BUY,1.8100,496538.000,2024-07-11 21:10:47.628
ETH,SELL,0.1000,496170.000,2024-07-11 21:12:10.084
ETH,BUY,1.0000,495736.000,2024-07-11 21:12:39.650
ETH,BUY,0.1500,495577.000,2024-07-11 21:12:56.257
ETH,BUY,0.2000,495576.000,2024-07-11 21:12:57.861
ETH,BUY,0.0100,495563.000,2024-07-11 21:14:54.768
ETH,BUY,0.0900,495584.000,2024-07-11 21:14:54.768
ETH,BUY,0.0100,495587.000,2024-07-11 21:15:15.096
ETH,BUY,0.0117,495592.000,2024-07-11 21:15:15.096
ETH,BUY,0.0483,495596.000,2024-07-11 21:15:15.096
ETH,BUY,0.0317,495627.000,2024-07-11 21:15:26.819
ETH,SELL,0.0286,495500.000,2024-07-11 21:19:18.416
ETH,SELL,0.0611,495500.000,2024-07-11 21:19:20.495
ETH,SELL,0.1000,495500.000,2024-07-11 21:19:35.099
ETH,SELL,0.0103,495500.000,2024-07-11 21:19:38.552
ETH,SELL,0.1000,495043.000,2024-07-11 21:19:46.265
ETH,BUY,0.0100,495053.000,2024-07-11 21:20:16.098
ETH,BUY,0.0200,495058.000,2024-07-11 21:20:16.098
ETH,SELL,0.5000,495010.000,2024-07-11 21:20:46.071
ETH,SELL,0.1000,495000.000,2024-07-11 21:20:46.071
ETH,BUY,0.0100,495012.000,2024-07-11 21:21:23.051
ETH,BUY,0.0900,495022.000,2024-07-11 21:21:23.051
ETH,BUY,0.0200,495053.000,2024-07-11 21:21:37.390
ETH,BUY,0.0500,495087.000,2024-07-11 21:21:38.647
ETH,BUY,0.0200,494676.000,2024-07-11 21:26:02.071
ETH,BUY,0.0100,494346.000,2024-07-11 21:28:44.037
ETH,BUY,0.0100,494377.000,2024-07-11 21:28:56.686
ETH,BUY,0.0900,494392.000,2024-07-11 21:28:56.686
ETH,BUY,0.0200,494422.000,2024-07-11 21:28:58.772
ETH,BUY,0.0134,494503.000,2024-07-11 21:29:26.510
ETH,BUY,0.3066,494537.000,2024-07-11 21:29:26.510
ETH,BUY,0.0134,494624.000,2024-07-11 21:29:29.739
ETH,BUY,0.1600,494798.000,2024-07-11 21:29:49.395
ETH,SELL,0.1330,494628.000,2024-07-11 21:31:05.193
ETH,SELL,1.0000,494360.000,2024-07-11 21:31:11.573
ETH,BUY,0.7000,494421.000,2024-07-11 21:31:16.461
ETH,SELL,0.2300,494349.000,2024-07-11 21:31:27.789
ETH,BUY,0.0500,494421.000,2024-07-11 21:31:34.361
ETH,BUY,0.0300,494479.000,2024-07-11 21:31:41.961
ETH,BUY,0.0100,494529.000,2024-07-11 21:32:01.156
ETH,BUY,0.9493,494595.000,2024-07-11 21:32:01.156
ETH,BUY,0.0100,494355.000,2024-07-11 21:36:24.389
ETH,BUY,0.0300,494360.000,2024-07-11 21:36:24.389
ETH,BUY,0.0200,494361.000,2024-07-11 21:36:27.752
ETH,BUY,0.0100,494289.000,2024-07-11 21:36:57.174
ETH,BUY,0.0151,494288.000,2024-07-11 21:37:05.542
ETH,BUY,0.0265,494304.000,2024-07-11 21:37:05.542
ETH,BUY,0.0084,494305.000,2024-07-11 21:37:05.542
ETH,BUY,0.0151,494326.000,2024-07-11 21:37:07.749
ETH,BUY,0.6000,494421.000,2024-07-11 21:38:08.656
ETH,BUY,1.0000,494421.000,2024-07-11 21:38:08.656
ETH,BUY,0.4000,494508.000,2024-07-11 21:38:09.334
ETH,BUY,0.0200,494508.000,2024-07-11 21:38:09.404
ETH,BUY,0.4000,494535.000,2024-07-11 21:38:10.859
ETH,BUY,0.0113,494433.000,2024-07-11 21:42:18.395
ETH,BUY,0.0087,494471.000,2024-07-11 21:42:18.395
ETH,BUY,0.0113,494476.000,2024-07-11 21:42:20.736
ETH,SELL,0.1000,494391.000,2024-07-11 21:43:24.224
ETH,SELL,0.0400,494457.000,2024-07-11 21:43:40.282
ETH,SELL,0.0600,494433.000,2024-07-11 21:43:40.282
ETH,BUY,0.6000,494479.000,2024-07-11 21:44:29.101
ETH,BUY,1.0000,494479.000,2024-07-11 21:44:29.103
ETH,BUY,0.4000,494479.000,2024-07-11 21:44:29.339
ETH,BUY,0.4000,494508.000,2024-07-11 21:44:30.204
ETH,BUY,0.0100,494595.000,2024-07-11 21:44:59.903
ETH,BUY,0.0110,494682.000,2024-07-11 21:47:12.571
ETH,SELL,0.1600,494679.000,2024-07-11 21:48:06.325
ETH,BUY,0.0300,494740.000,2024-07-11 21:48:51.227
ETH,SELL,0.4000,494651.000,2024-07-11 21:50:06.814
ETH,SELL,0.2093,494438.000,2024-07-11 21:50:06.814
ETH,BUY,0.0137,494484.000,2024-07-11 21:52:50.112
ETH,BUY,0.5863,494508.000,2024-07-11 21:52:50.112
ETH,BUY,0.0619,494469.000,2024-07-11 21:52:50.340
ETH,BUY,0.2581,494508.000,2024-07-11 21:52:50.340
ETH,BUY,0.0550,494503.000,2024-07-11 21:52:51.224
ETH,BUY,0.3450,494566.000,2024-07-11 21:52:51.224
ETH,BUY,0.1306,494595.000,2024-07-11 21:52:53.282
ETH,BUY,0.2700,494653.000,2024-07-11 21:53:09.429
ETH,BUY,0.0100,494682.000,2024-07-11 21:53:28.069
ETH,BUY,0.2000,494740.000,2024-07-11 21:53:35.980
ETH,BUY,0.2000,494769.000,2024-07-11 21:54:41.399
ETH,BUY,0.4000,494914.000,2024-07-11 21:56:33.430
ETH,BUY,0.1600,494914.000,2024-07-11 21:56:33.490
ETH,BUY,0.6000,494914.000,2024-07-11 21:56:33.491
ETH,BUY,1.0000,494914.000,2024-07-11 21:56:33.638
ETH,BUY,0.3200,495031.000,2024-07-11 21:56:36.195
ETH,BUY,0.6000,495031.000,2024-07-11 21:56:36.285
ETH,BUY,0.4000,495175.000,2024-07-11 21:56:37.054
ETH,BUY,0.1600,495169.000,2024-07-11 21:56:38.263
ETH,BUY,0.0160,495170.000,2024-07-11 21:56:38.263
ETH,BUY,0.2200,495174.000,2024-07-11 21:56:38.263
ETH,BUY,0.0040,495262.000,2024-07-11 21:56:38.263
ETH,BUY,0.6000,495288.000,2024-07-11 21:56:40.856
ETH,BUY,0.4000,495288.000,2024-07-11 21:56:40.966
ETH,BUY,0.3200,495320.000,2024-07-11 21:56:41.259
ETH,BUY,0.0160,495465.000,2024-07-11 21:56:42.323
ETH,BUY,0.0199,495465.000,2024-07-11 21:56:42.485
ETH,BUY,1.0000,494941.000,2024-07-11 21:56:44.020
ETH,BUY,0.8100,495005.000,2024-07-11 21:56:47.139
ETH,BUY,0.1900,495005.000,2024-07-11 21:56:47.206
ETH,BUY,1.0000,495022.000,2024-07-11 21:56:53.526
ETH,BUY,1.0000,495098.000,2024-07-11 21:56:55.841
ETH,BUY,0.0100,495634.000,2024-07-11 21:56:55.841
ETH,BUY,3.5900,495639.000,2024-07-11 21:56:55.841
ETH,BUY,0.3200,495668.000,2024-07-11 21:56:56.088
ETH,BUY,0.6000,495668.000,2024-07-11 21:56:56.132
ETH,BUY,0.4000,495668.000,2024-07-11 21:56:56.184
ETH,BUY,1.0000,495668.000,2024-07-11 21:56:56.299
ETH,BUY,0.0100,495284.000,2024-07-11 21:56:57.306
ETH,BUY,0.1000,495813.000,2024-07-11 21:56:57.707
ETH,BUY,0.4000,495813.000,2024-07-11 21:56:58.567
ETH,BUY,0.0200,495842.000,2024-07-11 21:57:00.358
ETH,BUY,0.6100,495306.000,2024-07-11 21:57:02.975
ETH,BUY,0.3860,495306.000,2024-07-11 21:57:03.252
ETH,BUY,0.0170,495353.000,2024-07-11 21:57:06.170
ETH,BUY,1.5500,495726.000,2024-07-11 21:57:13.233
ETH,BUY,0.0500,495510.000,2024-07-11 21:57:22.199
ETH,BUY,0.0100,495464.000,2024-07-11 21:57:25.193
ETH,BUY,0.3594,495469.000,2024-07-11 21:57:25.193
ETH,BUY,0.0100,495447.000,2024-07-11 21:57:33.678
ETH,BUY,0.1200,495452.000,2024-07-11 21:57:33.678
ETH,BUY,0.0200,495372.000,2024-07-11 21:57:36.750
ETH,BUY,0.0100,495203.000,2024-07-11 21:57:41.006
ETH,BUY,0.1000,495182.000,2024-07-11 21:57:41.685
ETH,SELL,1.0000,494758.000,2024-07-11 21:58:22.371
ETH,SELL,0.7400,494433.000,2024-07-11 21:58:22.371
ETH,BUY,0.1000,494827.000,2024-07-11 21:58:28.586
ETH,BUY,0.0700,494851.000,2024-07-11 21:58:47.776
ETH,BUY,0.2600,494856.000,2024-07-11 21:58:47.776
ETH,BUY,0.9935,494856.000,2024-07-11 21:58:47.832
ETH,BUY,0.4000,495001.000,2024-07-11 21:58:48.226
ETH,BUY,0.0800,495001.000,2024-07-11 21:58:48.309
ETH,BUY,0.6000,495001.000,2024-07-11 21:58:48.457
ETH,BUY,0.4000,495001.000,2024-07-11 21:58:48.608
ETH,BUY,0.0700,495088.000,2024-07-11 21:58:51.287
ETH,BUY,0.1000,495088.000,2024-07-11 21:59:22.073
ETH,BUY,0.4000,495088.000,2024-07-11 21:59:24.189
ETH,BUY,0.2200,495088.000,2024-07-11 21:59:24.228
ETH,BUY,0.3000,495088.000,2024-07-11 21:59:24.520
ETH,BUY,0.2000,495175.000,2024-07-11 21:59:27.016
ETH,BUY,0.0100,495222.000,2024-07-11 21:59:32.689
ETH,BUY,0.0100,495253.000,2024-07-11 21:59:39.325
ETH,BUY,0.0600,495251.000,2024-07-11 21:59:41.103
ETH,BUY,0.1000,495246.000,2024-07-11 21:59:43.404
ETH,BUY,0.0200,495262.000,2024-07-11 22:00:03.810
ETH,BUY,0.0200,495207.000,2024-07-11 22:00:09.359
ETH,BUY,0.0100,495221.000,2024-07-11 22:00:12.424
ETH,BUY,0.0100,495144.000,2024-07-11 22:00:34.486
ETH,SELL,0.0500,494938.000,2024-07-11 22:01:40.111
ETH,SELL,0.0497,494938.000,2024-07-11 22:01:40.111
ETH,SELL,0.0300,494935.000,2024-07-11 22:01:44.426
ETH,SELL,0.0300,494915.000,2024-07-11 22:01:44.426
ETH,SELL,0.0500,494433.000,2024-07-11 22:01:54.723
ETH,SELL,1.2100,494433.000,2024-07-11 22:01:54.890
ETH,SELL,0.1000,494400.000,2024-07-11 22:01:55.618
ETH,SELL,0.0100,494162.000,2024-07-11 22:01:56.644
ETH,SELL,0.0900,493926.000,2024-07-11 22:01:56.644
ETH,SELL,0.0160,493927.000,2024-07-11 22:01:57.716
ETH,SELL,0.0740,493583.000,2024-07-11 22:01:57.716
ETH,BUY,0.0740,494188.000,2024-07-11 22:02:00.917
ETH,BUY,0.0259,494189.000,2024-07-11 22:02:00.917
ETH,BUY,0.2000,493804.000,2024-07-11 22:02:01.357
ETH,BUY,0.2000,493804.000,2024-07-11 22:02:01.518
ETH,BUY,0.6000,493804.000,2024-07-11 22:02:01.959
ETH,BUY,0.0315,494189.000,2024-07-11 22:02:02.568
ETH,BUY,0.0700,494189.000,2024-07-11 22:02:03.130
ETH,BUY,0.0500,494189.000,2024-07-11 22:02:03.133
ETH,BUY,0.6185,494189.000,2024-07-11 22:02:03.494
ETH,BUY,0.3500,494218.000,2024-07-11 22:02:03.494
ETH,BUY,0.0900,494408.000,2024-07-11 22:02:04.388
ETH,BUY,0.0200,494394.000,2024-07-11 22:02:14.715
ETH,BUY,1.0000,494394.000,2024-07-11 22:02:15.158
ETH,BUY,0.0300,494566.000,2024-07-11 22:02:35.164
ETH,BUY,0.7500,494812.000,2024-07-11 22:03:18.187
ETH,BUY,1.0000,494583.000,2024-07-11 22:03:23.094
ETH,BUY,1.0000,494668.000,2024-07-11 22:03:26.221
ETH,BUY,0.0134,495033.000,2024-07-11 22:04:17.708
ETH,BUY,1.0000,495369.000,2024-07-11 22:05:24.042
ETH,BUY,0.5500,495704.000,2024-07-11 22:05:24.042
ETH,BUY,0.0435,495722.000,2024-07-11 22:05:30.716
ETH,BUY,0.1065,495739.000,2024-07-11 22:05:30.716
ETH,BUY,0.0535,495797.000,2024-07-11 22:05:34.314
ETH,BUY,0.0200,495773.000,2024-07-11 22:05:36.951
ETH,BUY,0.0100,495804.000,2024-07-11 22:05:47.280
ETH,SELL,0.0200,494835.000,2024-07-11 22:08:01.461
ETH,BUY,0.0200,495130.000,2024-07-11 22:08:10.976
ETH,BUY,0.0400,495135.000,2024-07-11 22:08:13.285
ETH,BUY,0.1200,495108.000,2024-07-11 22:08:46.821
ETH,BUY,0.0400,495108.000,2024-07-11 22:08:47.005
ETH,BUY,0.0200,495262.000,2024-07-11 22:09:02.129
ETH,BUY,0.0500,495284.000,2024-07-11 22:09:04.326
ETH,BUY,0.4600,495284.000,2024-07-11 22:09:04.503
ETH,BUY,0.1000,495353.000,2024-07-11 22:09:06.280
ETH,BUY,0.1000,495643.000,2024-07-11 22:09:34.495
ETH,BUY,0.0200,495726.000,2024-07-11 22:11:17.534
ETH,BUY,0.0100,495735.000,2024-07-11 22:11:57.211
ETH,BUY,0.0314,494641.000,2024-07-11 22:12:36.315
ETH,SELL,0.1000,494000.000,2024-07-11 22:15:48.501
ETH,SELL,0.0400,493502.000,2024-07-11 22:15:55.358
ETH,SELL,0.6079,493326.000,2024-07-11 22:15:55.358
ETH,SELL,0.2050,493203.000,2024-07-11 22:15:55.358
ETH,SELL,0.1000,493250.000,2024-07-11 22:15:55.445
ETH,SELL,0.3300,493203.000,2024-07-11 22:15:55.445
ETH,BUY,0.0400,493580.000,2024-07-11 22:16:15.785
ETH,BUY,0.0300,493688.000,2024-07-11 22:16:32.005
ETH,BUY,0.0191,493720.000,2024-07-11 22:17:17.206
ETH,BUY,0.3264,493725.000,2024-07-11 22:17:17.206
ETH,BUY,0.0191,493782.000,2024-07-11 22:17:20.764
ETH,BUY,0.0500,493794.000,2024-07-11 22:17:28.992
ETH,BUY,0.0200,493841.000,2024-07-11 22:17:36.964
ETH,BUY,0.0200,493943.000,2024-07-11 22:17:41.631
ETH,BUY,0.0500,493943.000,2024-07-11 22:17:41.975
ETH,BUY,0.0700,493785.000,2024-07-11 22:17:46.880
ETH,BUY,0.2000,493785.000,2024-07-11 22:17:47.913
ETH,BUY,0.5300,494367.000,2024-07-11 22:18:01.473
ETH,BUY,0.7035,494367.000,2024-07-11 22:18:01.642
ETH,BUY,0.5931,494368.000,2024-07-11 22:18:01.642
ETH,BUY,0.0709,494436.000,2024-07-11 22:18:01.642
ETH,BUY,0.6325,494449.000,2024-07-11 22:18:01.642
ETH,BUY,0.0500,494479.000,2024-07-11 22:18:02.963
ETH,BUY,0.0294,494439.000,2024-07-11 22:18:05.488
ETH,BUY,0.0106,494508.000,2024-07-11 22:18:05.488
ETH,BUY,0.0294,494537.000,2024-07-11 22:18:08.234
ETH,BUY,0.0100,494590.000,2024-07-11 22:18:34.712
ETH,BUY,0.5900,494595.000,2024-07-11 22:18:34.712
ETH,BUY,0.0100,494590.000,2024-07-11 22:18:35.358
ETH,BUY,1.9900,494595.000,2024-07-11 22:18:35.358
ETH,BUY,0.0200,494682.000,2024-07-11 22:18:37.770
ETH,BUY,0.6000,494856.000,2024-07-11 22:22:29.801
ETH,BUY,1.0000,494856.000,2024-07-11 22:22:30.785
ETH,BUY,0.0140,494885.000,2024-07-11 22:23:14.408
ETH,BUY,0.0100,494809.000,2024-07-11 22:23:46.549
ETH,SELL,0.1000,494808.000,2024-07-11 22:23:51.783
ETH,SELL,0.1000,494808.000,2024-07-11 22:23:52.281
ETH,BUY,0.0100,494856.000,2024-07-11 22:25:35.137
ETH,BUY,0.0212,495136.000,2024-07-11 22:28:11.474
ETH,BUY,0.5788,495204.000,2024-07-11 22:28:11.474
ETH,BUY,0.3200,495233.000,2024-07-11 22:28:12.077
ETH,BUY,0.0212,495291.000,2024-07-11 22:28:14.767
ETH,BUY,0.3200,495378.000,2024-07-11 22:28:29.646
ETH,BUY,0.6000,495581.000,2024-07-11 22:28:30.511
ETH,BUY,0.0500,495871.000,2024-07-11 22:30:23.372
ETH,BUY,0.8400,495857.000,2024-07-11 22:31:16.328
ETH,BUY,0.0500,495900.000,2024-07-11 22:31:46.144
ETH,BUY,0.0250,495724.000,2024-07-11 22:34:18.572
ETH,SELL,0.0120,495567.000,2024-07-11 22:35:15.761
ETH,BUY,0.0200,495755.000,2024-07-11 22:35:41.574
ETH,BUY,0.0190,495784.000,2024-07-11 22:36:04.406
ETH,SELL,0.0100,495779.000,2024-07-11 22:37:22.069
ETH,BUY,0.0200,495813.000,2024-07-11 22:37:56.795
ETH,SELL,0.4225,495736.000,2024-07-11 22:38:17.554
ETH,SELL,0.5775,495726.000,2024-07-11 22:38:17.554
ETH,BUY,0.0107,495900.000,2024-07-11 22:39:22.707
ETH,BUY,0.0100,495929.000,2024-07-11 22:40:41.109
ETH,BUY,0.0600,495866.000,2024-07-11 22:43:01.072
ETH,BUY,0.0107,495857.000,2024-07-11 22:44:09.688
ETH,BUY,0.0893,495862.000,2024-07-11 22:44:09.688
ETH,BUY,0.0120,495881.000,2024-07-11 22:44:10.149
ETH,BUY,0.0772,495883.000,2024-07-11 22:44:10.149
ETH,BUY,0.0107,495897.000,2024-07-11 22:44:13.380
ETH,BUY,0.0100,495900.000,2024-07-11 22:44:31.095
ETH,BUY,0.0400,495872.000,2024-07-11 22:44:40.098
ETH,BUY,0.0200,495848.000,2024-07-11 22:44:41.563
ETH,BUY,0.0400,495902.000,2024-07-11 22:44:42.771
ETH,BUY,0.0100,495868.000,2024-07-11 22:44:50.886
ETH,SELL,0.0154,495860.000,2024-07-11 22:45:09.878
ETH,BUY,0.0100,495887.000,2024-07-11 22:45:11.656
ETH,BUY,0.0200,495924.000,2024-07-11 22:45:13.797
ETH,SELL,0.0066,495860.000,2024-07-11 22:46:40.109
ETH,SELL,0.0100,495800.000,2024-07-11 22:46:40.109
ETH,SELL,0.0884,495178.000,2024-07-11 22:46:40.109
ETH,BUY,0.2050,495291.000,2024-07-11 22:46:53.557
ETH,SELL,0.2000,495196.000,2024-07-11 22:47:05.354
ETH,SELL,0.0299,494752.000,2024-07-11 22:47:53.321
ETH,SELL,0.0377,494752.000,2024-07-11 22:48:21.045
ETH,SELL,0.2000,494280.000,2024-07-11 22:48:25.336
ETH,SELL,0.0999,494259.000,2024-07-11 22:48:33.658
ETH,BUY,0.0100,494266.000,2024-07-11 22:49:43.967
ETH,BUY,0.1000,494237.000,2024-07-11 22:49:46.081
ETH,BUY,0.0100,494113.000,2024-07-11 22:51:04.060
ETH,BUY,0.0100,494008.000,2024-07-11 22:51:25.207
ETH,BUY,0.1000,494013.000,2024-07-11 22:51:25.207
ETH,BUY,0.0100,494160.000,2024-07-11 22:51:25.207
ETH,BUY,0.0200,494112.000,2024-07-11 22:51:28.300
ETH,BUY,0.0100,494124.000,2024-07-11 22:51:48.127
ETH,BUY,0.0100,494124.000,2024-07-11 22:51:49.966
ETH,BUY,0.0200,493856.000,2024-07-11 22:52:53.475
ETH,BUY,0.0100,493856.000,2024-07-11 22:52:55.094
ETH,BUY,0.5700,494044.000,2024-07-11 22:53:16.843
ETH,BUY,0.0251,494039.000,2024-07-11 22:53:17.718
ETH,BUY,0.2949,494044.000,2024-07-11 22:53:17.718
ETH,BUY,0.1400,494130.000,2024-07-11 22:53:18.822
ETH,BUY,0.2600,494136.000,2024-07-11 22:53:18.822
ETH,BUY,0.0251,494179.000,2024-07-11 22:53:21.241
ETH,BUY,0.1000,494180.000,2024-07-11 22:53:22.193
ETH,BUY,1.0000,494034.000,2024-07-11 22:53:25.792
ETH,BUY,0.2000,494156.000,2024-07-11 22:53:28.830
ETH,SELL,0.2000,494233.000,2024-07-11 22:53:47.606
ETH,BUY,0.0400,494653.000,2024-07-11 22:54:35.961
ETH,BUY,0.6000,494682.000,2024-07-11 22:54:42.537
ETH,BUY,0.4000,494759.000,2024-07-11 22:54:43.758
ETH,SELL,0.4000,494566.000,2024-07-11 22:55:07.537
ETH,SELL,0.4000,494546.000,2024-07-11 22:55:07.537
ETH,SELL,0.7000,494173.000,2024-07-11 22:55:07.537
ETH,BUY,0.0100,494706.000,2024-07-11 22:55:12.054
ETH,BUY,0.3200,494849.000,2024-07-11 22:55:21.292
ETH,BUY,0.1500,494436.000,2024-07-11 22:55:22.223
ETH,BUY,0.4000,494436.000,2024-07-11 22:55:24.951
ETH,BUY,0.3200,494576.000,2024-07-11 22:55:26.313
ETH,BUY,0.4000,494576.000,2024-07-11 22:55:26.352
ETH,BUY,0.0700,494576.000,2024-07-11 22:55:27.118
ETH,BUY,0.2100,494576.000,2024-07-11 22:55:27.414
ETH,BUY,0.7900,494972.000,2024-07-11 22:55:27.414
ETH,BUY,0.2000,494972.000,2024-07-11 22:55:27.855
ETH,BUY,1.0000,494055.000,2024-07-11 22:57:44.300
ETH,BUY,1.0000,494558.000,2024-07-11 22:58:40.505
ETH,BUY,0.0400,494558.000,2024-07-11 22:58:40.593
ETH,BUY,0.4000,494558.000,2024-07-11 22:58:40.982
ETH,BUY,0.0645,494839.000,2024-07-11 22:58:42.119
ETH,BUY,0.0884,494884.000,2024-07-11 22:58:42.119
ETH,BUY,0.1671,494885.000,2024-07-11 22:58:42.119
ETH,BUY,0.4000,494856.000,2024-07-11 22:58:42.299
ETH,BUY,0.0110,495054.000,2024-07-11 23:01:14.272
ETH,BUY,0.0200,495291.000,2024-07-11 23:01:22.110
ETH,BUY,0.4000,495291.000,2024-07-11 23:01:22.176
ETH,BUY,0.0210,495378.000,2024-07-11 23:01:23.262
ETH,BUY,0.3200,495378.000,2024-07-11 23:01:23.359
ETH,BUY,0.4000,495378.000,2024-07-11 23:01:23.582
ETH,BUY,0.0100,495201.000,2024-07-11 23:05:04.166
ETH,SELL,0.1000,495200.000,2024-07-11 23:05:48.717
ETH,SELL,0.0500,495100.000,2024-07-11 23:06:50.825
ETH,SELL,0.0600,494790.000,2024-07-11 23:06:50.825
ETH,BUY,0.0195,494851.000,2024-07-11 23:08:03.978
ETH,BUY,0.3805,494972.000,2024-07-11 23:08:03.978
ETH,BUY,0.0195,495030.000,2024-07-11 23:08:07.742
ETH,BUY,0.4000,495030.000,2024-07-11 23:08:08.009
ETH,BUY,1.0000,494424.000,2024-07-11 23:11:59.558
ETH,BUY,1.0000,494505.000,2024-07-11 23:12:02.987
ETH,BUY,0.4000,495113.000,2024-07-11 23:12:03.982
ETH,BUY,0.4000,494597.000,2024-07-11 23:12:06.264
ETH,BUY,0.6000,494597.000,2024-07-11 23:12:06.510
ETH,BUY,0.8100,494085.000,2024-07-11 23:15:10.019
ETH,BUY,0.0100,494001.000,2024-07-11 23:17:14.584
ETH,SELL,0.0300,494000.000,2024-07-11 23:17:19.813
ETH,SELL,0.1700,493990.000,2024-07-11 23:17:19.813
ETH,SELL,0.1000,493990.000,2024-07-11 23:17:22.166
ETH,SELL,0.2000,493990.000,2024-07-11 23:17:22.497
ETH,SELL,0.0300,493990.000,2024-07-11 23:17:23.426
ETH,SELL,0.0734,493246.000,2024-07-11 23:17:23.459
ETH,BUY,0.0100,493659.000,2024-07-11 23:18:12.980
ETH,BUY,0.0900,493684.000,2024-07-11 23:18:12.980
ETH,BUY,0.6000,493682.000,2024-07-11 23:18:13.488
ETH,BUY,0.2000,493500.000,2024-07-11 23:18:26.100
ETH,BUY,0.4000,493511.000,2024-07-11 23:18:26.100
ETH,BUY,0.2000,493511.000,2024-07-11 23:18:26.244
ETH,BUY,0.3200,493511.000,2024-07-11 23:18:26.352
ETH,BUY,0.0800,493511.000,2024-07-11 23:18:26.897
ETH,BUY,0.4000,493926.000,2024-07-11 23:18:27.953
ETH,BUY,0.3200,494173.000,2024-07-11 23:18:31.288
ETH,BUY,0.6000,494174.000,2024-07-11 23:18:31.603
ETH,BUY,1.0000,493760.000,2024-07-11 23:18:33.559
ETH,BUY,0.0200,493357.000,2024-07-11 23:22:36.209
ETH,BUY,0.4000,493464.000,2024-07-11 23:23:28.242
ETH,BUY,0.1000,493522.000,2024-07-11 23:23:28.998
ETH,BUY,0.0300,493754.000,2024-07-11 23:23:48.509
ETH,BUY,0.0200,494038.000,2024-07-11 23:24:53.303
ETH,BUY,0.6000,494038.000,2024-07-11 23:24:53.515
ETH,BUY,0.0238,494242.000,2024-07-11 23:25:38.078
ETH,BUY,0.0205,494275.000,2024-07-11 23:25:38.078
ETH,BUY,0.0338,494595.000,2024-07-11 23:25:41.758
ETH,BUY,0.0100,494621.000,2024-07-11 23:25:48.590
ETH,BUY,0.0400,494626.000,2024-07-11 23:25:55.905
ETH,SELL,0.0746,494158.000,2024-07-11 23:28:13.178
ETH,SELL,0.0300,494159.000,2024-07-11 23:28:13.917
ETH,SELL,0.0548,494158.000,2024-07-11 23:28:13.917
ETH,SELL,0.2000,494158.000,2024-07-11 23:28:13.919
ETH,SELL,0.0371,494158.000,2024-07-11 23:28:13.978
ETH,SELL,0.2623,494159.000,2024-07-11 23:28:14.050
ETH,SELL,0.1000,494159.000,2024-07-11 23:28:14.127
ETH,SELL,0.1000,494159.000,2024-07-11 23:28:14.389
ETH,SELL,0.1000,494159.000,2024-07-11 23:28:14.415
ETH,SELL,0.0335,494158.000,2024-07-11 23:28:16.035
ETH,SELL,0.6502,493971.000,2024-07-11 23:28:17.560
ETH,SELL,0.0881,493202.000,2024-07-11 23:28:17.939
ETH,SELL,0.2590,493202.000,2024-07-11 23:28:18.148
ETH,SELL,0.0510,493200.000,2024-07-11 23:28:18.148
ETH,SELL,0.0900,493000.000,2024-07-11 23:28:18.148
ETH,SELL,0.0914,493000.000,2024-07-11 23:28:18.988
ETH,SELL,0.2686,492907.000,2024-07-11 23:28:18.988
ETH,SELL,0.0039,492907.000,2024-07-11 23:28:19.635
ETH,SELL,0.0293,492420.000,2024-07-11 23:28:19.635
ETH,SELL,0.0100,492000.000,2024-07-11 23:28:19.635
ETH,SELL,0.1000,492000.000,2024-07-11 23:28:19.635
ETH,SELL,0.0203,491870.000,2024-07-11 23:28:19.635
ETH,SELL,0.0300,491500.000,2024-07-11 23:28:19.635
ETH,SELL,0.0980,491000.000,2024-07-11 23:28:19.635
ETH,SELL,0.0200,491000.000,2024-07-11 23:28:19.635
ETH,SELL,0.1000,490790.000,2024-07-11 23:28:19.635
ETH,SELL,0.0100,490789.000,2024-07-11 23:28:19.635
ETH,SELL,0.0100,490733.000,2024-07-11 23:28:19.635
ETH,SELL,0.2182,490626.000,2024-07-11 23:28:19.635
ETH,SELL,0.3000,490723.000,2024-07-11 23:28:20.030
ETH,SELL,0.7000,490723.000,2024-07-11 23:28:20.031
ETH,SELL,1.5818,490626.000,2024-07-11 23:28:20.031
ETH,SELL,0.0204,490626.000,2024-07-11 23:28:20.031
ETH,SELL,0.0204,490246.000,2024-07-11 23:28:20.031
ETH,SELL,0.1000,490245.000,2024-07-11 23:28:20.031
ETH,SELL,0.0402,490001.000,2024-07-11 23:28:20.031
ETH,SELL,0.1000,490001.000,2024-07-11 23:28:20.031
ETH,SELL,0.1610,490000.000,2024-07-11 23:28:20.031
ETH,SELL,2.2762,490000.000,2024-07-11 23:28:20.031
ETH,SELL,0.2238,490000.000,2024-07-11 23:28:20.050
ETH,SELL,0.0150,490000.000,2024-07-11 23:28:20.050
ETH,SELL,0.0200,490000.000,2024-07-11 23:28:20.050
ETH,SELL,0.1000,490000.000,2024-07-11 23:28:20.050
ETH,SELL,0.4000,490000.000,2024-07-11 23:28:20.050
ETH,SELL,0.1000,490000.000,2024-07-11 23:28:20.050
ETH,SELL,0.0100,490000.000,2024-07-11 23:28:20.050
ETH,SELL,0.0120,490000.000,2024-07-11 23:28:20.050
ETH,SELL,0.0004,490000.000,2024-07-11 23:28:20.050
ETH,SELL,0.0196,490000.000,2024-07-11 23:28:20.130
ETH,SELL,0.1000,490000.000,2024-07-11 23:28:20.130
ETH,SELL,0.1000,490000.000,2024-07-11 23:28:20.130
ETH,SELL,0.0100,490000.000,2024-07-11 23:28:20.130
ETH,SELL,0.0500,490000.000,2024-07-11 23:28:20.130
ETH,SELL,0.0300,490000.000,2024-07-11 23:28:20.130
ETH,SELL,0.0300,490000.000,2024-07-11 23:28:20.130
ETH,SELL,0.0200,490000.000,2024-07-11 23:28:20.130
ETH,SELL,0.1000,490000.000,2024-07-11 23:28:20.130
ETH,SELL,0.0100,490000.000,2024-07-11 23:28:20.130
ETH,SELL,0.0104,490000.000,2024-07-11 23:28:20.130
ETH,SELL,0.0896,490000.000,2024-07-11 23:28:20.136
ETH,SELL,0.0104,490000.000,2024-07-11 23:28:20.136
ETH,SELL,0.1000,490000.000,2024-07-11 23:28:20.137
ETH,BUY,0.0100,492681.000,2024-07-11 23:28:21.086
ETH,SELL,0.0736,490724.000,2024-07-11 23:28:21.506
ETH,BUY,0.0100,491231.000,2024-07-11 23:28:22.980
ETH,BUY,0.4071,491231.000,2024-07-11 23:28:23.189
ETH,SELL,0.0193,491229.000,2024-07-11 23:28:23.536
ETH,BUY,0.2500,491231.000,2024-07-11 23:28:23.724
ETH,BUY,0.3329,491231.000,2024-07-11 23:28:24.252
ETH,BUY,0.0500,491586.000,2024-07-11 23:28:24.642
ETH,BUY,0.1500,492142.000,2024-07-11 23:28:24.642
ETH,BUY,0.0100,492142.000,2024-07-11 23:28:24.723
ETH,SELL,0.0119,491233.000,2024-07-11 23:28:24.962
ETH,BUY,0.2000,492089.000,2024-07-11 23:28:24.974
ETH,BUY,0.1400,491476.000,2024-07-11 23:28:26.042
ETH,BUY,0.0900,491476.000,2024-07-11 23:28:26.122
ETH,BUY,0.7700,491476.000,2024-07-11 23:28:26.955
ETH,BUY,0.0900,492050.000,2024-07-11 23:28:26.955
ETH,BUY,0.1000,491959.000,2024-07-11 23:28:27.127
ETH,BUY,0.4069,491959.000,2024-07-11 23:28:27.272
ETH,BUY,0.3159,492060.000,2024-07-11 23:28:28.344
ETH,BUY,0.4565,491959.000,2024-07-11 23:28:28.951
ETH,BUY,0.2217,492023.000,2024-07-11 23:28:28.951
ETH,BUY,0.7783,492023.000,2024-07-11 23:28:29.991
ETH,BUY,0.1999,492289.000,2024-07-11 23:28:30.835
ETH,BUY,0.0202,492387.000,2024-07-11 23:28:31.000
ETH,BUY,0.0122,492284.000,2024-07-11 23:28:32.566
ETH,BUY,0.0100,492382.000,2024-07-11 23:28:32.566
ETH,BUY,0.7581,492387.000,2024-07-11 23:28:32.566
ETH,BUY,0.6092,492387.000,2024-07-11 23:28:32.566
ETH,BUY,0.0605,492387.000,2024-07-11 23:28:32.566
ETH,BUY,0.0222,492121.000,2024-07-11 23:28:35.816
ETH,SELL,0.1999,492048.000,2024-07-11 23:28:36.923
ETH,SELL,0.0001,492047.000,2024-07-11 23:28:36.923
ETH,SELL,0.2257,492047.000,2024-07-11 23:28:37.090
ETH,SELL,0.2000,491041.000,2024-07-11 23:28:37.482
ETH,BUY,0.0600,491753.000,2024-07-11 23:28:41.110
ETH,BUY,0.2200,491752.000,2024-07-11 23:28:42.731
ETH,BUY,0.2000,491249.000,2024-07-11 23:28:50.115
ETH,SELL,0.0300,491248.000,2024-07-11 23:28:50.925
ETH,SELL,0.0607,491248.000,2024-07-11 23:28:50.925
ETH,BUY,0.0203,491249.000,2024-07-11 23:28:51.193
ETH,BUY,0.0452,491317.000,2024-07-11 23:28:54.100
ETH,BUY,0.1000,491317.000,2024-07-11 23:28:54.195
ETH,BUY,0.2309,491317.000,2024-07-11 23:28:55.051
ETH,BUY,0.0500,491317.000,2024-07-11 23:28:56.098
ETH,BUY,0.0612,491317.000,2024-07-11 23:28:57.174
ETH,BUY,0.0349,491315.000,2024-07-11 23:28:58.150
ETH,BUY,0.0607,491291.000,2024-07-11 23:29:00.656
ETH,BUY,0.2420,491303.000,2024-07-11 23:29:00.656
ETH,BUY,0.0203,491303.000,2024-07-11 23:29:00.978
ETH,BUY,0.2751,491119.000,2024-07-11 23:29:06.433
ETH,BUY,0.0400,491262.000,2024-07-11 23:29:07.112
ETH,SELL,0.1000,491008.000,2024-07-11 23:29:07.774
ETH,SELL,0.2773,491008.000,2024-07-11 23:29:08.812
ETH,SELL,0.1419,491008.000,2024-07-11 23:29:09.721
ETH,BUY,0.1000,491009.000,2024-07-11 23:29:10.359
ETH,BUY,0.1000,491009.000,2024-07-11 23:29:10.359
ETH,BUY,0.0900,491028.000,2024-07-11 23:29:10.359
ETH,BUY,0.0203,491028.000,2024-07-11 23:29:11.117
ETH,BUY,0.0600,491033.000,2024-07-11 23:29:12.708
ETH,BUY,0.0500,491033.000,2024-07-11 23:29:12.708
ETH,SELL,0.2031,490015.000,2024-07-11 23:29:17.029
ETH,SELL,0.1969,490033.000,2024-07-11 23:29:17.250
ETH,BUY,0.0203,490099.000,2024-07-11 23:29:20.916
ETH,BUY,0.2350,490099.000,2024-07-11 23:29:22.282
ETH,BUY,0.1000,490099.000,2024-07-11 23:29:23.307
ETH,BUY,0.6650,490099.000,2024-07-11 23:29:23.307
ETH,BUY,0.3100,490099.000,2024-07-11 23:29:24.715
ETH,BUY,0.2000,490099.000,2024-07-11 23:29:30.987
ETH,BUY,0.1000,490099.000,2024-07-11 23:29:30.987
ETH,BUY,0.0081,490099.000,2024-07-11 23:29:30.987
ETH,SELL,0.2000,490098.000,2024-07-11 23:29:33.817
ETH,SELL,0.4000,490034.000,2024-07-11 23:29:37.904
ETH,SELL,0.2031,490000.000,2024-07-11 23:29:38.613
ETH,SELL,0.1865,490000.000,2024-07-11 23:29:39.112
ETH,SELL,0.2135,490000.000,2024-07-11 23:29:39.112
ETH,SELL,0.2865,490000.000,2024-07-11 23:29:40.475
ETH,SELL,0.0100,490000.000,2024-07-11 23:29:40.475
ETH,SELL,0.0100,490000.000,2024-07-11 23:29:40.475
ETH,SELL,1.0000,490000.000,2024-07-11 23:29:40.475
ETH,SELL,0.0100,490000.000,2024-07-11 23:29:40.475
ETH,SELL,0.0500,490000.000,2024-07-11 23:29:40.475
ETH,SELL,0.3000,490000.000,2024-07-11 23:29:40.475
ETH,BUY,0.0328,489853.000,2024-07-11 23:29:46.785
ETH,BUY,0.0100,489845.000,2024-07-11 23:29:50.192
ETH,BUY,0.0889,489849.000,2024-07-11 23:29:50.192
ETH,BUY,0.0100,489847.000,2024-07-11 23:29:51.209
ETH,BUY,0.0261,489848.000,2024-07-11 23:29:51.209
ETH,BUY,0.0100,489847.000,2024-07-11 23:29:52.263
ETH,BUY,0.1187,489847.000,2024-07-11 23:29:52.263
ETH,BUY,0.5873,489808.000,2024-07-11 23:29:53.525
ETH,BUY,0.0300,489808.000,2024-07-11 23:29:53.736
ETH,BUY,0.0677,489806.000,2024-07-11 23:29:56.111
ETH,SELL,0.1000,489720.000,2024-07-11 23:29:56.993
ETH,BUY,0.0200,489718.000,2024-07-11 23:29:57.002
ETH,BUY,0.0394,489718.000,2024-07-11 23:29:57.198
ETH,SELL,0.0410,489700.000,2024-07-11 23:29:57.614
ETH,BUY,0.0204,489499.000,2024-07-11 23:30:01.079
ETH,BUY,0.8245,489614.000,2024-07-11 23:30:02.074
ETH,BUY,0.1000,489885.000,2024-07-11 23:30:04.001
ETH,BUY,0.2797,489901.000,2024-07-11 23:30:07.630
ETH,BUY,0.1000,490321.000,2024-07-11 23:30:08.446
ETH,BUY,0.0120,490316.000,2024-07-11 23:30:08.740
ETH,BUY,0.1880,490321.000,2024-07-11 23:30:08.740
ETH,BUY,0.1000,490321.000,2024-07-11 23:30:08.821
ETH,BUY,0.3100,490321.000,2024-07-11 23:30:08.863
ETH,BUY,0.2000,490321.000,2024-07-11 23:30:08.899
ETH,BUY,0.0100,490315.000,2024-07-11 23:30:12.294
ETH,BUY,0.0511,490320.000,2024-07-11 23:30:12.294
ETH,BUY,0.0100,490320.000,2024-07-11 23:30:12.824
ETH,BUY,0.0020,490587.000,2024-07-11 23:30:12.824
ETH,SELL,0.1000,490648.000,2024-07-11 23:30:18.091
ETH,BUY,0.2778,491315.000,2024-07-11 23:30:39.840
ETH,BUY,0.3221,491328.000,2024-07-11 23:30:39.840
ETH,BUY,0.6779,491328.000,2024-07-11 23:30:40.213
ETH,BUY,0.0800,491723.000,2024-07-11 23:30:40.705
ETH,BUY,1.0000,491768.000,2024-07-11 23:30:43.190
ETH,BUY,0.0100,491938.000,2024-07-11 23:30:43.724
ETH,BUY,0.0200,492012.000,2024-07-11 23:30:47.358
ETH,BUY,0.2847,492012.000,2024-07-11 23:30:47.889
ETH,SELL,0.1000,492011.000,2024-07-11 23:30:48.027
ETH,SELL,0.0530,492459.000,2024-07-11 23:30:54.395
ETH,SELL,0.1000,492533.000,2024-07-11 23:30:56.847
ETH,SELL,0.6094,492532.000,2024-07-11 23:30:57.009
ETH,BUY,0.1000,492884.000,2024-07-11 23:31:02.331
ETH,BUY,0.6084,492681.000,2024-07-11 23:31:03.349
ETH,BUY,0.0539,492709.000,2024-07-11 23:31:06.213
ETH,BUY,0.1000,493155.000,2024-07-11 23:31:18.546
ETH,SELL,0.2000,492539.000,2024-07-11 23:31:31.143
ETH,BUY,1.0000,492511.000,2024-07-11 23:33:40.172
ETH,BUY,0.1006,492911.000,2024-07-11 23:33:49.341
ETH,BUY,0.6087,492912.000,2024-07-11 23:33:49.341
ETH,BUY,3.2907,492913.000,2024-07-11 23:33:49.341
ETH,BUY,0.0300,492957.000,2024-07-11 23:34:15.118
ETH,BUY,1.1700,492969.000,2024-07-11 23:34:26.733
ETH,BUY,0.0108,492971.000,2024-07-11 23:34:26.733
ETH,BUY,0.1506,493001.000,2024-07-11 23:34:26.733
ETH,BUY,1.0015,493029.000,2024-07-11 23:34:26.733
ETH,BUY,0.0108,492968.000,2024-07-11 23:34:36.250
ETH,BUY,0.0210,492961.000,2024-07-11 23:36:17.374
ETH,SELL,0.1000,492999.000,2024-07-11 23:36:45.375
ETH,SELL,0.0900,492688.000,2024-07-11 23:36:45.375
ETH,SELL,0.2300,492762.000,2024-07-11 23:37:06.060
ETH,BUY,1.0000,492970.000,2024-07-11 23:37:27.760
ETH,BUY,0.0610,493087.000,2024-07-11 23:38:11.729
ETH,BUY,0.0210,493115.000,2024-07-11 23:38:13.235
ETH,BUY,1.0000,492557.000,2024-07-11 23:38:52.612
ETH,BUY,0.8200,492863.000,2024-07-11 23:39:06.793
ETH,BUY,0.1800,492863.000,2024-07-11 23:39:07.628
ETH,BUY,0.6400,492931.000,2024-07-11 23:39:10.082
ETH,BUY,0.3200,492931.000,2024-07-11 23:39:10.491
ETH,BUY,0.0200,493675.000,2024-07-11 23:40:54.379
ETH,BUY,0.0200,493750.000,2024-07-11 23:40:57.502
ETH,BUY,0.0200,493783.000,2024-07-11 23:40:59.359
ETH,BUY,0.0200,493801.000,2024-07-11 23:41:02.125
ETH,BUY,0.0400,493805.000,2024-07-11 23:41:03.451
ETH,BUY,0.0400,493809.000,2024-07-11 23:41:07.099
ETH,BUY,0.0200,493567.000,2024-07-11 23:41:08.428
ETH,BUY,0.0200,493567.000,2024-07-11 23:41:10.348
ETH,SELL,0.0100,493261.000,2024-07-11 23:42:40.858
ETH,BUY,0.6000,493359.000,2024-07-11 23:42:48.462
ETH,BUY,0.3200,493359.000,2024-07-11 23:42:49.091
ETH,BUY,0.3200,493776.000,2024-07-11 23:43:16.496
ETH,BUY,0.6000,493882.000,2024-07-11 23:43:17.446
ETH,BUY,0.2800,494053.000,2024-07-11 23:43:32.090
ETH,BUY,0.6000,493918.000,2024-07-11 23:44:01.083
ETH,BUY,0.3200,493918.000,2024-07-11 23:44:01.235
ETH,BUY,0.0400,494413.000,2024-07-11 23:44:39.543
ETH,BUY,0.0400,494254.000,2024-07-11 23:46:12.588
ETH,BUY,0.0300,494254.000,2024-07-11 23:46:12.955
ETH,BUY,0.0100,494414.000,2024-07-11 23:46:16.430
ETH,BUY,0.0200,494572.000,2024-07-11 23:46:16.430
ETH,BUY,0.0100,494497.000,2024-07-11 23:46:26.998
ETH,BUY,0.0700,493680.000,2024-07-11 23:46:52.563
ETH,BUY,0.0100,493642.000,2024-07-11 23:46:53.510
ETH,BUY,0.3200,493522.000,2024-07-11 23:46:55.452
ETH,BUY,0.0309,493232.000,2024-07-11 23:47:14.018
ETH,SELL,0.4000,493185.000,2024-07-11 23:47:22.782
ETH,SELL,0.4854,493062.000,2024-07-11 23:47:22.955
ETH,SELL,0.5146,492949.000,2024-07-11 23:47:22.955
ETH,SELL,0.1900,493089.000,2024-07-11 23:47:23.230
ETH,SELL,0.4484,493089.000,2024-07-11 23:47:23.793
ETH,SELL,0.3616,493089.000,2024-07-11 23:47:25.406
ETH,SELL,0.0657,493089.000,2024-07-11 23:47:25.406
ETH,SELL,0.7000,493089.000,2024-07-11 23:47:25.483
ETH,SELL,0.9743,493089.000,2024-07-11 23:47:25.765
ETH,SELL,0.4000,493089.000,2024-07-11 23:47:25.765
ETH,SELL,0.6451,492525.000,2024-07-11 23:47:32.367
ETH,SELL,0.0600,492497.000,2024-07-11 23:47:32.367
ETH,BUY,0.3200,492580.000,2024-07-11 23:47:34.114
ETH,SELL,0.4000,492535.000,2024-07-11 23:47:34.801
ETH,SELL,0.0936,492001.000,2024-07-11 23:47:40.663
ETH,SELL,0.3064,492001.000,2024-07-11 23:47:41.016
ETH,SELL,0.6476,492001.000,2024-07-11 23:47:41.016
ETH,SELL,0.5000,492000.000,2024-07-11 23:47:41.016
ETH,BUY,0.1000,490780.000,2024-07-11 23:47:41.915
ETH,BUY,0.0200,490780.000,2024-07-11 23:47:42.301
ETH,BUY,0.1000,490780.000,2024-07-11 23:47:42.963
ETH,BUY,0.6100,490780.000,2024-07-11 23:47:43.005
ETH,BUY,0.1464,490780.000,2024-07-11 23:47:43.461
ETH,BUY,0.0200,490780.000,2024-07-11 23:47:43.645
ETH,BUY,0.1000,491147.000,2024-07-11 23:47:47.333
ETH,BUY,0.1000,491401.000,2024-07-11 23:47:47.333
ETH,BUY,0.3153,490928.000,2024-07-11 23:47:57.827
ETH,BUY,0.1272,490928.000,2024-07-11 23:47:58.206
ETH,BUY,0.1737,491049.000,2024-07-11 23:47:59.719
ETH,BUY,0.3200,491049.000,2024-07-11 23:48:03.080
ETH,BUY,0.3200,491049.000,2024-07-11 23:48:03.663
ETH,BUY,0.0051,491049.000,2024-07-11 23:48:03.829
ETH,BUY,1.4300,491130.000,2024-07-11 23:48:03.884
ETH,BUY,0.3200,491130.000,2024-07-11 23:48:03.968
ETH,BUY,0.0800,491242.000,2024-07-11 23:48:03.968
ETH,BUY,0.4000,491242.000,2024-07-11 23:48:04.195
ETH,BUY,0.3251,491465.000,2024-07-11 23:48:06.009
ETH,BUY,0.2051,491465.000,2024-07-11 23:48:08.802
ETH,BUY,0.1702,491964.000,2024-07-11 23:48:09.468
ETH,BUY,0.3200,492274.000,2024-07-11 23:48:13.786
ETH,BUY,0.4000,492274.000,2024-07-11 23:48:13.984
ETH,BUY,0.0400,492652.000,2024-07-11 23:48:22.415
ETH,BUY,0.4000,492627.000,2024-07-11 23:48:24.611
ETH,BUY,0.0200,492626.000,2024-07-11 23:48:30.026
ETH,BUY,0.0100,492709.000,2024-07-11 23:48:50.941
ETH,BUY,0.2000,492805.000,2024-07-11 23:48:54.618
ETH,SELL,0.3262,492182.000,2024-07-11 23:49:40.073
ETH,SELL,0.0177,492182.000,2024-07-11 23:49:40.575
ETH,SELL,0.0561,492182.000,2024-07-11 23:49:42.001
ETH,BUY,0.0200,492067.000,2024-07-11 23:49:47.286
ETH,BUY,0.0190,491952.000,2024-07-11 23:49:53.596
ETH,BUY,0.1810,491953.000,2024-07-11 23:49:53.596
ETH,BUY,1.0000,491534.000,2024-07-11 23:50:16.785
ETH,BUY,0.3327,491750.000,2024-07-11 23:50:17.627
ETH,BUY,0.4000,491750.000,2024-07-11 23:50:18.138
ETH,SELL,0.6490,492181.000,2024-07-11 23:50:39.232
ETH,SELL,0.6475,491914.000,2024-07-11 23:50:45.029
ETH,BUY,0.4000,491662.000,2024-07-11 23:51:17.163
ETH,BUY,0.6480,491672.000,2024-07-11 23:51:23.448
ETH,BUY,0.0204,491706.000,2024-07-11 23:51:23.448
ETH,BUY,0.3316,491757.000,2024-07-11 23:51:23.448
ETH,BUY,0.2000,491671.000,2024-07-11 23:51:24.932
ETH,BUY,0.0304,491766.000,2024-07-11 23:51:26.774
ETH,BUY,0.0400,492174.000,2024-07-11 23:51:42.722
ETH,BUY,0.0400,492127.000,2024-07-11 23:51:45.758
ETH,BUY,0.0600,492130.000,2024-07-11 23:51:49.885
ETH,BUY,0.2774,492512.000,2024-07-11 23:52:15.024
ETH,BUY,1.0000,492700.000,2024-07-11 23:52:15.024
ETH,BUY,1.0000,492871.000,2024-07-11 23:52:15.024
ETH,BUY,0.0886,492872.000,2024-07-11 23:52:15.024
ETH,BUY,0.6084,493016.000,2024-07-11 23:52:15.024
ETH,BUY,1.0000,493232.000,2024-07-11 23:52:15.024
ETH,BUY,1.0256,493261.000,2024-07-11 23:52:15.024
ETH,BUY,0.0886,493251.000,2024-07-11 23:52:18.734
ETH,BUY,0.0100,492764.000,2024-07-11 23:53:11.255
ETH,BUY,0.0300,492800.000,2024-07-11 23:53:11.255
ETH,SELL,0.1000,492629.000,2024-07-11 23:53:47.140
ETH,SELL,0.0441,492313.000,2024-07-11 23:53:54.872
ETH,SELL,0.1000,492390.000,2024-07-11 23:54:00.817
ETH,SELL,0.0559,492181.000,2024-07-11 23:54:00.817
ETH,SELL,0.3500,492181.000,2024-07-11 23:54:01.514
ETH,BUY,0.0165,491644.000,2024-07-11 23:55:51.320
ETH,BUY,0.4000,491712.000,2024-07-11 23:56:08.407
ETH,BUY,0.2800,491712.000,2024-07-11 23:56:09.120
ETH,BUY,0.1200,492038.000,2024-07-11 23:56:21.705
ETH,SELL,0.0910,492038.000,2024-07-11 23:57:04.639
ETH,SELL,0.1672,492008.000,2024-07-11 23:57:04.639
ETH,SELL,0.0872,491948.000,2024-07-11 23:57:05.756
ETH,BUY,0.1000,491454.000,2024-07-11 23:57:57.199
ETH,SELL,0.0910,491367.000,2024-07-11 23:59:06.543
ETH,SELL,0.0211,491353.000,2024-07-11 23:59:09.787
ETH,BUY,0.0308,491356.000,2024-07-11 23:59:18.267
ETH,SELL,0.0315,491251.000,2024-07-11 23:59:43.257
ETH,BUY,1.0000,490890.000,2024-07-11 23:59:47.422
ETH,BUY,1.6100,491294.000,2024-07-11 23:59:47.422
ETH,BUY,0.3900,491331.000,2024-07-11 23:59:47.422
ETH,SELL,0.0423,490890.000,2024-07-11 23:59:48.802
ETH,BUY,0.0100,491063.000,2024-07-12 00:00:03.176
ETH,SELL,0.0151,491062.000,2024-07-12 00:00:04.801
ETH,SELL,1.0000,490970.000,2024-07-12 00:00:14.522
ETH,SELL,0.6000,490970.000,2024-07-12 00:00:14.522
ETH,BUY,0.2582,491564.000,2024-07-12 00:00:33.027
ETH,BUY,0.0400,491564.000,2024-07-12 00:00:33.492
ETH,BUY,0.0239,491679.000,2024-07-12 00:00:49.252
ETH,BUY,0.6000,491836.000,2024-07-12 00:00:54.865
ETH,BUY,0.0246,491836.000,2024-07-12 00:00:54.918
ETH,BUY,0.0248,492125.000,2024-07-12 00:00:56.295
ETH,BUY,0.0500,492215.000,2024-07-12 00:00:57.964
ETH,SELL,1.7300,492202.000,2024-07-12 00:01:32.791
ETH,BUY,0.0500,492388.000,2024-07-12 00:01:45.511
ETH,BUY,0.0400,492313.000,2024-07-12 00:02:02.385
ETH,SELL,0.0500,492358.000,2024-07-12 00:02:22.082
ETH,SELL,0.3817,492314.000,2024-07-12 00:02:22.082
ETH,BUY,0.6000,492238.000,2024-07-12 00:02:26.665
ETH,BUY,0.0100,492236.000,2024-07-12 00:02:31.079
ETH,SELL,0.0204,492215.000,2024-07-12 00:02:34.014
ETH,SELL,1.0000,491403.000,2024-07-12 00:03:17.902
ETH,SELL,0.0100,491400.000,2024-07-12 00:03:43.803
ETH,SELL,0.0204,491116.000,2024-07-12 00:04:02.555
ETH,BUY,0.6000,490739.000,2024-07-12 00:04:39.639
ETH,BUY,0.5200,491130.000,2024-07-12 00:04:51.063
ETH,SELL,0.0203,491116.000,2024-07-12 00:05:17.776
ETH,BUY,0.4700,491139.000,2024-07-12 00:05:34.077
ETH,BUY,0.0240,491269.000,2024-07-12 00:05:53.424
ETH,BUY,0.2100,491666.000,2024-07-12 00:05:54.189
ETH,BUY,0.0600,491554.000,2024-07-12 00:06:06.169
ETH,BUY,0.6000,491554.000,2024-07-12 00:06:07.118
ETH,BUY,0.0800,492179.000,2024-07-12 00:06:42.491
ETH,SELL,0.5400,492006.000,2024-07-12 00:07:30.323
ETH,BUY,0.0100,492087.000,2024-07-12 00:07:39.271
ETH,BUY,0.0100,492087.000,2024-07-12 00:07:42.460
ETH,BUY,0.2500,492124.000,2024-07-12 00:07:50.865
ETH,BUY,0.2200,492378.000,2024-07-12 00:07:52.116
ETH,BUY,0.3800,492466.000,2024-07-12 00:07:54.688
ETH,BUY,0.0148,492563.000,2024-07-12 00:08:00.837
ETH,BUY,0.0259,492563.000,2024-07-12 00:08:08.945
ETH,BUY,0.0141,492821.000,2024-07-12 00:08:08.945
ETH,BUY,0.0123,492627.000,2024-07-12 00:08:14.730
ETH,BUY,0.6000,492692.000,2024-07-12 00:08:18.656
ETH,BUY,0.0100,492727.000,2024-07-12 00:08:19.781
ETH,SELL,0.0470,492590.000,2024-07-12 00:08:50.787
ETH,SELL,0.2000,492081.000,2024-07-12 00:09:49.173
ETH,SELL,0.0173,491633.000,2024-07-12 00:09:51.772
ETH,SELL,0.0276,491368.000,2024-07-12 00:11:06.250
ETH,SELL,0.2159,491393.000,2024-07-12 00:11:09.731
ETH,BUY,0.0600,491118.000,2024-07-12 00:11:31.030
ETH,BUY,0.0500,491151.000,2024-07-12 00:11:33.119
ETH,BUY,0.0400,491235.000,2024-07-12 00:11:37.119
ETH,BUY,0.0900,491439.000,2024-07-12 00:11:38.847
ETH,BUY,0.0172,491604.000,2024-07-12 00:12:05.774
ETH,BUY,0.0209,491722.000,2024-07-12 00:12:11.262
ETH,SELL,0.0620,491277.000,2024-07-12 00:12:21.257
ETH,BUY,0.0700,491170.000,2024-07-12 00:12:55.104
ETH,BUY,0.3100,491393.000,2024-07-12 00:14:15.051
ETH,BUY,0.0100,492615.000,2024-07-12 00:17:04.774
ETH,BUY,0.2959,492878.000,2024-07-12 00:18:46.826
ETH,BUY,0.7041,492879.000,2024-07-12 00:18:46.826
ETH,SELL,0.1000,492977.000,2024-07-12 00:18:55.346
ETH,BUY,0.0100,492942.000,2024-07-12 00:19:00.138
ETH,BUY,0.6000,493627.000,2024-07-12 00:21:18.570
ETH,BUY,0.0351,494201.000,2024-07-12 00:22:58.256
ETH,SELL,0.0199,493710.000,2024-07-12 00:23:12.735
ETH,BUY,0.0261,493868.000,2024-07-12 00:27:00.237
ETH,SELL,0.5976,493876.000,2024-07-12 00:27:15.239
ETH,SELL,0.2024,493876.000,2024-07-12 00:27:15.239
ETH,BUY,1.0000,494670.000,2024-07-12 00:29:34.207
ETH,BUY,0.3000,494715.000,2024-07-12 00:29:34.207
ETH,BUY,0.5865,494661.000,2024-07-12 00:30:07.725
ETH,BUY,0.0500,495134.000,2024-07-12 00:32:38.285
ETH,BUY,0.3500,495200.000,2024-07-12 00:32:44.498
ETH,BUY,0.3200,495200.000,2024-07-12 00:32:45.604
ETH,BUY,0.0156,495452.000,2024-07-12 00:32:52.284
ETH,BUY,0.0200,495681.000,2024-07-12 00:32:57.758
ETH,BUY,0.4000,495314.000,2024-07-12 00:35:21.110
ETH,BUY,0.4000,495314.000,2024-07-12 00:35:22.846
ETH,SELL,0.0110,495516.000,2024-07-12 00:35:49.833
ETH,BUY,0.0100,495517.000,2024-07-12 00:35:50.096
ETH,SELL,0.0110,495367.000,2024-07-12 00:35:59.746
ETH,BUY,0.0110,495521.000,2024-07-12 00:36:56.100
ETH,BUY,0.0800,495544.000,2024-07-12 00:36:56.100
ETH,SELL,0.0143,495387.000,2024-07-12 00:37:42.781
ETH,BUY,0.1000,495561.000,2024-07-12 00:38:30.943
ETH,BUY,0.0100,495509.000,2024-07-12 00:39:24.381
ETH,BUY,0.0100,495589.000,2024-07-12 00:39:27.250
ETH,BUY,1.0000,495982.000,2024-07-12 00:39:45.190
ETH,BUY,0.1000,496000.000,2024-07-12 00:39:45.190
ETH,BUY,0.0300,496000.000,2024-07-12 00:39:45.190
ETH,SELL,0.0152,495659.000,2024-07-12 00:40:07.237
ETH,BUY,1.0000,495866.000,2024-07-12 00:41:06.677
ETH,BUY,0.0583,496000.000,2024-07-12 00:43:02.971
ETH,BUY,0.1100,496001.000,2024-07-12 00:43:38.486
ETH,BUY,0.0583,496351.000,2024-07-12 00:43:40.386
ETH,BUY,0.0217,496393.000,2024-07-12 00:43:40.386
ETH,BUY,0.0300,496020.000,2024-07-12 00:43:48.400
ETH,BUY,0.4000,496559.000,2024-07-12 00:44:09.823
ETH,BUY,0.1400,496566.000,2024-07-12 00:44:37.891
ETH,SELL,0.0177,496001.000,2024-07-12 00:44:38.288
ETH,SELL,1.0000,496035.000,2024-07-12 00:45:18.556
ETH,BUY,1.0000,495542.000,2024-07-12 00:46:58.492
ETH,BUY,0.0100,495668.000,2024-07-12 00:49:01.316
ETH,SELL,0.0200,495557.000,2024-07-12 00:49:33.932
ETH,SELL,0.2589,495542.000,2024-07-12 00:52:31.392
ETH,SELL,0.0197,495542.000,2024-07-12 00:54:48.267
ETH,SELL,1.0000,495542.000,2024-07-12 00:55:42.326
ETH,SELL,0.0154,495542.000,2024-07-12 00:55:43.258
ETH,SELL,0.2465,495542.000,2024-07-12 00:56:45.980
ETH,SELL,0.6000,495542.000,2024-07-12 00:56:46.473
ETH,SELL,0.2000,495542.000,2024-07-12 00:56:46.961
ETH,SELL,0.1385,495542.000,2024-07-12 00:56:47.218
ETH,SELL,0.0116,495542.000,2024-07-12 00:56:51.495
ETH,SELL,0.0700,495542.000,2024-07-12 00:56:53.240
ETH,SELL,0.0957,495542.000,2024-07-12 00:56:53.615
ETH,SELL,0.2000,495542.000,2024-07-12 00:56:53.777
ETH,SELL,0.0100,495542.000,2024-07-12 00:56:53.927
ETH,SELL,0.0100,495542.000,2024-07-12 00:56:54.708
ETH,SELL,0.0466,495542.000,2024-07-12 00:56:55.773
ETH,SELL,0.0936,495542.000,2024-07-12 00:57:00.029
ETH,SELL,0.9835,495542.000,2024-07-12 00:57:00.033
ETH,SELL,0.1000,495500.000,2024-07-12 00:57:00.643
ETH,SELL,0.2000,494716.000,2024-07-12 00:57:02.433
ETH,SELL,0.1000,494716.000,2024-07-12 00:57:02.982
ETH,SELL,0.2635,494715.000,2024-07-12 00:57:39.690
ETH,SELL,0.7365,494088.000,2024-07-12 00:57:39.690
ETH,SELL,0.2000,494089.000,2024-07-12 00:57:40.999
ETH,SELL,0.0100,494089.000,2024-07-12 00:57:41.556
ETH,SELL,0.1000,494089.000,2024-07-12 00:57:42.324
ETH,SELL,0.0100,493870.000,2024-07-12 00:58:15.123
ETH,SELL,0.2000,493870.000,2024-07-12 00:58:16.839
ETH,SELL,0.1000,493870.000,2024-07-12 00:58:18.148
ETH,SELL,0.3100,493870.000,2024-07-12 00:58:18.686
ETH,SELL,0.9800,493870.000,2024-07-12 00:58:19.265
ETH,BUY,1.0000,492794.000,2024-07-12 00:59:12.480
ETH,BUY,0.8200,492884.000,2024-07-12 00:59:34.359
ETH,BUY,0.0100,493308.000,2024-07-12 01:00:25.432
ETH,BUY,1.0000,493520.000,2024-07-12 01:01:05.157
ETH,BUY,0.4000,493957.000,2024-07-12 01:01:05.917
ETH,BUY,0.6000,493957.000,2024-07-12 01:01:06.039
ETH,BUY,0.0700,493957.000,2024-07-12 01:01:06.264
ETH,BUY,0.8200,493570.000,2024-07-12 01:01:13.072
ETH,BUY,0.0100,493580.000,2024-07-12 01:01:57.434
ETH,BUY,0.6000,494333.000,2024-07-12 01:03:16.609
ETH,BUY,0.4000,494148.000,2024-07-12 01:03:17.632
ETH,SELL,0.0500,494536.000,2024-07-12 01:03:41.470
ETH,BUY,0.0388,494376.000,2024-07-12 01:05:28.841
ETH,SELL,0.0157,494358.000,2024-07-12 01:05:39.773
ETH,BUY,0.0102,494601.000,2024-07-12 01:10:16.782
ETH,BUY,0.6000,494601.000,2024-07-12 01:10:17.395
ETH,BUY,0.3200,494601.000,2024-07-12 01:10:17.397
ETH,BUY,0.0698,494601.000,2024-07-12 01:10:17.436
ETH,BUY,0.3302,494868.000,2024-07-12 01:10:17.436
ETH,BUY,0.9600,494741.000,2024-07-12 01:10:53.876
ETH,SELL,0.0610,494358.000,2024-07-12 01:12:16.761
ETH,SELL,0.1653,494358.000,2024-07-12 01:12:21.974
ETH,BUY,0.9600,493958.000,2024-07-12 01:12:44.031
ETH,BUY,0.0400,493958.000,2024-07-12 01:12:44.280
ETH,BUY,0.0228,494056.000,2024-07-12 01:12:44.759
ETH,BUY,0.1200,494072.000,2024-07-12 01:12:55.299
ETH,SELL,0.0268,493751.000,2024-07-12 01:14:20.252
ETH,BUY,0.5260,493899.000,2024-07-12 01:14:22.523
ETH,SELL,0.0164,493017.000,2024-07-12 01:15:16.792
ETH,SELL,0.0128,492942.000,2024-07-12 01:15:22.303
ETH,BUY,1.0000,492538.000,2024-07-12 01:16:04.384
ETH,BUY,0.0431,492611.000,2024-07-12 01:16:10.151
ETH,BUY,1.0000,492221.000,2024-07-12 01:16:17.073
ETH,BUY,0.4000,492769.000,2024-07-12 01:16:24.902
ETH,BUY,0.6000,492818.000,2024-07-12 01:16:25.104
ETH,BUY,0.3200,492820.000,2024-07-12 01:16:25.422
ETH,BUY,0.0100,492820.000,2024-07-12 01:16:26.147
ETH,BUY,0.0500,492402.000,2024-07-12 01:16:28.500
ETH,BUY,0.4000,492402.000,2024-07-12 01:16:28.590
ETH,BUY,0.0220,492402.000,2024-07-12 01:16:28.784
ETH,BUY,0.3200,492402.000,2024-07-12 01:16:28.922
ETH,BUY,0.0416,492402.000,2024-07-12 01:16:29.272
ETH,SELL,0.0176,491840.000,2024-07-12 01:17:33.797
ETH,SELL,0.2824,491840.000,2024-07-12 01:18:05.307
ETH,SELL,1.0000,491840.000,2024-07-12 01:18:05.307
ETH,SELL,0.1000,490795.000,2024-07-12 01:18:12.129
ETH,SELL,0.9000,490795.000,2024-07-12 01:18:12.189
ETH,SELL,0.0100,490706.000,2024-07-12 01:18:12.189
ETH,SELL,0.0900,490510.000,2024-07-12 01:18:12.189
ETH,SELL,0.0138,490510.000,2024-07-12 01:18:12.243
ETH,BUY,1.0000,490457.000,2024-07-12 01:18:37.011
ETH,SELL,0.6200,490459.000,2024-07-12 01:18:37.080
ETH,SELL,0.3800,490456.000,2024-07-12 01:18:37.080
ETH,BUY,0.0101,490826.000,2024-07-12 01:18:37.303
ETH,BUY,0.4107,490826.000,2024-07-12 01:18:37.896
ETH,BUY,0.1600,490826.000,2024-07-12 01:18:38.324
ETH,BUY,0.5893,490499.000,2024-07-12 01:18:38.880
ETH,BUY,0.0300,490499.000,2024-07-12 01:18:39.086
ETH,BUY,0.3807,490499.000,2024-07-12 01:18:40.405
ETH,BUY,0.2900,491028.000,2024-07-12 01:18:40.621
ETH,BUY,0.4400,491028.000,2024-07-12 01:18:40.700
ETH,BUY,0.1000,490605.000,2024-07-12 01:18:42.482
ETH,BUY,0.8100,490605.000,2024-07-12 01:18:43.200
ETH,BUY,0.0247,490605.000,2024-07-12 01:18:43.261
ETH,BUY,0.0653,490605.000,2024-07-12 01:18:44.153
ETH,BUY,0.0128,491105.000,2024-07-12 01:18:44.153
ETH,BUY,0.2719,491143.000,2024-07-12 01:18:44.153
ETH,BUY,0.0100,491144.000,2024-07-12 01:18:44.486
ETH,BUY,0.0900,491223.000,2024-07-12 01:18:47.019
ETH,BUY,0.3100,490323.000,2024-07-12 01:19:07.440
ETH,BUY,0.2000,490323.000,2024-07-12 01:19:07.515
ETH,BUY,0.0900,490434.000,2024-07-12 01:19:08.106
ETH,BUY,0.0700,490377.000,2024-07-12 01:19:10.108
ETH,SELL,0.0240,490200.000,2024-07-12 01:19:11.658
ETH,SELL,0.4760,490200.000,2024-07-12 01:19:13.132
ETH,SELL,0.0822,490010.000,2024-07-12 01:19:21.314
ETH,SELL,0.7178,490010.000,2024-07-12 01:19:22.039
ETH,SELL,0.0100,490000.000,2024-07-12 01:19:22.725
ETH,SELL,0.0300,490000.000,2024-07-12 01:19:22.725
ETH,SELL,0.0300,489408.000,2024-07-12 01:19:26.299
ETH,SELL,0.0098,489387.000,2024-07-12 01:19:26.299
ETH,SELL,0.0002,489387.000,2024-07-12 01:19:27.437
ETH,SELL,0.0298,489059.000,2024-07-12 01:19:27.437
ETH,BUY,0.0300,489034.000,2024-07-12 01:19:33.838
ETH,BUY,0.9700,489034.000,2024-07-12 01:19:34.059
ETH,BUY,0.0300,489447.000,2024-07-12 01:19:34.059
ETH,BUY,0.0200,489447.000,2024-07-12 01:19:34.118
ETH,BUY,1.0000,489109.000,2024-07-12 01:19:39.882
ETH,BUY,0.0204,489420.000,2024-07-12 01:19:49.377
ETH,BUY,0.0204,489635.000,2024-07-12 01:19:59.414
ETH,BUY,0.0204,489095.000,2024-07-12 01:20:09.393
ETH,BUY,0.0204,489064.000,2024-07-12 01:20:19.503
ETH,BUY,0.0204,489064.000,2024-07-12 01:20:29.535
ETH,BUY,0.0204,489114.000,2024-07-12 01:20:39.426
ETH,BUY,0.0204,489059.000,2024-07-12 01:20:49.453
ETH,BUY,0.0500,489056.000,2024-07-12 01:20:53.206
ETH,BUY,0.0204,489100.000,2024-07-12 01:20:59.441
ETH,BUY,0.0204,489142.000,2024-07-12 01:21:09.422
ETH,BUY,0.0204,489230.000,2024-07-12 01:21:19.377
ETH,BUY,0.0203,489247.000,2024-07-12 01:21:29.465
ETH,BUY,0.2410,489247.000,2024-07-12 01:21:30.434
ETH,BUY,0.7590,489288.000,2024-07-12 01:21:30.434
ETH,BUY,0.4800,489030.000,2024-07-12 01:21:40.401
ETH,BUY,0.5200,489030.000,2024-07-12 01:21:40.568
ETH,BUY,0.0400,489282.000,2024-07-12 01:21:43.781
ETH,BUY,0.0900,489282.000,2024-07-12 01:21:44.066
ETH,BUY,0.2000,489282.000,2024-07-12 01:21:44.275
ETH,BUY,1.0000,489484.000,2024-07-12 01:21:45.083
ETH,BUY,0.0378,489840.000,2024-07-12 01:21:45.251
ETH,BUY,0.5507,489681.000,2024-07-12 01:21:48.375
ETH,BUY,0.0400,489681.000,2024-07-12 01:21:50.004
ETH,BUY,0.0203,489447.000,2024-07-12 01:22:09.465
ETH,BUY,1.0000,489743.000,2024-07-12 01:22:16.665
ETH,BUY,0.0203,489837.000,2024-07-12 01:22:19.456
ETH,BUY,0.1000,489197.000,2024-07-12 01:22:36.051
ETH,BUY,0.0204,489149.000,2024-07-12 01:22:39.395
ETH,SELL,0.0219,489115.000,2024-07-12 01:24:05.067
ETH,SELL,0.0001,489115.000,2024-07-12 01:24:06.147
ETH,SELL,0.0205,489000.000,2024-07-12 01:24:09.177
ETH,SELL,0.0100,489000.000,2024-07-12 01:24:09.177
ETH,SELL,0.1009,489000.000,2024-07-12 01:24:09.177
ETH,SELL,0.5491,489000.000,2024-07-12 01:24:09.250
ETH,SELL,0.0500,488869.000,2024-07-12 01:24:09.250
ETH,SELL,0.0100,488800.000,2024-07-12 01:24:09.250
ETH,SELL,1.0000,488313.000,2024-07-12 01:24:09.250
ETH,SELL,0.7981,488225.000,2024-07-12 01:24:09.250
ETH,SELL,0.0120,488000.000,2024-07-12 01:24:09.250
ETH,SELL,1.0000,487953.000,2024-07-12 01:24:09.250
ETH,SELL,0.1000,487786.000,2024-07-12 01:24:09.250
ETH,SELL,0.2614,487785.000,2024-07-12 01:24:09.250
ETH,SELL,0.6516,487590.000,2024-07-12 01:24:09.250
ETH,SELL,0.0205,487578.000,2024-07-12 01:24:09.250
ETH,SELL,0.0205,487549.000,2024-07-12 01:24:09.250
ETH,SELL,0.0205,487288.000,2024-07-12 01:24:09.250
ETH,SELL,0.0205,487259.000,2024-07-12 01:24:09.250
ETH,SELL,0.4858,487143.000,2024-07-12 01:24:09.250
ETH,BUY,0.0100,488076.000,2024-07-12 01:24:13.504
ETH,BUY,0.9900,488076.000,2024-07-12 01:24:14.084
ETH,BUY,0.4858,488089.000,2024-07-12 01:24:52.989
ETH,BUY,0.0820,488092.000,2024-07-12 01:24:52.989
ETH,BUY,0.6516,488121.000,2024-07-12 01:25:03.587
ETH,BUY,0.2616,488122.000,2024-07-12 01:25:03.587
ETH,SELL,0.6190,488128.000,2024-07-12 01:25:29.449
ETH,SELL,0.1600,488079.000,2024-07-12 01:25:29.449
ETH,SELL,0.0687,488076.000,2024-07-12 01:25:29.449
ETH,SELL,0.0245,488076.000,2024-07-12 01:25:37.248
ETH,SELL,1.8421,488076.000,2024-07-12 01:25:37.906
ETH,SELL,0.1097,488076.000,2024-07-12 01:25:38.183
ETH,SELL,0.0459,487230.000,2024-07-12 01:25:42.773
ETH,BUY,1.0000,487252.000,2024-07-12 01:25:49.709
ETH,BUY,0.6000,487702.000,2024-07-12 01:25:49.820
ETH,SELL,0.5000,487259.000,2024-07-12 01:25:55.481
ETH,BUY,0.0249,487432.000,2024-07-12 01:25:57.605
ETH,BUY,0.2590,487561.000,2024-07-12 01:26:56.181
ETH,BUY,0.0508,487332.000,2024-07-12 01:27:00.248
ETH,BUY,0.1000,487332.000,2024-07-12 01:27:00.513
ETH,BUY,0.8000,487549.000,2024-07-12 01:27:14.195
ETH,BUY,0.0384,487549.000,2024-07-12 01:27:14.329
ETH,BUY,0.1100,487549.000,2024-07-12 01:27:14.416
ETH,BUY,0.0433,487875.000,2024-07-12 01:27:17.755
ETH,BUY,0.2000,488061.000,2024-07-12 01:27:27.883
ETH,BUY,0.2500,488167.000,2024-07-12 01:27:32.482
ETH,BUY,0.2000,488503.000,2024-07-12 01:27:42.778
ETH,BUY,0.0270,488561.000,2024-07-12 01:27:45.764
ETH,BUY,0.4000,488740.000,2024-07-12 01:28:17.185
ETH,BUY,0.0100,489172.000,2024-07-12 01:28:24.241
ETH,BUY,0.0500,488671.000,2024-07-12 01:28:56.621
ETH,BUY,0.0100,489021.000,2024-07-12 01:29:31.259
ETH,BUY,0.0277,488426.000,2024-07-12 01:30:42.776
ETH,BUY,0.4000,488426.000,2024-07-12 01:30:44.564
ETH,BUY,0.2000,488426.000,2024-07-12 01:30:44.783
ETH,BUY,0.1000,488536.000,2024-07-12 01:30:45.935
ETH,BUY,0.2000,488665.000,2024-07-12 01:30:48.242
ETH,BUY,0.0300,488875.000,2024-07-12 01:31:13.243
ETH,BUY,0.0200,488924.000,2024-07-12 01:31:15.411
ETH,BUY,0.2000,488924.000,2024-07-12 01:31:17.227
ETH,BUY,0.1500,488924.000,2024-07-12 01:31:17.228
ETH,BUY,0.0180,489081.000,2024-07-12 01:32:07.751
ETH,BUY,0.0300,489194.000,2024-07-12 01:32:12.521
ETH,BUY,0.3700,489423.000,2024-07-12 01:32:25.591
ETH,BUY,0.0145,489423.000,2024-07-12 01:32:25.852
ETH,BUY,0.0126,489423.000,2024-07-12 01:32:26.773
ETH,BUY,0.0100,489945.000,2024-07-12 01:33:23.878
ETH,BUY,0.1900,490009.000,2024-07-12 01:34:22.770
ETH,BUY,0.1010,490050.000,2024-07-12 01:35:14.512
ETH,BUY,0.0200,490053.000,2024-07-12 01:35:16.116
ETH,BUY,0.0900,490128.000,2024-07-12 01:35:27.103
ETH,BUY,0.0200,489963.000,2024-07-12 01:35:32.522
ETH,BUY,1.0000,489996.000,2024-07-12 01:35:38.856
ETH,BUY,1.3833,490329.000,2024-07-12 01:35:38.856
ETH,BUY,1.8459,490330.000,2024-07-12 01:35:38.856
ETH,BUY,0.1975,490372.000,2024-07-12 01:35:38.856
ETH,BUY,0.5733,490564.000,2024-07-12 01:35:38.856
ETH,BUY,0.0101,490132.000,2024-07-12 01:35:39.830
ETH,BUY,0.0313,490145.000,2024-07-12 01:35:46.783
ETH,BUY,0.0100,490170.000,2024-07-12 01:35:59.774
ETH,BUY,0.0100,490700.000,2024-07-12 01:36:26.248
ETH,BUY,0.0263,490411.000,2024-07-12 01:36:45.257
ETH,BUY,0.0600,490411.000,2024-07-12 01:36:45.326
ETH,BUY,0.0100,490912.000,2024-07-12 01:36:49.080
ETH,BUY,0.0478,490531.000,2024-07-12 01:36:58.261
ETH,BUY,0.0100,491085.000,2024-07-12 01:37:23.377
ETH,BUY,0.0500,490694.000,2024-07-12 01:37:35.196
ETH,BUY,0.0200,490742.000,2024-07-12 01:37:41.670
ETH,BUY,0.3200,490790.000,2024-07-12 01:37:43.406
ETH,BUY,0.0200,490968.000,2024-07-12 01:37:48.144
ETH,BUY,0.4000,491004.000,2024-07-12 01:37:50.595
ETH,BUY,0.3200,491095.000,2024-07-12 01:37:51.523
ETH,BUY,0.0262,491095.000,2024-07-12 01:37:53.271
ETH,BUY,0.0100,491273.000,2024-07-12 01:38:12.249
ETH,BUY,0.0100,491376.000,2024-07-12 01:41:44.332
ETH,BUY,0.2100,491440.000,2024-07-12 01:42:43.131
ETH,BUY,0.0241,491440.000,2024-07-12 01:42:43.275
ETH,BUY,0.0500,491521.000,2024-07-12 01:42:50.372
ETH,BUY,0.0600,491650.000,2024-07-12 01:42:50.372
ETH,BUY,0.4000,491650.000,2024-07-12 01:42:50.451
ETH,BUY,0.1000,491694.000,2024-07-12 01:44:17.190
ETH,BUY,0.0819,491695.000,2024-07-12 01:44:17.190
ETH,BUY,1.0000,491198.000,2024-07-12 01:46:36.268
ETH,BUY,0.8300,491257.000,2024-07-12 01:46:39.922
ETH,BUY,0.1700,491257.000,2024-07-12 01:46:40.814
ETH,BUY,1.0000,491385.000,2024-07-12 01:46:43.498
ETH,BUY,0.6600,491408.000,2024-07-12 01:46:45.942
ETH,BUY,0.0100,491449.000,2024-07-12 01:46:48.777
ETH,BUY,0.3200,491718.000,2024-07-12 01:47:03.419
ETH,BUY,0.4000,491718.000,2024-07-12 01:47:03.582
ETH,BUY,0.0117,491889.000,2024-07-12 01:47:07.795
ETH,BUY,0.0101,492367.000,2024-07-12 01:47:13.255
ETH,BUY,0.4000,492364.000,2024-07-12 01:47:16.082
ETH,BUY,0.0500,492067.000,2024-07-12 01:47:37.448
ETH,BUY,0.0200,492034.000,2024-07-12 01:47:41.252
ETH,BUY,0.0400,492034.000,2024-07-12 01:47:41.334
ETH,BUY,0.0300,492479.000,2024-07-12 01:47:43.275
ETH,BUY,0.0500,492479.000,2024-07-12 01:47:47.283
ETH,SELL,0.1000,491796.000,2024-07-12 01:48:23.403
ETH,BUY,0.0300,492035.000,2024-07-12 01:48:37.356
ETH,BUY,0.3200,491981.000,2024-07-12 01:48:42.371
ETH,BUY,0.4000,491981.000,2024-07-12 01:48:42.501
ETH,BUY,0.0264,491994.000,2024-07-12 01:48:45.251
ETH,BUY,0.9736,491994.000,2024-07-12 01:48:46.888
ETH,BUY,0.0372,492062.000,2024-07-12 01:48:50.793
ETH,BUY,0.0100,492225.000,2024-07-12 01:49:09.493
ETH,BUY,0.0700,492172.000,2024-07-12 01:49:37.719
ETH,BUY,0.1200,492024.000,2024-07-12 01:49:40.588
ETH,BUY,0.0400,492081.000,2024-07-12 01:49:46.873
ETH,BUY,0.0900,492136.000,2024-07-12 01:49:52.499
ETH,BUY,0.0300,492352.000,2024-07-12 01:49:54.103
ETH,BUY,0.0100,492352.000,2024-07-12 01:49:55.342
ETH,BUY,0.0500,492352.000,2024-07-12 01:49:55.516
ETH,BUY,0.0320,492344.000,2024-07-12 01:50:08.253
ETH,BUY,0.0400,492344.000,2024-07-12 01:50:08.466
ETH,BUY,1.0000,492106.000,2024-07-12 01:50:09.623
ETH,BUY,1.0000,492139.000,2024-07-12 01:50:13.180
ETH,BUY,0.0400,492522.000,2024-07-12 01:50:36.086
ETH,BUY,0.0400,492522.000,2024-07-12 01:50:37.577
ETH,BUY,0.0200,492553.000,2024-07-12 01:50:41.360
ETH,BUY,0.0380,492834.000,2024-07-12 01:50:43.781
ETH,BUY,1.0000,492083.000,2024-07-12 01:52:25.662
ETH,BUY,1.0000,492098.000,2024-07-12 01:52:29.167
ETH,BUY,1.0000,492196.000,2024-07-12 01:52:30.224
ETH,BUY,1.0000,492222.000,2024-07-12 01:52:34.767
ETH,BUY,1.0000,492234.000,2024-07-12 01:52:36.048
ETH,BUY,1.0000,492327.000,2024-07-12 01:52:40.839
ETH,BUY,1.0000,492357.000,2024-07-12 01:52:44.365
ETH,BUY,1.0000,492446.000,2024-07-12 01:52:45.386
ETH,BUY,0.0100,492545.000,2024-07-12 01:52:54.545
ETH,BUY,0.9900,492545.000,2024-07-12 01:52:54.882
ETH,BUY,0.0016,492678.000,2024-07-12 01:52:54.882
ETH,BUY,0.0500,492678.000,2024-07-12 01:52:55.302
ETH,BUY,0.1000,492848.000,2024-07-12 01:54:08.941
ETH,BUY,0.1000,492794.000,2024-07-12 01:55:08.424
ETH,BUY,0.0183,492538.000,2024-07-12 01:55:52.239
ETH,BUY,0.4000,492577.000,2024-07-12 01:57:10.944
ETH,BUY,0.0300,492577.000,2024-07-12 01:57:11.081
ETH,BUY,0.0154,493057.000,2024-07-12 01:57:27.734
ETH,BUY,1.0000,492812.000,2024-07-12 01:57:39.625
ETH,BUY,0.0242,493114.000,2024-07-12 01:58:12.235
ETH,BUY,0.0214,493106.000,2024-07-12 01:58:19.260
ETH,SELL,0.0377,492803.000,2024-07-12 01:58:24.739
ETH,BUY,0.0312,493099.000,2024-07-12 01:58:31.741
ETH,SELL,0.0192,492937.000,2024-07-12 01:59:52.236
ETH,BUY,1.0000,493116.000,2024-07-12 01:59:59.929
ETH,BUY,1.0000,493141.000,2024-07-12 01:59:59.929
ETH,BUY,0.0100,492726.000,2024-07-12 02:03:26.319
ETH,BUY,0.1000,492726.000,2024-07-12 02:03:44.097
ETH,BUY,0.0417,492662.000,2024-07-12 02:05:09.803
ETH,BUY,0.0100,492709.000,2024-07-12 02:05:33.236
ETH,BUY,0.0300,492971.000,2024-07-12 02:06:03.892
ETH,SELL,0.4000,492601.000,2024-07-12 02:06:11.226
ETH,SELL,0.9970,492218.000,2024-07-12 02:06:11.855
ETH,SELL,0.0100,492000.000,2024-07-12 02:06:12.074
ETH,SELL,0.2002,491931.000,2024-07-12 02:06:12.074
ETH,BUY,0.0120,492025.000,2024-07-12 02:06:29.819
ETH,BUY,0.2002,492258.000,2024-07-12 02:06:32.763
ETH,BUY,0.1998,492263.000,2024-07-12 02:06:32.763
ETH,BUY,0.4000,492118.000,2024-07-12 02:06:37.733
ETH,BUY,0.9401,492202.000,2024-07-12 02:07:04.092
ETH,BUY,0.1802,492206.000,2024-07-12 02:07:04.092
ETH,BUY,0.0900,492332.000,2024-07-12 02:07:04.092
ETH,BUY,1.0000,492535.000,2024-07-12 02:07:17.630
ETH,BUY,0.7897,492565.000,2024-07-12 02:07:17.630
ETH,BUY,0.0236,492266.000,2024-07-12 02:07:38.757
ETH,BUY,0.0222,492796.000,2024-07-12 02:07:44.272
ETH,BUY,0.0100,492884.000,2024-07-12 02:07:52.774
ETH,BUY,0.1800,492942.000,2024-07-12 02:07:54.096
ETH,BUY,0.2200,492432.000,2024-07-12 02:07:55.564
ETH,SELL,0.5000,492578.000,2024-07-12 02:08:08.991
ETH,BUY,0.7750,492913.000,2024-07-12 02:08:34.894
ETH,BUY,0.4000,492856.000,2024-07-12 02:09:50.128
ETH,BUY,0.2700,493083.000,2024-07-12 02:09:57.512
ETH,BUY,0.1200,493072.000,2024-07-12 02:10:01.139
ETH,BUY,0.0100,493226.000,2024-07-12 02:10:04.767
ETH,BUY,0.0200,493284.000,2024-07-12 02:10:15.492
ETH,BUY,0.0100,493464.000,2024-07-12 02:10:28.778
ETH,BUY,0.0188,493342.000,2024-07-12 02:11:26.773
ETH,BUY,0.0526,493342.000,2024-07-12 02:11:26.918
ETH,BUY,0.4000,493342.000,2024-07-12 02:11:27.171
ETH,BUY,0.0294,493924.000,2024-07-12 02:11:32.237
ETH,SELL,0.0305,493389.000,2024-07-12 02:11:58.848
ETH,SELL,0.0100,493460.000,2024-07-12 02:12:16.239
ETH,SELL,0.0900,493341.000,2024-07-12 02:12:16.239
ETH,BUY,0.3300,493365.000,2024-07-12 02:12:26.784
ETH,BUY,0.0600,493364.000,2024-07-12 02:12:28.105
ETH,BUY,0.0100,493460.000,2024-07-12 02:12:35.097
ETH,BUY,0.0274,493608.000,2024-07-12 02:12:53.266
ETH,BUY,0.0100,493608.000,2024-07-12 02:12:53.563
ETH,BUY,0.0287,493696.000,2024-07-12 02:12:54.476
ETH,BUY,0.2000,493547.000,2024-07-12 02:12:58.835
ETH,BUY,0.4000,493638.000,2024-07-12 02:13:53.575
ETH,BUY,0.2000,493696.000,2024-07-12 02:13:57.096
ETH,BUY,0.2000,493783.000,2024-07-12 02:13:58.560
ETH,BUY,0.0800,493839.000,2024-07-12 02:14:02.096
ETH,SELL,0.0100,493638.000,2024-07-12 02:14:56.245
ETH,SELL,0.0076,493638.000,2024-07-12 02:15:15.246
ETH,SELL,0.0558,493575.000,2024-07-12 02:15:15.246
ETH,SELL,0.0100,493541.000,2024-07-12 02:15:26.800
ETH,BUY,0.0101,493646.000,2024-07-12 02:16:26.570
ETH,BUY,0.0399,493646.000,2024-07-12 02:16:26.570
ETH,BUY,0.2100,493843.000,2024-07-12 02:18:35.508
ETH,SELL,0.0235,493830.000,2024-07-12 02:19:23.269
ETH,SELL,0.0159,493830.000,2024-07-12 02:19:23.743
ETH,SELL,0.0182,493231.000,2024-07-12 02:19:28.738
ETH,BUY,0.0700,493633.000,2024-07-12 02:20:45.471
ETH,BUY,0.0800,493633.000,2024-07-12 02:20:47.870
ETH,BUY,0.0600,493852.000,2024-07-12 02:21:40.878
ETH,BUY,0.0100,494386.000,2024-07-12 02:23:20.554
ETH,BUY,1.0000,494394.000,2024-07-12 02:23:20.554
ETH,BUY,0.5400,494823.000,2024-07-12 02:23:20.554
ETH,BUY,0.1000,494812.000,2024-07-12 02:23:27.839
ETH,BUY,0.0500,494853.000,2024-07-12 02:23:27.839
ETH,BUY,0.0200,494483.000,2024-07-12 02:23:36.650
ETH,BUY,0.2755,495049.000,2024-07-12 02:24:26.809
ETH,BUY,0.0270,495468.000,2024-07-12 02:25:14.768
ETH,SELL,0.0826,495871.000,2024-07-12 02:25:31.462
ETH,SELL,0.0999,495599.000,2024-07-12 02:25:36.740
ETH,BUY,0.0573,495619.000,2024-07-12 02:25:41.419
ETH,SELL,0.0450,495888.000,2024-07-12 02:25:42.287
ETH,SELL,0.0345,495592.000,2024-07-12 02:25:52.274
ETH,SELL,0.0134,495597.000,2024-07-12 02:25:57.765
ETH,SELL,0.0418,495105.000,2024-07-12 02:26:40.763
ETH,BUY,0.0960,495009.000,2024-07-12 02:26:47.079
ETH,BUY,0.0999,495016.000,2024-07-12 02:26:47.079
ETH,BUY,0.3033,495204.000,2024-07-12 02:26:47.079
ETH,BUY,1.0000,495082.000,2024-07-12 02:26:54.876
ETH,BUY,1.0000,494120.000,2024-07-12 02:28:26.188
ETH,BUY,0.0290,494719.000,2024-07-12 02:28:26.747
ETH,BUY,0.0400,494462.000,2024-07-12 02:28:51.698
ETH,SELL,0.4000,494389.000,2024-07-12 02:30:49.536
ETH,SELL,0.3132,494375.000,2024-07-12 02:30:49.536
ETH,BUY,0.4000,494765.000,2024-07-12 02:30:54.346
ETH,BUY,0.4000,494827.000,2024-07-12 02:31:22.600
ETH,BUY,0.0202,494842.000,2024-07-12 02:32:03.826
ETH,BUY,0.4000,494937.000,2024-07-12 02:32:12.163
ETH,BUY,0.0500,494553.000,2024-07-12 02:32:16.118
ETH,BUY,0.0177,494914.000,2024-07-12 02:32:21.290
ETH,BUY,1.0000,494612.000,2024-07-12 02:32:28.143
ETH,BUY,1.0000,494627.000,2024-07-12 02:32:32.149
ETH,BUY,1.0000,494672.000,2024-07-12 02:32:38.233
ETH,BUY,1.0000,494748.000,2024-07-12 02:32:40.205
ETH,BUY,0.0759,495233.000,2024-07-12 02:32:53.746
ETH,BUY,0.0100,495259.000,2024-07-12 02:32:54.516
ETH,BUY,0.1000,495259.000,2024-07-12 02:32:55.411
ETH,BUY,0.3842,495262.000,2024-07-12 02:33:10.016
ETH,BUY,0.1542,495238.000,2024-07-12 02:33:26.490
ETH,BUY,0.1000,495112.000,2024-07-12 02:34:09.745
ETH,BUY,0.0222,495099.000,2024-07-12 02:34:21.746
ETH,BUY,0.0186,495022.000,2024-07-12 02:34:58.753
ETH,BUY,1.0000,495059.000,2024-07-12 02:35:03.310
ETH,SELL,0.2300,495000.000,2024-07-12 02:35:50.568
ETH,BUY,0.0119,494693.000,2024-07-12 02:36:04.266
ETH,BUY,0.0171,494798.000,2024-07-12 02:36:09.743
ETH,BUY,0.0702,494747.000,2024-07-12 02:39:06.409
ETH,BUY,0.3298,494748.000,2024-07-12 02:39:06.409
ETH,BUY,0.4000,494748.000,2024-07-12 02:39:06.508
ETH,BUY,0.4000,494798.000,2024-07-12 02:39:11.869
ETH,BUY,0.4000,494885.000,2024-07-12 02:39:28.584
ETH,BUY,0.1800,494798.000,2024-07-12 02:40:09.123
ETH,BUY,0.0346,494798.000,2024-07-12 02:40:12.295
ETH,BUY,0.2200,494798.000,2024-07-12 02:40:12.876
ETH,BUY,0.4000,494798.000,2024-07-12 02:40:13.574
ETH,BUY,0.1654,494798.000,2024-07-12 02:40:13.968
ETH,BUY,0.2346,495001.000,2024-07-12 02:40:13.968
ETH,BUY,0.0181,495059.000,2024-07-12 02:40:17.795
ETH,BUY,0.4000,495407.000,2024-07-12 02:42:44.241
ETH,BUY,0.4000,495465.000,2024-07-12 02:42:45.502
ETH,BUY,0.4000,495784.000,2024-07-12 02:44:41.109
ETH,BUY,0.4000,495784.000,2024-07-12 02:44:41.261
ETH,BUY,0.4000,495784.000,2024-07-12 02:44:41.742
ETH,BUY,0.0200,495813.000,2024-07-12 02:44:56.874
ETH,BUY,0.4000,495654.000,2024-07-12 02:46:15.643
ETH,BUY,0.4000,496102.000,2024-07-12 02:46:15.923
ETH,BUY,0.4000,496132.000,2024-07-12 02:46:19.024
ETH,BUY,0.0120,496184.000,2024-07-12 02:46:25.940
ETH,BUY,0.4000,495640.000,2024-07-12 02:47:46.893
ETH,BUY,0.4000,495640.000,2024-07-12 02:47:47.097
ETH,BUY,0.2000,495640.000,2024-07-12 02:47:48.669
ETH,BUY,0.2000,496187.000,2024-07-12 02:47:48.669
ETH,BUY,0.0507,496242.000,2024-07-12 02:48:00.812
ETH,BUY,0.0300,496248.000,2024-07-12 02:48:13.171
ETH,BUY,3.0000,496306.000,2024-07-12 02:48:46.930
ETH,BUY,0.3100,496335.000,2024-07-12 02:49:40.468
ETH,SELL,0.0200,495898.000,2024-07-12 02:50:09.247
ETH,SELL,0.1000,495819.000,2024-07-12 02:50:47.750
ETH,BUY,1.0000,495226.000,2024-07-12 02:51:51.874
ETH,BUY,0.0100,495578.000,2024-07-12 02:52:13.969
ETH,BUY,0.2100,495678.000,2024-07-12 02:52:38.873
ETH,BUY,0.4000,495678.000,2024-07-12 02:52:38.965
ETH,BUY,0.4000,495934.000,2024-07-12 02:53:10.609
ETH,BUY,0.0200,496328.000,2024-07-12 02:54:47.042
ETH,BUY,0.0400,496329.000,2024-07-12 02:54:47.042
ETH,BUY,0.4000,496287.000,2024-07-12 02:55:40.567
ETH,BUY,0.0500,496316.000,2024-07-12 02:55:51.674
ETH,BUY,0.0146,496150.000,2024-07-12 02:56:59.254
ETH,BUY,0.0162,496133.000,2024-07-12 02:57:16.753
ETH,BUY,0.0220,496190.000,2024-07-12 02:57:38.764
ETH,BUY,0.0415,496300.000,2024-07-12 02:58:35.245
ETH,BUY,0.0202,496107.000,2024-07-12 03:00:07.212
ETH,BUY,0.0277,496160.000,2024-07-12 03:00:31.758
ETH,BUY,0.0360,496160.000,2024-07-12 03:00:47.760
ETH,BUY,0.0100,496160.000,2024-07-12 03:01:06.830
ETH,BUY,0.1263,496160.000,2024-07-12 03:01:20.973
ETH,BUY,3.8737,496190.000,2024-07-12 03:01:20.973
ETH,BUY,0.4591,496262.000,2024-07-12 03:01:23.009
ETH,BUY,3.5409,496277.000,2024-07-12 03:01:23.009
ETH,BUY,0.1585,496300.000,2024-07-12 03:01:41.633
ETH,BUY,1.0000,496331.000,2024-07-12 03:01:41.633
ETH,BUY,0.8415,496335.000,2024-07-12 03:01:41.633
ETH,BUY,0.0158,496301.000,2024-07-12 03:02:14.245
ETH,BUY,0.0842,496022.000,2024-07-12 03:03:01.064
ETH,BUY,0.0100,496161.000,2024-07-12 03:03:03.029
ETH,BUY,2.0000,496219.000,2024-07-12 03:03:25.199
ETH,SELL,0.0547,496157.000,2024-07-12 03:03:37.843
ETH,SELL,0.0822,496157.000,2024-07-12 03:03:40.794
ETH,BUY,0.0750,496158.000,2024-07-12 03:03:59.038
ETH,BUY,0.0200,496158.000,2024-07-12 03:04:21.871
ETH,SELL,0.0587,496157.000,2024-07-12 03:04:39.217
ETH,SELL,0.2000,496157.000,2024-07-12 03:04:42.882
ETH,SELL,0.0131,496157.000,2024-07-12 03:04:48.242
ETH,SELL,0.0330,496157.000,2024-07-12 03:04:59.092
ETH,BUY,0.1000,496158.000,2024-07-12 03:04:59.728
ETH,SELL,0.1181,496157.000,2024-07-12 03:04:59.921
ETH,SELL,0.0819,496000.000,2024-07-12 03:04:59.921
ETH,SELL,0.0281,496000.000,2024-07-12 03:05:01.324
ETH,SELL,0.1230,495499.000,2024-07-12 03:05:01.324
ETH,SELL,0.1000,495161.000,2024-07-12 03:05:02.376
ETH,BUY,1.0000,495320.000,2024-07-12 03:05:03.516
ETH,SELL,1.0000,495131.000,2024-07-12 03:05:59.300
ETH,BUY,1.8100,495146.000,2024-07-12 03:07:19.866
ETH,BUY,1.8100,495146.000,2024-07-12 03:07:19.943
ETH,BUY,0.0253,495204.000,2024-07-12 03:08:42.820
ETH,BUY,0.0101,495233.000,2024-07-12 03:09:05.785
ETH,BUY,0.4000,495349.000,2024-07-12 03:09:11.788
ETH,BUY,0.4000,495436.000,2024-07-12 03:09:12.916
ETH,BUY,0.0144,495331.000,2024-07-12 03:09:44.254
ETH,BUY,0.0276,495099.000,2024-07-12 03:10:24.258
ETH,BUY,0.0569,495089.000,2024-07-12 03:10:29.811
ETH,BUY,0.0954,495116.000,2024-07-12 03:10:33.663
ETH,BUY,0.1046,495117.000,2024-07-12 03:10:33.663
ETH,BUY,0.1800,495083.000,2024-07-12 03:10:37.143
ETH,BUY,0.1000,495085.000,2024-07-12 03:10:39.308
ETH,BUY,0.0298,495088.000,2024-07-12 03:10:39.745
ETH,BUY,0.1000,495069.000,2024-07-12 03:10:45.189
ETH,BUY,0.0302,494891.000,2024-07-12 03:10:55.167
ETH,BUY,0.0201,494926.000,2024-07-12 03:11:09.399
ETH,BUY,0.0399,494926.000,2024-07-12 03:11:15.245
ETH,BUY,0.0201,494926.000,2024-07-12 03:11:19.531
ETH,BUY,0.0201,494770.000,2024-07-12 03:11:39.379
ETH,BUY,0.0201,494685.000,2024-07-12 03:11:49.406
ETH,BUY,0.0201,494743.000,2024-07-12 03:11:59.354
ETH,BUY,0.0201,494797.000,2024-07-12 03:12:09.460
ETH,BUY,0.1000,494797.000,2024-07-12 03:12:10.661
ETH,BUY,0.0495,494861.000,2024-07-12 03:12:11.779
ETH,BUY,0.4000,494871.000,2024-07-12 03:12:15.954
ETH,BUY,0.0454,494941.000,2024-07-12 03:12:17.239
ETH,BUY,0.0201,494943.000,2024-07-12 03:12:19.539
ETH,BUY,0.0757,494972.000,2024-07-12 03:12:25.747
ETH,BUY,0.0829,494944.000,2024-07-12 03:12:31.284
ETH,BUY,0.0306,494940.000,2024-07-12 03:12:38.270
ETH,SELL,1.0000,494665.000,2024-07-12 03:12:45.834
ETH,SELL,0.4000,494663.000,2024-07-12 03:12:45.834
ETH,SELL,0.3200,494544.000,2024-07-12 03:12:45.834
ETH,BUY,0.0873,494566.000,2024-07-12 03:12:58.753
ETH,BUY,0.0516,494595.000,2024-07-12 03:13:11.770
ETH,BUY,0.0280,494604.000,2024-07-12 03:13:17.249
ETH,SELL,0.0200,494000.000,2024-07-12 03:13:40.774
ETH,SELL,0.0300,494000.000,2024-07-12 03:13:40.774
ETH,SELL,0.0500,493773.000,2024-07-12 03:13:40.774
ETH,BUY,0.0234,493841.000,2024-07-12 03:14:19.260
ETH,BUY,0.0351,493719.000,2024-07-12 03:14:47.267
ETH,BUY,0.0100,493679.000,2024-07-12 03:14:54.246
ETH,BUY,0.0500,493733.000,2024-07-12 03:14:59.221
ETH,BUY,0.0305,493870.000,2024-07-12 03:15:02.886
ETH,BUY,0.0315,493971.000,2024-07-12 03:15:08.288
ETH,BUY,0.0100,494131.000,2024-07-12 03:15:30.312
ETH,BUY,0.0257,494247.000,2024-07-12 03:15:58.787
ETH,BUY,0.0102,494236.000,2024-07-12 03:16:08.273
ETH,BUY,0.0333,494239.000,2024-07-12 03:16:08.769
ETH,BUY,1.0000,493541.000,2024-07-12 03:17:00.699
ETH,BUY,0.0204,494005.000,2024-07-12 03:17:00.770
ETH,BUY,0.0113,493619.000,2024-07-12 03:17:25.742
ETH,BUY,0.3200,494073.000,2024-07-12 03:17:44.375
ETH,BUY,0.0239,494043.000,2024-07-12 03:18:17.741
ETH,BUY,0.0100,494047.000,2024-07-12 03:18:40.010
ETH,BUY,0.2200,493944.000,2024-07-12 03:18:53.495
ETH,BUY,0.2100,493862.000,2024-07-12 03:18:54.111
ETH,BUY,0.1500,493833.000,2024-07-12 03:19:16.407
ETH,BUY,0.0500,493793.000,2024-07-12 03:19:24.265
ETH,SELL,0.5000,493460.000,2024-07-12 03:19:40.550
ETH,SELL,0.5000,493110.000,2024-07-12 03:19:40.550
ETH,BUY,0.2000,492908.000,2024-07-12 03:20:09.389
ETH,BUY,0.0250,492897.000,2024-07-12 03:20:24.944
ETH,BUY,0.0120,492897.000,2024-07-12 03:20:25.533
ETH,BUY,0.0100,492897.000,2024-07-12 03:20:26.129
ETH,BUY,0.0308,492903.000,2024-07-12 03:20:37.384
ETH,BUY,0.0394,492909.000,2024-07-12 03:20:38.369
ETH,BUY,0.0188,492913.000,2024-07-12 03:20:47.381
ETH,BUY,0.0204,493028.000,2024-07-12 03:20:50.260
ETH,BUY,0.3200,492980.000,2024-07-12 03:21:09.382
ETH,BUY,0.0384,492984.000,2024-07-12 03:21:10.765
ETH,BUY,0.3200,492931.000,2024-07-12 03:21:57.355
ETH,BUY,0.0101,492942.000,2024-07-12 03:22:10.290
ETH,BUY,0.1500,493028.000,2024-07-12 03:22:16.282
ETH,BUY,0.0896,492719.000,2024-07-12 03:22:44.146
ETH,BUY,0.2304,492767.000,2024-07-12 03:22:44.146
ETH,BUY,0.0400,492738.000,2024-07-12 03:23:04.363
ETH,BUY,0.1726,492614.000,2024-07-12 03:23:14.426
ETH,BUY,0.1474,492619.000,2024-07-12 03:23:14.426
ETH,BUY,0.7000,492739.000,2024-07-12 03:23:19.727
ETH,SELL,0.0500,492474.000,2024-07-12 03:23:24.525
ETH,SELL,0.1900,492474.000,2024-07-12 03:23:24.566
ETH,BUY,0.1200,492536.000,2024-07-12 03:23:29.433
ETH,BUY,0.1376,492536.000,2024-07-12 03:23:30.863
ETH,BUY,0.2000,492622.000,2024-07-12 03:23:31.440
ETH,BUY,0.0800,492656.000,2024-07-12 03:23:35.671
ETH,BUY,0.0200,492707.000,2024-07-12 03:23:42.212
ETH,BUY,0.0100,492489.000,2024-07-12 03:24:02.431
ETH,BUY,0.0177,492484.000,2024-07-12 03:24:30.763
ETH,BUY,0.0100,492594.000,2024-07-12 03:24:35.127
ETH,BUY,0.0322,492672.000,2024-07-12 03:24:43.740
ETH,BUY,0.0900,492607.000,2024-07-12 03:24:47.900
ETH,BUY,0.0600,492710.000,2024-07-12 03:25:05.122
ETH,BUY,0.0265,492797.000,2024-07-12 03:25:08.745
ETH,BUY,0.0100,492832.000,2024-07-12 03:25:10.286
ETH,BUY,0.0100,492884.000,2024-07-12 03:25:29.438
ETH,BUY,0.0300,492938.000,2024-07-12 03:25:32.466
ETH,BUY,0.0420,492971.000,2024-07-12 03:25:36.755
ETH,BUY,0.2100,492975.000,2024-07-12 03:25:38.553
ETH,BUY,0.0300,493000.000,2024-07-12 03:25:41.584
ETH,BUY,0.0428,493029.000,2024-07-12 03:25:51.236
ETH,BUY,1.0000,493058.000,2024-07-12 03:26:10.600
ETH,BUY,0.1600,493116.000,2024-07-12 03:26:31.098
ETH,BUY,0.0458,493174.000,2024-07-12 03:27:11.752
ETH,BUY,0.0800,493117.000,2024-07-12 03:27:56.145
ETH,BUY,0.0100,493117.000,2024-07-12 03:28:03.303
ETH,BUY,0.0253,493117.000,2024-07-12 03:28:03.777
ETH,SELL,0.4000,493116.000,2024-07-12 03:28:08.491
ETH,BUY,0.0197,493048.000,2024-07-12 03:28:13.766
ETH,BUY,0.0309,492919.000,2024-07-12 03:28:19.238
ETH,BUY,0.0456,492817.000,2024-07-12 03:28:29.247
ETH,SELL,0.0100,492654.000,2024-07-12 03:28:51.982
ETH,BUY,0.0468,492739.000,2024-07-12 03:29:01.784
ETH,BUY,0.0559,492797.000,2024-07-12 03:29:19.251
ETH,BUY,0.1300,492854.000,2024-07-12 03:29:30.522
ETH,SELL,0.1000,492794.000,2024-07-12 03:30:06.781
ETH,BUY,0.0496,492826.000,2024-07-12 03:30:39.241
ETH,SELL,0.0102,492938.000,2024-07-12 03:30:52.979
ETH,BUY,0.0300,493013.000,2024-07-12 03:31:18.476
ETH,BUY,0.3700,493029.000,2024-07-12 03:31:38.708
ETH,BUY,1.0000,493174.000,2024-07-12 03:33:06.640
ETH,BUY,0.4000,493228.000,2024-07-12 03:33:07.120
ETH,BUY,0.0260,493609.000,2024-07-12 03:33:47.779
ETH,BUY,0.0263,493667.000,2024-07-12 03:33:53.237
ETH,BUY,0.0190,493632.000,2024-07-12 03:34:07.346
ETH,BUY,0.0527,493667.000,2024-07-12 03:34:51.250
ETH,BUY,0.0585,493701.000,2024-07-12 03:34:56.742
ETH,BUY,0.0405,493725.000,2024-07-12 03:34:56.742
ETH,BUY,0.0419,493783.000,2024-07-12 03:35:08.245
ETH,BUY,0.0367,493742.000,2024-07-12 03:35:37.772
ETH,BUY,0.0316,493610.000,2024-07-12 03:35:46.265
ETH,BUY,0.0235,493600.000,2024-07-12 03:35:51.743
ETH,BUY,0.0100,493599.000,2024-07-12 03:35:54.556
ETH,BUY,0.0515,493551.000,2024-07-12 03:35:58.752
ETH,BUY,0.0406,493550.000,2024-07-12 03:36:05.756
ETH,BUY,0.0328,493514.000,2024-07-12 03:36:11.238
ETH,BUY,0.0179,493609.000,2024-07-12 03:36:19.766
ETH,BUY,0.0432,493638.000,2024-07-12 03:36:25.248
ETH,BUY,0.2000,493638.000,2024-07-12 03:36:36.371
ETH,BUY,0.4000,493637.000,2024-07-12 03:36:37.078
ETH,BUY,0.4000,493637.000,2024-07-12 03:36:37.202
ETH,SELL,0.1280,493339.000,2024-07-12 03:36:42.149
ETH,BUY,0.0496,493406.000,2024-07-12 03:37:33.761
ETH,BUY,0.0411,493435.000,2024-07-12 03:37:40.810
ETH,BUY,0.0416,493522.000,2024-07-12 03:37:46.249
ETH,BUY,0.1045,493580.000,2024-07-12 03:37:52.218
ETH,BUY,0.1100,493609.000,2024-07-12 03:38:10.176
ETH,BUY,0.2000,493528.000,2024-07-12 03:38:16.420
ETH,SELL,0.0323,492899.000,2024-07-12 03:38:47.245
ETH,BUY,0.0320,492855.000,2024-07-12 03:39:28.786
ETH,BUY,0.1000,492884.000,2024-07-12 03:39:34.256
ETH,BUY,0.1040,492971.000,2024-07-12 03:40:10.362
ETH,BUY,0.0100,492850.000,2024-07-12 03:40:13.857
ETH,SELL,0.0465,492816.000,2024-07-12 03:40:18.719
ETH,SELL,0.0900,492218.000,2024-07-12 03:40:20.305
ETH,SELL,0.1000,492219.000,2024-07-12 03:40:20.731
ETH,BUY,0.0288,492201.000,2024-07-12 03:40:46.755
ETH,BUY,0.4000,492217.000,2024-07-12 03:40:52.051
ETH,BUY,0.0512,492304.000,2024-07-12 03:40:53.758
ETH,BUY,0.4000,492333.000,2024-07-12 03:41:07.155
ETH,BUY,1.0000,492333.000,2024-07-12 03:41:07.498
ETH,BUY,0.3500,492420.000,2024-07-12 03:41:08.151
ETH,BUY,0.0154,492449.000,2024-07-12 03:41:09.782
ETH,BUY,1.0000,492507.000,2024-07-12 03:41:24.602
ETH,BUY,0.0500,492507.000,2024-07-12 03:41:24.874
ETH,BUY,0.4000,492565.000,2024-07-12 03:41:25.147
ETH,BUY,0.4000,492594.000,2024-07-12 03:41:27.554
ETH,BUY,0.4000,492623.000,2024-07-12 03:41:28.038
ETH,BUY,1.0000,492681.000,2024-07-12 03:41:53.897
ETH,BUY,0.4000,492681.000,2024-07-12 03:41:54.098
ETH,BUY,0.4000,492681.000,2024-07-12 03:41:54.407
ETH,BUY,0.4000,492681.000,2024-07-12 03:41:54.553
ETH,BUY,0.0200,492739.000,2024-07-12 03:41:57.247
ETH,BUY,0.0331,492797.000,2024-07-12 03:42:08.783
ETH,BUY,0.0492,492825.000,2024-07-12 03:42:18.749
ETH,BUY,0.0529,492884.000,2024-07-12 03:42:24.259
ETH,BUY,0.1000,492913.000,2024-07-12 03:42:35.779
ETH,BUY,0.0890,492907.000,2024-07-12 03:42:52.928
ETH,BUY,0.1000,492967.000,2024-07-12 03:43:15.544
ETH,BUY,0.0275,492962.000,2024-07-12 03:43:22.257
ETH,BUY,0.0140,492971.000,2024-07-12 03:43:34.920
ETH,BUY,0.0527,493029.000,2024-07-12 03:43:36.737
ETH,BUY,0.0256,492675.000,2024-07-12 03:44:43.735
ETH,BUY,0.0303,492710.000,2024-07-12 03:44:53.774
ETH,BUY,0.0349,492601.000,2024-07-12 03:45:00.776
ETH,BUY,0.0393,492613.000,2024-07-12 03:45:06.290
ETH,BUY,0.0444,492563.000,2024-07-12 03:45:49.236
ETH,BUY,0.0825,492560.000,2024-07-12 03:45:54.739
ETH,BUY,0.0254,492552.000,2024-07-12 03:46:07.739
ETH,BUY,0.0221,492563.000,2024-07-12 03:46:13.267
ETH,BUY,0.0402,492623.000,2024-07-12 03:46:26.273
ETH,BUY,0.4000,492710.000,2024-07-12 03:46:27.024
ETH,BUY,0.4000,492710.000,2024-07-12 03:46:27.111
ETH,BUY,0.3200,492710.000,2024-07-12 03:46:27.158
ETH,BUY,0.4000,492826.000,2024-07-12 03:46:28.669
ETH,BUY,0.1500,492826.000,2024-07-12 03:46:28.820
ETH,BUY,0.0366,492913.000,2024-07-12 03:46:31.757
ETH,BUY,0.0335,492971.000,2024-07-12 03:46:41.740
ETH,BUY,0.0275,493056.000,2024-07-12 03:46:48.751
ETH,BUY,0.0274,493082.000,2024-07-12 03:46:54.297
ETH,BUY,0.0500,492973.000,2024-07-12 03:47:16.480
ETH,BUY,0.0100,492933.000,2024-07-12 03:47:23.719
ETH,BUY,0.0341,492927.000,2024-07-12 03:47:32.791
ETH,BUY,0.0340,492923.000,2024-07-12 03:47:38.246
ETH,BUY,0.0100,492942.000,2024-07-12 03:47:46.652
ETH,BUY,0.0100,492942.000,2024-07-12 03:47:46.755
ETH,BUY,0.0746,492968.000,2024-07-12 03:47:52.313
ETH,BUY,0.0997,492969.000,2024-07-12 03:47:52.313
ETH,BUY,0.0310,493000.000,2024-07-12 03:48:03.758
ETH,BUY,0.0975,492961.000,2024-07-12 03:48:09.250
ETH,BUY,1.2525,492934.000,2024-07-12 03:48:11.532
ETH,BUY,1.0000,492961.000,2024-07-12 03:48:11.532
ETH,BUY,4.0000,493029.000,2024-07-12 03:48:11.532
ETH,BUY,1.7475,493087.000,2024-07-12 03:48:11.532
ETH,BUY,0.0273,493124.000,2024-07-12 03:48:16.408
ETH,BUY,0.0155,493119.000,2024-07-12 03:48:24.753
ETH,BUY,0.0240,493151.000,2024-07-12 03:48:31.421
ETH,BUY,0.0138,493151.000,2024-07-12 03:48:31.749
ETH,BUY,0.0734,493147.000,2024-07-12 03:48:37.239
ETH,BUY,0.1650,493142.000,2024-07-12 03:48:54.569
ETH,SELL,0.0968,492600.000,2024-07-12 03:48:54.763
ETH,SELL,0.0323,492540.000,2024-07-12 03:49:00.255
ETH,BUY,0.0211,492681.000,2024-07-12 03:49:07.339
ETH,BUY,1.8200,492739.000,2024-07-12 03:49:32.386
ETH,BUY,0.0100,492826.000,2024-07-12 03:50:00.611
ETH,BUY,0.3900,492855.000,2024-07-12 03:50:24.059
ETH,BUY,0.4000,492884.000,2024-07-12 03:50:26.650
ETH,BUY,0.2200,492971.000,2024-07-12 03:50:38.509
ETH,BUY,0.0323,493027.000,2024-07-12 03:51:40.224
ETH,BUY,0.0697,493029.000,2024-07-12 03:51:40.224
ETH,SELL,0.0511,492771.000,2024-07-12 03:51:42.782
ETH,BUY,0.2000,492797.000,2024-07-12 03:51:47.817
ETH,SELL,0.0300,492684.000,2024-07-12 03:52:20.999
ETH,BUY,0.0200,492710.000,2024-07-12 03:52:27.721
ETH,BUY,0.0100,492826.000,2024-07-12 03:52:29.407
ETH,BUY,0.0600,492899.000,2024-07-12 03:52:31.116
ETH,SELL,0.0821,492650.000,2024-07-12 03:52:31.769
ETH,BUY,0.0800,492739.000,2024-07-12 03:52:32.624
ETH,BUY,0.0700,492751.000,2024-07-12 03:52:33.409
ETH,BUY,0.2300,492753.000,2024-07-12 03:52:34.448
ETH,BUY,0.0600,492738.000,2024-07-12 03:52:36.044
ETH,SELL,0.0100,492368.000,2024-07-12 03:52:58.242
ETH,SELL,0.1650,492394.000,2024-07-12 03:53:04.077
ETH,BUY,0.1600,492478.000,2024-07-12 03:53:05.492
ETH,BUY,0.1500,492565.000,2024-07-12 03:53:07.390
ETH,BUY,0.0100,492594.000,2024-07-12 03:53:10.459
ETH,BUY,0.0400,492652.000,2024-07-12 03:53:35.905
ETH,SELL,0.1000,492426.000,2024-07-12 03:55:09.774
ETH,BUY,0.0339,492528.000,2024-07-12 03:56:49.451
ETH,BUY,0.0100,492573.000,2024-07-12 03:56:52.453
ETH,BUY,0.0330,492574.000,2024-07-12 03:56:52.453
ETH,BUY,1.3670,492574.000,2024-07-12 03:56:52.729
ETH,BUY,0.1311,492575.000,2024-07-12 03:56:52.729
ETH,BUY,0.5019,492623.000,2024-07-12 03:56:52.729
ETH,BUY,0.0600,492681.000,2024-07-12 03:56:56.536
ETH,BUY,0.0300,492708.000,2024-07-12 03:57:01.107
ETH,BUY,1.0000,492736.000,2024-07-12 03:57:07.478
ETH,BUY,0.4503,492733.000,2024-07-12 03:57:17.968
ETH,BUY,0.5497,492768.000,2024-07-12 03:57:17.968
ETH,BUY,0.3000,492855.000,2024-07-12 03:57:51.889
ETH,BUY,1.0000,492942.000,2024-07-12 03:57:57.186
ETH,BUY,1.0000,492971.000,2024-07-12 03:58:09.871
ETH,SELL,0.0323,492487.000,2024-07-12 03:58:12.252
ETH,SELL,0.4000,492484.000,2024-07-12 03:58:14.279
ETH,BUY,0.0890,492652.000,2024-07-12 03:58:28.476
ETH,BUY,0.0323,492708.000,2024-07-12 03:58:38.750
ETH,BUY,0.4000,492713.000,2024-07-12 03:58:38.750
ETH,BUY,1.5677,492739.000,2024-07-12 03:58:38.750
ETH,BUY,0.0100,492826.000,2024-07-12 04:00:08.219
ETH,SELL,0.0194,492739.000,2024-07-12 04:00:17.743
ETH,BUY,0.0200,492768.000,2024-07-12 04:00:59.040
ETH,BUY,0.4000,492797.000,2024-07-12 04:01:24.594
ETH,BUY,0.0100,492913.000,2024-07-12 04:02:30.066
ETH,BUY,0.0101,492971.000,2024-07-12 04:02:58.663
ETH,SELL,0.0900,492942.000,2024-07-12 04:03:02.363
ETH,SELL,0.0123,492717.000,2024-07-12 04:03:02.363
ETH,BUY,2.0000,492797.000,2024-07-12 04:03:39.757
ETH,BUY,0.7960,492884.000,2024-07-12 04:04:03.790
ETH,BUY,0.5000,492971.000,2024-07-12 04:04:14.666
ETH,BUY,0.4000,493058.000,2024-07-12 04:04:34.856
ETH,BUY,0.4000,493058.000,2024-07-12 04:04:35.094
ETH,BUY,0.3200,493058.000,2024-07-12 04:04:35.380
ETH,BUY,0.4000,493145.000,2024-07-12 04:04:39.698
ETH,BUY,0.4000,493203.000,2024-07-12 04:05:03.043
ETH,BUY,0.1500,493214.000,2024-07-12 04:05:04.121
ETH,SELL,0.0323,492942.000,2024-07-12 04:05:04.806
ETH,SELL,0.0645,492446.000,2024-07-12 04:05:10.255
ETH,BUY,2.0000,492536.000,2024-07-12 04:05:21.396
ETH,BUY,0.0700,492558.000,2024-07-12 04:05:34.269
ETH,BUY,1.8350,492623.000,2024-07-12 04:05:43.304
ETH,SELL,0.0100,492244.000,2024-07-12 04:06:24.771
ETH,SELL,0.0100,492244.000,2024-07-12 04:06:30.254
ETH,SELL,0.0008,492200.000,2024-07-12 04:06:30.254
ETH,SELL,0.0147,492220.000,2024-07-12 04:06:41.734
ETH,BUY,2.0000,492275.000,2024-07-12 04:06:43.839
ETH,BUY,0.1927,492275.000,2024-07-12 04:06:47.555
ETH,BUY,1.0650,492333.000,2024-07-12 04:07:02.111
ETH,BUY,0.5000,492362.000,2024-07-12 04:07:13.120
ETH,BUY,0.0268,492364.000,2024-07-12 04:07:58.625
ETH,BUY,0.0844,492365.000,2024-07-12 04:07:58.625
ETH,BUY,0.2596,492368.000,2024-07-12 04:07:58.625
ETH,BUY,0.0792,492420.000,2024-07-12 04:07:58.625
ETH,BUY,2.0000,492449.000,2024-07-12 04:08:19.468
ETH,SELL,0.0212,492200.000,2024-07-12 04:08:30.764
ETH,SELL,0.0098,491798.000,2024-07-12 04:08:30.764
ETH,SELL,0.0839,491823.000,2024-07-12 04:08:36.242
ETH,BUY,0.4000,491869.000,2024-07-12 04:08:37.109
ETH,BUY,0.0500,491898.000,2024-07-12 04:08:42.639
ETH,BUY,0.0500,491985.000,2024-07-12 04:08:50.017
ETH,BUY,0.1960,492014.000,2024-07-12 04:08:56.001
ETH,SELL,0.0766,491850.000,2024-07-12 04:09:13.254
ETH,SELL,0.0485,491850.000,2024-07-12 04:09:18.739
ETH,BUY,0.0100,491871.000,2024-07-12 04:09:28.906
ETH,BUY,0.0739,491869.000,2024-07-12 04:09:30.685
ETH,BUY,0.0261,491898.000,2024-07-12 04:09:30.685
ETH,BUY,0.0200,491956.000,2024-07-12 04:09:57.671
ETH,SELL,0.0672,491850.000,2024-07-12 04:10:20.907
ETH,SELL,0.0177,491850.000,2024-07-12 04:10:25.836
ETH,SELL,0.1151,491667.000,2024-07-12 04:10:25.836
ETH,SELL,0.0284,491436.000,2024-07-12 04:11:07.752
ETH,BUY,1.0000,491608.000,2024-07-12 04:12:16.023
ETH,BUY,0.6000,491608.000,2024-07-12 04:12:16.025
ETH,BUY,0.4000,491608.000,2024-07-12 04:12:16.142
ETH,BUY,0.3200,491608.000,2024-07-12 04:12:16.435
ETH,BUY,0.4000,491608.000,2024-07-12 04:12:16.852
ETH,BUY,0.0222,491637.000,2024-07-12 04:12:17.746
ETH,BUY,0.4000,491666.000,2024-07-12 04:12:18.859
ETH,BUY,0.6000,491753.000,2024-07-12 04:12:28.604
ETH,BUY,1.0000,491753.000,2024-07-12 04:12:28.744
ETH,BUY,0.4000,491840.000,2024-07-12 04:12:29.191
ETH,BUY,0.4000,491840.000,2024-07-12 04:12:29.667
ETH,BUY,0.3200,491869.000,2024-07-12 04:12:30.343
ETH,BUY,0.1000,491956.000,2024-07-12 04:12:44.566
ETH,BUY,0.4000,491956.000,2024-07-12 04:12:44.567
ETH,BUY,1.0000,491956.000,2024-07-12 04:12:44.810
ETH,BUY,0.0800,492043.000,2024-07-12 04:12:45.376
ETH,BUY,0.6000,492043.000,2024-07-12 04:12:45.568
ETH,BUY,0.0400,492101.000,2024-07-12 04:13:06.452
ETH,BUY,0.0120,492101.000,2024-07-12 04:13:06.522
ETH,BUY,0.0500,492101.000,2024-07-12 04:13:06.569
ETH,BUY,0.0200,492101.000,2024-07-12 04:13:07.126
ETH,BUY,0.0500,492130.000,2024-07-12 04:13:07.870
ETH,BUY,0.0460,492130.000,2024-07-12 04:13:09.752
ETH,SELL,0.0100,491942.000,2024-07-12 04:13:09.976
ETH,BUY,1.8200,491985.000,2024-07-12 04:13:16.332
ETH,BUY,1.8000,491985.000,2024-07-12 04:13:16.496
ETH,BUY,0.0670,492072.000,2024-07-12 04:13:41.906
ETH,BUY,0.0100,492130.000,2024-07-12 04:14:53.872
ETH,BUY,0.0200,492130.000,2024-07-12 04:14:54.022
ETH,BUY,0.0100,492217.000,2024-07-12 04:14:55.913
ETH,BUY,0.0100,492296.000,2024-07-12 04:15:28.092
ETH,BUY,0.0100,492362.000,2024-07-12 04:15:47.364
ETH,BUY,1.0000,492362.000,2024-07-12 04:15:47.682
ETH,BUY,0.0100,491592.000,2024-07-12 04:20:06.738
ETH,SELL,0.1000,491103.000,2024-07-12 04:20:13.621
ETH,BUY,0.0100,491144.000,2024-07-12 04:21:09.327
ETH,BUY,0.0100,491231.000,2024-07-12 04:21:42.270
ETH,BUY,0.4000,491289.000,2024-07-12 04:21:51.923
ETH,BUY,0.6000,491267.000,2024-07-12 04:21:52.123
ETH,BUY,0.1149,491317.000,2024-07-12 04:23:11.319
ETH,BUY,0.0887,491318.000,2024-07-12 04:23:11.319
ETH,BUY,4.0000,491376.000,2024-07-12 04:23:25.600
ETH,BUY,1.8284,491379.000,2024-07-12 04:23:25.600
ETH,BUY,1.2100,491400.000,2024-07-12 04:23:25.600
ETH,BUY,0.9616,491405.000,2024-07-12 04:23:25.600
ETH,SELL,0.0200,491152.000,2024-07-12 04:26:43.633
ETH,SELL,0.1800,491152.000,2024-07-12 04:26:43.633
ETH,SELL,0.2000,491152.000,2024-07-12 04:26:48.662
ETH,SELL,0.0181,491152.000,2024-07-12 04:26:49.648
ETH,SELL,0.0736,491152.000,2024-07-12 04:26:55.319
ETH,SELL,0.1452,491152.000,2024-07-12 04:26:55.485
ETH,SELL,0.1345,491152.000,2024-07-12 04:26:56.255
ETH,SELL,0.2000,491152.000,2024-07-12 04:26:57.665
ETH,SELL,0.1000,491152.000,2024-07-12 04:26:59.413
ETH,SELL,0.1000,491152.000,2024-07-12 04:27:02.007
ETH,SELL,0.3000,491152.000,2024-07-12 04:27:02.169
ETH,SELL,0.5486,491152.000,2024-07-12 04:27:02.235
ETH,SELL,0.0100,491062.000,2024-07-12 04:27:02.235
ETH,SELL,0.0100,491000.000,2024-07-12 04:27:02.235
ETH,SELL,0.0100,490678.000,2024-07-12 04:27:02.235
ETH,SELL,0.1633,490483.000,2024-07-12 04:27:02.235
ETH,SELL,0.0341,490374.000,2024-07-12 04:27:03.776
ETH,SELL,0.1000,490418.000,2024-07-12 04:27:04.736
ETH,BUY,0.0203,490506.000,2024-07-12 04:27:09.475
ETH,BUY,0.0203,490535.000,2024-07-12 04:27:19.406
ETH,BUY,0.0700,490564.000,2024-07-12 04:27:25.846
ETH,BUY,0.4000,490622.000,2024-07-12 04:27:26.886
ETH,BUY,0.4000,490709.000,2024-07-12 04:27:27.794
ETH,BUY,0.2633,490599.000,2024-07-12 04:28:09.465
ETH,BUY,0.0341,490726.000,2024-07-12 04:28:09.465
ETH,BUY,0.0456,490727.000,2024-07-12 04:28:09.465
ETH,SELL,0.0195,490121.000,2024-07-12 04:28:18.246
ETH,SELL,0.0103,490000.000,2024-07-12 04:28:41.798
ETH,SELL,0.0981,490000.000,2024-07-12 04:28:43.068
ETH,SELL,0.0544,490000.000,2024-07-12 04:28:43.261
ETH,SELL,0.0195,490000.000,2024-07-12 04:28:43.339
ETH,BUY,0.0100,490071.000,2024-07-12 04:29:19.302
ETH,SELL,0.0408,490000.000,2024-07-12 04:29:38.245
ETH,SELL,0.0756,490000.000,2024-07-12 04:29:43.741
ETH,BUY,0.4000,490042.000,2024-07-12 04:30:20.015
ETH,BUY,0.3000,490100.000,2024-07-12 04:30:24.806
ETH,BUY,0.1000,490100.000,2024-07-12 04:30:24.806
ETH,BUY,0.0400,490158.000,2024-07-12 04:30:45.463
ETH,BUY,0.4000,490187.000,2024-07-12 04:30:45.865
ETH,BUY,0.4000,490216.000,2024-07-12 04:31:49.077
ETH,BUY,0.3400,490245.000,2024-07-12 04:31:50.926
ETH,BUY,0.0600,490332.000,2024-07-12 04:31:50.926
ETH,SELL,0.0325,490000.000,2024-07-12 04:32:26.793
ETH,SELL,0.0717,490000.000,2024-07-12 04:32:32.257
ETH,SELL,0.0417,490000.000,2024-07-12 04:32:33.640
ETH,SELL,0.0354,490000.000,2024-07-12 04:32:34.325
ETH,SELL,0.0646,490000.000,2024-07-12 04:32:34.325
ETH,SELL,0.1272,490000.000,2024-07-12 04:32:40.051
ETH,SELL,0.8082,490000.000,2024-07-12 04:32:40.562
ETH,SELL,0.5000,490000.000,2024-07-12 04:32:40.562
ETH,SELL,0.2300,490000.000,2024-07-12 04:32:40.562
ETH,SELL,0.2000,490000.000,2024-07-12 04:32:40.562
ETH,SELL,0.0200,490000.000,2024-07-12 04:32:40.562
ETH,SELL,0.2418,490000.000,2024-07-12 04:32:40.562
ETH,SELL,0.0856,490000.000,2024-07-12 04:32:40.819
ETH,SELL,0.1726,490000.000,2024-07-12 04:32:46.681
ETH,SELL,0.0274,489993.000,2024-07-12 04:32:46.681
ETH,BUY,0.0113,490018.000,2024-07-12 04:34:07.757
ETH,BUY,0.4000,490129.000,2024-07-12 04:34:14.194
ETH,BUY,0.4000,490216.000,2024-07-12 04:34:19.687
ETH,BUY,0.0148,490245.000,2024-07-12 04:34:38.783
ETH,BUY,0.4000,490303.000,2024-07-12 04:35:24.951
ETH,BUY,0.1000,490361.000,2024-07-12 04:35:43.036
ETH,BUY,0.0186,490477.000,2024-07-12 04:35:56.253
ETH,BUY,0.0334,490506.000,2024-07-12 04:36:22.744
ETH,BUY,0.0276,490535.000,2024-07-12 04:36:55.257
ETH,BUY,0.0147,490564.000,2024-07-12 04:37:14.263
ETH,BUY,0.4000,490622.000,2024-07-12 04:37:20.741
ETH,SELL,0.0370,490169.000,2024-07-12 04:38:06.244
ETH,BUY,0.0244,490216.000,2024-07-12 04:38:11.752
ETH,BUY,0.0100,490361.000,2024-07-12 04:38:29.265
ETH,BUY,0.4000,490361.000,2024-07-12 04:38:29.469
ETH,BUY,0.6000,490448.000,2024-07-12 04:38:30.115
ETH,BUY,0.4000,490506.000,2024-07-12 04:38:32.043
ETH,SELL,0.2490,490605.000,2024-07-12 04:39:15.432
ETH,SELL,0.1000,490605.000,2024-07-12 04:39:15.487
ETH,SELL,0.0109,490267.000,2024-07-12 04:39:38.763
ETH,BUY,0.0200,490361.000,2024-07-12 04:39:57.548
ETH,BUY,0.0100,490448.000,2024-07-12 04:40:15.648
ETH,BUY,0.0100,490564.000,2024-07-12 04:40:23.370
ETH,BUY,0.1900,490593.000,2024-07-12 04:40:28.330
ETH,BUY,0.0500,490622.000,2024-07-12 04:40:33.960
ETH,BUY,0.0517,490680.000,2024-07-12 04:40:56.249
ETH,BUY,0.0700,490796.000,2024-07-12 04:41:29.223
ETH,BUY,0.0100,490796.000,2024-07-12 04:41:29.426
ETH,BUY,1.8300,490796.000,2024-07-12 04:41:29.924
ETH,BUY,1.8300,490796.000,2024-07-12 04:41:30.028
ETH,BUY,0.0100,490825.000,2024-07-12 04:42:30.792
ETH,SELL,0.0178,490606.000,2024-07-12 04:43:24.290
ETH,BUY,0.0407,490680.000,2024-07-12 04:43:58.245
ETH,BUY,0.6106,490767.000,2024-07-12 04:43:59.518
ETH,BUY,0.0370,490796.000,2024-07-12 04:44:03.759
ETH,BUY,0.1182,490999.000,2024-07-12 04:44:24.669
ETH,BUY,0.0400,491057.000,2024-07-12 04:44:38.478
ETH,BUY,0.0439,491086.000,2024-07-12 04:44:42.239
ETH,BUY,0.0400,491115.000,2024-07-12 04:45:17.671
ETH,BUY,0.0200,491115.000,2024-07-12 04:45:17.671
ETH,BUY,0.0218,491173.000,2024-07-12 04:45:52.249
ETH,BUY,1.0000,491231.000,2024-07-12 04:45:56.002
ETH,BUY,0.6000,491231.000,2024-07-12 04:45:56.157
ETH,BUY,0.2000,491434.000,2024-07-12 04:46:00.642
ETH,BUY,0.0149,491463.000,2024-07-12 04:46:02.322
ETH,BUY,0.0356,491637.000,2024-07-12 04:46:07.751
ETH,BUY,0.4000,491695.000,2024-07-12 04:46:12.124
ETH,BUY,0.0470,491782.000,2024-07-12 04:46:19.514
ETH,BUY,1.0000,491991.000,2024-07-12 04:46:23.665
ETH,BUY,0.2000,491991.000,2024-07-12 04:46:23.702
ETH,BUY,0.1436,491991.000,2024-07-12 04:46:24.375
ETH,BUY,0.4864,491991.000,2024-07-12 04:46:24.678
ETH,BUY,0.1136,492101.000,2024-07-12 04:46:24.678
ETH,BUY,0.0342,492130.000,2024-07-12 04:46:29.755
ETH,BUY,0.0318,492149.000,2024-07-12 04:46:35.254
ETH,BUY,0.0100,491504.000,2024-07-12 04:46:57.255
ETH,BUY,0.0300,491550.000,2024-07-12 04:47:02.753
ETH,BUY,0.0259,491521.000,2024-07-12 04:47:56.241
ETH,BUY,0.0320,491509.000,2024-07-12 04:49:52.773
ETH,SELL,0.9866,491349.000,2024-07-12 04:49:54.941
ETH,BUY,0.0100,491376.000,2024-07-12 04:50:15.520
ETH,BUY,0.1900,491191.000,2024-07-12 04:51:08.859
ETH,BUY,0.0100,491260.000,2024-07-12 04:52:31.495
ETH,SELL,0.0100,490978.000,2024-07-12 04:52:52.260
ETH,BUY,0.4100,491057.000,2024-07-12 04:54:11.498
ETH,SELL,0.1900,491100.000,2024-07-12 04:54:39.521
ETH,BUY,0.0615,491279.000,2024-07-12 04:54:44.326
ETH,BUY,0.0587,491405.000,2024-07-12 04:54:49.850
ETH,BUY,0.0434,491463.000,2024-07-12 04:55:03.239
ETH,BUY,0.2400,491492.000,2024-07-12 04:55:11.724
ETH,BUY,0.0123,491492.000,2024-07-12 04:55:11.750
ETH,SELL,0.1000,491274.000,2024-07-12 04:55:32.244
ETH,SELL,0.1000,491276.000,2024-07-12 04:55:37.735
ETH,SELL,0.0531,491298.000,2024-07-12 04:55:40.406
ETH,BUY,0.0100,491492.000,2024-07-12 04:56:05.748
ETH,BUY,0.0167,491521.000,2024-07-12 04:56:14.245
ETH,SELL,0.1000,491308.000,2024-07-12 04:56:28.355
ETH,BUY,0.0200,491413.000,2024-07-12 04:56:33.243
ETH,BUY,0.0200,491518.000,2024-07-12 04:56:50.736
ETH,BUY,0.6000,491525.000,2024-07-12 04:57:44.099
ETH,BUY,0.4000,491562.000,2024-07-12 04:57:45.067
ETH,BUY,0.4000,491722.000,2024-07-12 04:57:47.861
ETH,BUY,0.0100,491852.000,2024-07-12 04:58:37.769
ETH,BUY,0.0288,491873.000,2024-07-12 04:58:56.363
ETH,BUY,0.0100,491876.000,2024-07-12 04:58:56.363
ETH,BUY,0.1012,491927.000,2024-07-12 04:58:56.363
ETH,BUY,0.0133,491973.000,2024-07-12 05:00:42.751
ETH,BUY,0.0500,492072.000,2024-07-12 05:00:58.781
ETH,BUY,1.0000,492129.000,2024-07-12 05:01:20.854
ETH,BUY,1.0000,492130.000,2024-07-12 05:01:20.854
ETH,BUY,1.0000,492159.000,2024-07-12 05:01:44.955
ETH,SELL,0.0963,491483.000,2024-07-12 05:01:54.236
ETH,SELL,0.0902,491272.000,2024-07-12 05:01:59.740
ETH,BUY,1.0000,491318.000,2024-07-12 05:02:03.335
ETH,BUY,2.0000,491376.000,2024-07-12 05:02:05.539
ETH,BUY,0.0200,491405.000,2024-07-12 05:02:15.737
ETH,BUY,2.0000,491492.000,2024-07-12 05:02:18.506
ETH,BUY,2.0000,491550.000,2024-07-12 05:02:31.305
ETH,BUY,1.0000,491608.000,2024-07-12 05:02:43.282
ETH,BUY,0.1500,491666.000,2024-07-12 05:02:58.149
ETH,BUY,0.0200,491724.000,2024-07-12 05:03:22.643
ETH,BUY,0.0270,491811.000,2024-07-12 05:03:24.303
ETH,BUY,0.0100,491869.000,2024-07-12 05:03:40.064
ETH,BUY,0.0200,491956.000,2024-07-12 05:04:13.257
ETH,SELL,0.0116,491599.000,2024-07-12 05:04:47.241
ETH,BUY,0.0291,491666.000,2024-07-12 05:05:24.250
ETH,BUY,0.0100,491724.000,2024-07-12 05:05:47.749
ETH,BUY,0.0201,491782.000,2024-07-12 05:05:56.237
ETH,BUY,0.0193,491811.000,2024-07-12 05:06:19.741
ETH,BUY,0.0100,491869.000,2024-07-12 05:06:25.245
ETH,BUY,1.0000,491898.000,2024-07-12 05:07:25.547
ETH,BUY,0.4129,491922.000,2024-07-12 05:07:39.055
ETH,BUY,0.4871,491927.000,2024-07-12 05:07:39.055
ETH,BUY,0.1000,492014.000,2024-07-12 05:07:48.322
ETH,BUY,0.0205,492014.000,2024-07-12 05:07:48.746
ETH,BUY,0.0300,492043.000,2024-07-12 05:08:01.105
ETH,BUY,0.0360,492043.000,2024-07-12 05:08:52.099
ETH,SELL,0.2000,491960.000,2024-07-12 05:09:43.755
ETH,BUY,0.0100,492014.000,2024-07-12 05:09:51.543
ETH,SELL,0.0307,491569.000,2024-07-12 05:10:01.762
ETH,BUY,0.0210,491782.000,2024-07-12 05:14:01.242
ETH,BUY,0.5000,491869.000,2024-07-12 05:14:02.391
ETH,BUY,0.0900,491898.000,2024-07-12 05:14:26.445
ETH,BUY,0.0500,491927.000,2024-07-12 05:14:53.079
ETH,BUY,0.0100,491956.000,2024-07-12 05:15:06.427
ETH,SELL,0.0417,491713.000,2024-07-12 05:15:12.741
ETH,BUY,0.0417,491576.000,2024-07-12 05:15:32.353
ETH,BUY,0.0593,491724.000,2024-07-12 05:15:32.353
ETH,BUY,0.0307,491810.000,2024-07-12 05:15:42.114
ETH,BUY,1.9693,491811.000,2024-07-12 05:15:42.114
ETH,BUY,2.0000,491840.000,2024-07-12 05:15:54.571
ETH,BUY,2.0000,491869.000,2024-07-12 05:16:13.488
ETH,BUY,0.0237,491956.000,2024-07-12 05:16:18.240
ETH,BUY,2.0000,491985.000,2024-07-12 05:16:28.213
ETH,BUY,0.7510,492014.000,2024-07-12 05:16:44.908
ETH,BUY,1.0000,492072.000,2024-07-12 05:17:29.936
ETH,BUY,0.0350,492072.000,2024-07-12 05:17:30.234
ETH,BUY,0.3600,492070.000,2024-07-12 05:17:45.782
ETH,BUY,0.0200,492101.000,2024-07-12 05:18:07.721
ETH,BUY,0.0280,492130.000,2024-07-12 05:18:23.925
ETH,BUY,0.0261,492159.000,2024-07-12 05:20:55.306
ETH,BUY,0.2000,492200.000,2024-07-12 05:21:00.603
ETH,BUY,1.0000,492246.000,2024-07-12 05:21:00.603
ETH,BUY,4.0000,492275.000,2024-07-12 05:21:36.338
ETH,BUY,1.7600,492333.000,2024-07-12 05:21:36.338
ETH,SELL,0.0323,491689.000,2024-07-12 05:23:20.253
ETH,BUY,0.2040,491782.000,2024-07-12 05:24:40.570
ETH,BUY,0.4000,491985.000,2024-07-12 05:25:56.961
ETH,BUY,0.6000,491985.000,2024-07-12 05:25:57.089
ETH,BUY,0.3200,491985.000,2024-07-12 05:25:57.320
ETH,BUY,0.0262,492014.000,2024-07-12 05:27:34.742
ETH,BUY,0.1000,492043.000,2024-07-12 05:27:58.448
ETH,SELL,0.0190,491992.000,2024-07-12 05:28:10.245
ETH,BUY,0.0284,492043.000,2024-07-12 05:28:17.252
ETH,BUY,0.0185,492072.000,2024-07-12 05:28:25.743
ETH,BUY,0.0171,492130.000,2024-07-12 05:28:50.802
ETH,BUY,0.0130,492159.000,2024-07-12 05:29:17.252
ETH,BUY,0.0521,492217.000,2024-07-12 05:29:24.299
ETH,BUY,0.0406,492246.000,2024-07-12 05:29:44.742
ETH,BUY,0.0319,492304.000,2024-07-12 05:29:51.748
ETH,BUY,0.0234,492333.000,2024-07-12 05:30:03.255
ETH,BUY,0.0100,492420.000,2024-07-12 05:30:08.745
ETH,BUY,0.0416,492447.000,2024-07-12 05:30:24.753
ETH,SELL,0.0191,491834.000,2024-07-12 05:30:31.755
ETH,BUY,0.0310,491898.000,2024-07-12 05:30:42.995
ETH,BUY,0.0188,491927.000,2024-07-12 05:31:56.807
ETH,BUY,0.0235,491984.000,2024-07-12 05:32:02.240
ETH,BUY,0.0640,492043.000,2024-07-12 05:32:09.433
ETH,BUY,0.0170,492130.000,2024-07-12 05:32:39.124
ETH,BUY,0.0140,492159.000,2024-07-12 05:32:45.252
ETH,BUY,0.0276,492275.000,2024-07-12 05:32:50.735
ETH,SELL,0.5000,492029.000,2024-07-12 05:32:56.504
ETH,BUY,0.0200,492101.000,2024-07-12 05:33:08.272
ETH,SELL,0.1000,491949.000,2024-07-12 05:33:26.911
ETH,BUY,0.0200,491956.000,2024-07-12 05:34:31.879
ETH,SELL,0.1200,491801.000,2024-07-12 05:34:59.707
ETH,BUY,0.0100,491869.000,2024-07-12 05:35:30.269
ETH,BUY,0.0100,491956.000,2024-07-12 05:35:37.247
ETH,BUY,0.0100,492043.000,2024-07-12 05:35:45.757
ETH,BUY,0.0100,492101.000,2024-07-12 05:38:04.969
ETH,BUY,0.1000,492119.000,2024-07-12 05:40:07.491
ETH,BUY,0.0100,492108.000,2024-07-12 05:40:23.523
ETH,BUY,0.3953,492065.000,2024-07-12 05:41:29.123
ETH,BUY,0.5694,492067.000,2024-07-12 05:41:29.123
ETH,BUY,1.0353,492159.000,2024-07-12 05:41:29.123
ETH,BUY,2.0000,492217.000,2024-07-12 05:41:42.279
ETH,SELL,0.0585,491558.000,2024-07-12 05:41:43.750
ETH,SELL,1.0000,491456.000,2024-07-12 05:41:45.648
ETH,BUY,2.0000,491550.000,2024-07-12 05:41:55.674
ETH,BUY,2.0000,491608.000,2024-07-12 05:42:08.643
ETH,BUY,0.2000,491486.000,2024-07-12 05:42:26.602
ETH,BUY,0.0260,491579.000,2024-07-12 05:42:43.527
ETH,SELL,0.0790,490970.000,2024-07-12 05:45:40.248
ETH,SELL,0.0410,490970.000,2024-07-12 05:46:01.946
ETH,SELL,0.1600,490970.000,2024-07-12 05:46:01.946
ETH,BUY,0.0100,490798.000,2024-07-12 05:46:58.998
ETH,SELL,0.1373,490609.000,2024-07-12 05:47:10.186
ETH,SELL,0.0611,490609.000,2024-07-12 05:48:09.792
ETH,SELL,0.1389,490500.000,2024-07-12 05:48:09.792
ETH,SELL,0.0651,490500.000,2024-07-12 05:48:32.775
ETH,SELL,0.0182,490001.000,2024-07-12 05:48:33.813
ETH,BUY,0.0203,490042.000,2024-07-12 05:48:39.354
ETH,BUY,0.3200,490129.000,2024-07-12 05:49:00.314
ETH,BUY,0.4000,490129.000,2024-07-12 05:49:00.508
ETH,BUY,0.6000,490158.000,2024-07-12 05:49:00.683
ETH,BUY,0.4000,490245.000,2024-07-12 05:49:06.353
ETH,BUY,0.3000,490680.000,2024-07-12 05:50:03.630
ETH,BUY,0.4000,491115.000,2024-07-12 05:50:19.919
ETH,BUY,0.0107,491144.000,2024-07-12 05:50:21.257
ETH,BUY,0.0181,491231.000,2024-07-12 05:50:26.806
ETH,BUY,0.0585,491260.000,2024-07-12 05:51:13.132
ETH,BUY,0.0415,491307.000,2024-07-12 05:51:13.132
ETH,BUY,0.0151,491090.000,2024-07-12 05:53:12.749
ETH,BUY,0.0138,491090.000,2024-07-12 05:53:18.237
ETH,BUY,0.0182,490980.000,2024-07-12 05:55:41.075
ETH,BUY,0.3818,490981.000,2024-07-12 05:55:41.075
ETH,BUY,0.2090,490931.000,2024-07-12 05:55:47.442
ETH,BUY,0.7910,490999.000,2024-07-12 05:55:47.442
ETH,BUY,0.4000,491144.000,2024-07-12 05:57:19.101
ETH,BUY,0.4000,491144.000,2024-07-12 05:57:19.241
ETH,BUY,0.6000,491144.000,2024-07-12 05:57:19.279
ETH,BUY,0.3200,491144.000,2024-07-12 05:57:19.333
ETH,BUY,0.0191,491376.000,2024-07-12 05:59:49.236
ETH,BUY,2.0000,491463.000,2024-07-12 06:01:05.465
ETH,BUY,0.0100,491463.000,2024-07-12 06:01:10.266
ETH,BUY,1.0400,491492.000,2024-07-12 06:01:16.419
ETH,BUY,0.9600,491579.000,2024-07-12 06:01:16.419
ETH,BUY,2.0000,491666.000,2024-07-12 06:01:28.645
ETH,BUY,2.0000,491724.000,2024-07-12 06:01:39.392
ETH,BUY,0.2597,491734.000,2024-07-12 06:01:52.289
ETH,BUY,0.7063,491753.000,2024-07-12 06:01:52.289
ETH,SELL,0.0100,491202.000,2024-07-12 06:02:08.261
ETH,BUY,1.0000,491405.000,2024-07-12 06:02:32.474
ETH,BUY,0.0900,491521.000,2024-07-12 06:02:52.908
ETH,BUY,0.0100,491695.000,2024-07-12 06:03:06.832
ETH,BUY,0.4000,491666.000,2024-07-12 06:03:08.027
ETH,BUY,0.0200,491753.000,2024-07-12 06:03:34.823
ETH,BUY,0.0302,491869.000,2024-07-12 06:03:50.742
ETH,BUY,0.0232,491956.000,2024-07-12 06:04:14.272
ETH,SELL,0.1000,491718.000,2024-07-12 06:05:06.256
ETH,BUY,0.0800,491840.000,2024-07-12 06:05:09.991
ETH,SELL,0.0299,491724.000,2024-07-12 06:05:11.749
ETH,SELL,0.1000,491467.000,2024-07-12 06:06:00.788
ETH,BUY,0.6000,491608.000,2024-07-12 06:06:40.551
