symbol,side,size,price,timestamp
BTC,BUY,0.0001,9988776.000,2024-06-30 21:00:03.571
BTC,BUY,0.0008,9988776.000,2024-06-30 21:00:26.185
BTC,SELL,0.0001,9988775.000,2024-06-30 21:03:05.267
BTC,SELL,0.0002,9988775.000,2024-06-30 21:03:05.267
BTC,SELL,0.0001,9988775.000,2024-06-30 21:03:05.267
BTC,BUY,0.0001,9980001.000,2024-06-30 21:03:07.938
BTC,BUY,0.0001,9980001.000,2024-06-30 21:03:11.111
BTC,BUY,0.0001,9980001.000,2024-06-30 21:03:15.102
BTC,SELL,0.0100,9973451.000,2024-06-30 21:03:25.033
BTC,SELL,0.0050,9970046.000,2024-06-30 21:03:43.062
BTC,BUY,0.0200,9970047.000,2024-06-30 21:04:43.521
BTC,BUY,0.0048,9970047.000,2024-06-30 21:04:43.850
BTC,BUY,0.0700,9976839.000,2024-06-30 21:05:09.910
BTC,BUY,0.0100,9976839.000,2024-06-30 21:05:09.910
BTC,BUY,0.0300,9978080.000,2024-06-30 21:05:09.910
BTC,SELL,0.0001,9976783.000,2024-06-30 21:05:18.971
BTC,BUY,0.0100,9978849.000,2024-06-30 21:05:50.558
BTC,BUY,0.0700,9978849.000,2024-06-30 21:05:50.558
BTC,BUY,0.0700,9978850.000,2024-06-30 21:05:50.558
BTC,BUY,0.0300,9978850.000,2024-06-30 21:05:51.055
BTC,BUY,0.0500,9978850.000,2024-06-30 21:05:51.055
BTC,BUY,0.0001,9978950.000,2024-06-30 21:06:56.110
BTC,SELL,0.0002,9978949.000,2024-06-30 21:11:58.803
BTC,SELL,0.0061,9970000.000,2024-06-30 21:11:58.803
BTC,SELL,0.0003,9970000.000,2024-06-30 21:11:58.803
BTC,SELL,0.0100,9970000.000,2024-06-30 21:11:58.803
BTC,SELL,0.0700,9969526.000,2024-06-30 21:11:58.803
BTC,SELL,0.0100,9968558.000,2024-06-30 21:11:58.803
BTC,SELL,0.0034,9968557.000,2024-06-30 21:11:58.803
BTC,SELL,0.0002,9970000.000,2024-06-30 21:12:07.230
BTC,SELL,0.0268,9969206.000,2024-06-30 21:12:07.230
BTC,SELL,0.0501,9968763.000,2024-06-30 21:12:07.230
BTC,SELL,0.0100,9968607.000,2024-06-30 21:12:07.230
BTC,SELL,0.0129,9964380.000,2024-06-30 21:12:07.230
BTC,SELL,0.0501,9965004.000,2024-06-30 21:12:16.846
BTC,SELL,0.0100,9964408.000,2024-06-30 21:12:16.846
BTC,SELL,0.0399,9964407.000,2024-06-30 21:12:16.846
BTC,SELL,0.0100,9965301.000,2024-06-30 21:12:41.604
BTC,SELL,0.0900,9965300.000,2024-06-30 21:12:41.604
BTC,SELL,0.0002,9964407.000,2024-06-30 21:14:28.154
BTC,BUY,0.0100,9965095.000,2024-06-30 21:14:30.360
BTC,BUY,0.0700,9966704.000,2024-06-30 21:14:30.360
BTC,BUY,0.0100,9966872.000,2024-06-30 21:14:30.360
BTC,BUY,0.0501,9966962.000,2024-06-30 21:14:30.360
BTC,BUY,0.0300,9967965.000,2024-06-30 21:14:30.360
BTC,BUY,0.0299,9968204.000,2024-06-30 21:14:30.360
BTC,BUY,0.0125,9967800.000,2024-06-30 21:14:31.324
BTC,BUY,0.0500,9967800.000,2024-06-30 21:14:31.324
BTC,BUY,0.0100,9967831.000,2024-06-30 21:14:31.324
BTC,BUY,0.0049,9967832.000,2024-06-30 21:14:31.324
BTC,BUY,0.0501,9967948.000,2024-06-30 21:14:31.324
BTC,BUY,0.0725,9968770.000,2024-06-30 21:14:31.324
BTC,BUY,0.2000,9968770.000,2024-06-30 21:14:31.432
BTC,BUY,0.2000,9968770.000,2024-06-30 21:14:31.529
BTC,BUY,0.0700,9968978.000,2024-06-30 21:14:32.364
BTC,BUY,0.0501,9968979.000,2024-06-30 21:14:32.364
BTC,BUY,0.0200,9968980.000,2024-06-30 21:14:32.364
BTC,BUY,0.0542,9969300.000,2024-06-30 21:14:32.364
BTC,BUY,0.1943,9969300.000,2024-06-30 21:14:32.471
BTC,BUY,0.1943,9969300.000,2024-06-30 21:14:32.613
BTC,BUY,0.0333,9968950.000,2024-06-30 21:14:32.703
BTC,BUY,0.0572,9969300.000,2024-06-30 21:14:32.703
BTC,BUY,0.0200,9969720.000,2024-06-30 21:14:32.703
BTC,BUY,0.0838,9971950.000,2024-06-30 21:14:32.703
BTC,BUY,0.0164,9969720.000,2024-06-30 21:14:32.835
BTC,BUY,0.1625,9971950.000,2024-06-30 21:14:32.835
BTC,BUY,0.0128,9971649.000,2024-06-30 21:14:44.989
BTC,BUY,0.0001,9971090.000,2024-06-30 21:17:04.697
BTC,SELL,0.0050,9966812.000,2024-06-30 21:18:08.845
BTC,SELL,0.0050,9966710.000,2024-06-30 21:18:13.897
BTC,SELL,0.0050,9964628.000,2024-06-30 21:18:32.697
BTC,BUY,0.0005,9964408.000,2024-06-30 21:19:26.951
BTC,BUY,0.0010,9964408.000,2024-06-30 21:19:27.818
BTC,BUY,0.0023,9964408.000,2024-06-30 21:20:25.761
BTC,BUY,0.0020,9964627.000,2024-06-30 21:21:09.309
BTC,BUY,0.0001,9964628.000,2024-06-30 21:21:21.338
BTC,SELL,0.0100,9964627.000,2024-06-30 21:22:50.941
BTC,SELL,0.0178,9964627.000,2024-06-30 21:22:50.941
BTC,BUY,0.0056,9964628.000,2024-06-30 21:23:02.213
BTC,BUY,0.0570,9964628.000,2024-06-30 21:23:02.679
BTC,BUY,0.0001,9971648.000,2024-06-30 21:23:02.747
BTC,BUY,0.0100,9971733.000,2024-06-30 21:23:02.747
BTC,BUY,0.0299,9974152.000,2024-06-30 21:23:02.747
BTC,BUY,0.0022,9974163.000,2024-06-30 21:23:55.161
BTC,SELL,0.0010,9974162.000,2024-06-30 21:25:06.120
BTC,SELL,0.0090,9974162.000,2024-06-30 21:25:37.573
BTC,BUY,0.0101,9974163.000,2024-06-30 21:25:42.951
BTC,BUY,0.0077,9974163.000,2024-06-30 21:28:12.221
BTC,SELL,0.0021,9974163.000,2024-06-30 21:30:00.181
BTC,SELL,0.0001,9974163.000,2024-06-30 21:30:00.181
BTC,SELL,0.0190,9974162.000,2024-06-30 21:30:00.181
BTC,SELL,0.0088,9974162.000,2024-06-30 21:30:00.181
BTC,SELL,0.0012,9974162.000,2024-06-30 21:31:45.802
BTC,SELL,0.0088,9972574.000,2024-06-30 21:31:45.802
BTC,SELL,0.0071,9972574.000,2024-06-30 21:31:46.117
BTC,BUY,0.0001,9974069.000,2024-06-30 21:32:33.582
BTC,BUY,0.0010,9973839.000,2024-06-30 21:34:53.323
BTC,BUY,0.0050,9972499.000,2024-06-30 21:36:24.145
BTC,BUY,0.0011,9974069.000,2024-06-30 21:37:13.112
BTC,SELL,0.0001,9972168.000,2024-06-30 21:41:37.125
BTC,SELL,0.0001,9972168.000,2024-06-30 21:46:31.869
BTC,SELL,0.0059,9971000.000,2024-06-30 21:46:31.869
BTC,SELL,0.0020,9971000.000,2024-06-30 21:46:32.358
BTC,SELL,0.0021,9971000.000,2024-06-30 21:46:44.485
BTC,SELL,0.0039,9970096.000,2024-06-30 21:46:44.485
BTC,BUY,0.0001,9963633.000,2024-06-30 21:48:02.443
BTC,BUY,0.0002,9964847.000,2024-06-30 21:48:30.018
BTC,BUY,0.0020,9966299.000,2024-06-30 21:52:34.190
BTC,BUY,0.0102,9966299.000,2024-06-30 21:53:02.691
BTC,BUY,0.0001,9966299.000,2024-06-30 21:53:33.138
BTC,BUY,0.0010,9966299.000,2024-06-30 21:54:02.914
BTC,BUY,0.0040,9966299.000,2024-06-30 21:55:24.940
BTC,BUY,0.0002,9968449.000,2024-06-30 21:57:37.330
BTC,BUY,0.0009,9968249.000,2024-06-30 21:57:45.848
BTC,BUY,0.0050,9969765.000,2024-06-30 21:57:48.141
BTC,BUY,0.0001,9969950.000,2024-06-30 21:58:08.619
BTC,BUY,0.0020,9968749.000,2024-06-30 21:59:11.927
BTC,BUY,0.0008,9968899.000,2024-06-30 22:00:03.169
BTC,BUY,0.0001,9968826.000,2024-06-30 22:00:06.772
BTC,BUY,0.0004,9970000.000,2024-06-30 22:00:26.543
BTC,BUY,0.1000,9969950.000,2024-06-30 22:01:28.008
BTC,BUY,0.0046,9970000.000,2024-06-30 22:02:34.417
BTC,SELL,0.1000,9976364.000,2024-06-30 22:02:50.397
BTC,SELL,0.0111,9976364.000,2024-06-30 22:02:50.397
BTC,SELL,0.0889,9976364.000,2024-06-30 22:03:04.095
BTC,SELL,0.0100,9976364.000,2024-06-30 22:03:04.095
BTC,SELL,0.0011,9976364.000,2024-06-30 22:03:04.095
BTC,BUY,0.0001,9976365.000,2024-06-30 22:03:07.374
BTC,BUY,0.0002,9976804.000,2024-06-30 22:03:07.890
BTC,BUY,0.0001,9978258.000,2024-06-30 22:03:09.233
BTC,BUY,0.0039,9979834.000,2024-06-30 22:03:10.302
BTC,BUY,0.0039,9979851.000,2024-06-30 22:03:17.632
BTC,BUY,0.0002,9981964.000,2024-06-30 22:03:19.969
BTC,BUY,0.0001,9982010.000,2024-06-30 22:03:50.884
BTC,BUY,0.0001,9985807.000,2024-06-30 22:03:56.011
BTC,BUY,0.0002,9986131.000,2024-06-30 22:03:56.011
BTC,BUY,0.0097,9989440.000,2024-06-30 22:03:56.011
BTC,BUY,0.0050,9992090.000,2024-06-30 22:04:22.564
BTC,SELL,0.0050,9987192.000,2024-06-30 22:05:21.915
BTC,BUY,0.0050,9989600.000,2024-06-30 22:05:37.033
BTC,BUY,0.0002,9993050.000,2024-06-30 22:07:01.332
BTC,BUY,0.0001,9992050.000,2024-06-30 22:08:39.469
BTC,BUY,0.0015,9985950.000,2024-06-30 22:09:49.549
BTC,SELL,0.0039,9984999.000,2024-06-30 22:10:14.629
BTC,SELL,0.0011,9984939.000,2024-06-30 22:10:14.629
BTC,BUY,0.0002,9988151.000,2024-06-30 22:12:43.586
BTC,BUY,0.0008,9994777.000,2024-06-30 22:12:43.586
BTC,BUY,0.0001,9999510.000,2024-06-30 22:13:14.620
BTC,BUY,0.0001,9998918.000,2024-06-30 22:15:03.590
BTC,BUY,0.0082,10000000.000,2024-06-30 22:15:34.488
BTC,BUY,0.0100,9999380.000,2024-06-30 22:16:08.401
BTC,SELL,0.0300,9992350.000,2024-06-30 22:16:11.811
BTC,BUY,0.0005,10000000.000,2024-06-30 22:18:15.518
BTC,SELL,0.0040,9998600.000,2024-06-30 22:18:27.635
BTC,SELL,0.0050,9998305.000,2024-06-30 22:18:29.043
BTC,BUY,0.0009,10000000.000,2024-06-30 22:18:41.670
BTC,BUY,0.0001,10000000.000,2024-06-30 22:18:47.904
BTC,BUY,0.0002,9998851.000,2024-06-30 22:18:51.128
BTC,BUY,0.0003,10000000.000,2024-06-30 22:18:51.128
BTC,BUY,0.0002,10000000.000,2024-06-30 22:18:51.128
BTC,BUY,0.0008,10000000.000,2024-06-30 22:18:51.128
BTC,BUY,0.0092,10000000.000,2024-06-30 22:19:17.449
BTC,BUY,0.0002,10000000.000,2024-06-30 22:19:17.449
BTC,BUY,0.0006,10000100.000,2024-06-30 22:19:17.449
BTC,BUY,0.0021,10000100.000,2024-06-30 22:19:18.311
BTC,BUY,0.0001,10002214.000,2024-06-30 22:19:18.311
BTC,BUY,0.0078,10006935.000,2024-06-30 22:19:18.311
BTC,BUY,0.0160,10009000.000,2024-06-30 22:19:18.311
BTC,BUY,0.0003,10010000.000,2024-06-30 22:19:18.311
BTC,BUY,0.0137,10011758.000,2024-06-30 22:19:18.311
BTC,SELL,0.0100,10010450.000,2024-06-30 22:19:29.253
BTC,BUY,0.0010,10016470.000,2024-06-30 22:19:32.153
BTC,BUY,0.0300,10019500.000,2024-06-30 22:20:57.031
BTC,BUY,0.0003,10020000.000,2024-06-30 22:21:40.608
BTC,BUY,0.0011,10020000.000,2024-06-30 22:21:40.608
BTC,BUY,0.1000,10023999.000,2024-06-30 22:21:40.608
BTC,BUY,0.0027,10024099.000,2024-06-30 22:21:40.608
BTC,BUY,0.1159,10026540.000,2024-06-30 22:21:40.608
BTC,BUY,0.0010,10030000.000,2024-06-30 22:21:57.311
BTC,BUY,0.0003,10030000.000,2024-06-30 22:21:57.311
BTC,BUY,0.0087,10033429.000,2024-06-30 22:21:57.311
BTC,BUY,0.0100,10034999.000,2024-06-30 22:22:02.501
BTC,BUY,0.0002,10034999.000,2024-06-30 22:22:02.573
BTC,SELL,0.0010,10028720.000,2024-06-30 22:22:13.845
BTC,BUY,0.0010,10033400.000,2024-06-30 22:22:27.861
BTC,BUY,0.0001,10033400.000,2024-06-30 22:22:40.298
BTC,BUY,0.0010,10032999.000,2024-06-30 22:22:58.472
BTC,SELL,0.0100,10023520.000,2024-06-30 22:23:29.007
BTC,BUY,0.0002,10024101.000,2024-06-30 22:23:53.825
BTC,BUY,0.0098,10030234.000,2024-06-30 22:23:53.825
BTC,BUY,0.0002,10024102.000,2024-06-30 22:24:20.406
BTC,BUY,0.0048,10030779.000,2024-06-30 22:24:20.406
BTC,SELL,0.0062,10027652.000,2024-06-30 22:24:55.547
BTC,SELL,0.0038,10027651.000,2024-06-30 22:24:55.547
BTC,BUY,0.0008,10040000.000,2024-06-30 22:26:05.401
BTC,BUY,0.0002,10040000.000,2024-06-30 22:26:05.403
BTC,BUY,0.0003,10040000.000,2024-06-30 22:26:05.403
BTC,BUY,0.0038,10042681.000,2024-06-30 22:26:05.408
BTC,BUY,0.0500,10041328.000,2024-06-30 22:26:06.007
BTC,BUY,0.0400,10041328.000,2024-06-30 22:26:06.078
BTC,BUY,0.0050,10046057.000,2024-06-30 22:26:06.473
BTC,BUY,0.0050,10046057.000,2024-06-30 22:26:06.476
BTC,BUY,0.0001,10046150.000,2024-06-30 22:26:06.476
BTC,BUY,0.0100,10047498.000,2024-06-30 22:26:06.476
BTC,BUY,0.0050,10049000.000,2024-06-30 22:26:06.866
BTC,BUY,0.0001,10049012.000,2024-06-30 22:26:06.866
BTC,BUY,0.0035,10049420.000,2024-06-30 22:26:06.866
BTC,BUY,0.0020,10049690.000,2024-06-30 22:26:06.866
BTC,BUY,0.0003,10050000.000,2024-06-30 22:26:06.866
BTC,BUY,0.0004,10050000.000,2024-06-30 22:26:06.866
BTC,BUY,0.0003,10050000.000,2024-06-30 22:26:06.866
BTC,BUY,0.0010,10050000.000,2024-06-30 22:26:06.866
BTC,BUY,0.0001,10050000.000,2024-06-30 22:26:06.866
BTC,BUY,0.0050,10050000.000,2024-06-30 22:26:06.866
BTC,BUY,0.0023,10050000.000,2024-06-30 22:26:06.866
BTC,BUY,0.0077,10050000.000,2024-06-30 22:26:07.018
BTC,BUY,0.0020,10050000.000,2024-06-30 22:26:07.018
BTC,BUY,0.0300,10050000.000,2024-06-30 22:26:07.018
BTC,BUY,0.0050,10050000.000,2024-06-30 22:26:07.018
BTC,BUY,0.0001,10050000.000,2024-06-30 22:26:07.018
BTC,BUY,0.0050,10050000.000,2024-06-30 22:26:07.018
BTC,BUY,0.0009,10050000.000,2024-06-30 22:26:07.018
BTC,BUY,0.0001,10050000.000,2024-06-30 22:26:07.248
BTC,BUY,0.0300,10052770.000,2024-06-30 22:26:07.555
BTC,BUY,0.0100,10056999.000,2024-06-30 22:26:07.555
BTC,BUY,0.0020,10056168.000,2024-06-30 22:26:08.354
BTC,BUY,0.0010,10057000.000,2024-06-30 22:26:08.354
BTC,BUY,0.0010,10058937.000,2024-06-30 22:26:08.354
BTC,BUY,0.0400,10059704.000,2024-06-30 22:26:08.354
BTC,BUY,0.0122,10059998.000,2024-06-30 22:26:08.354
BTC,BUY,0.0003,10060000.000,2024-06-30 22:26:08.354
BTC,BUY,0.0435,10060000.000,2024-06-30 22:26:08.354
BTC,BUY,0.0002,10053377.000,2024-06-30 22:26:10.389
BTC,BUY,0.0400,10060000.000,2024-06-30 22:26:10.553
BTC,BUY,0.0008,10059950.000,2024-06-30 22:26:12.207
BTC,SELL,0.0050,10053384.000,2024-06-30 22:26:12.576
BTC,SELL,0.0060,10053383.000,2024-06-30 22:26:12.723
BTC,SELL,0.0008,10053376.000,2024-06-30 22:26:13.806
BTC,SELL,0.0050,10053376.000,2024-06-30 22:26:14.147
BTC,BUY,0.0010,10059187.000,2024-06-30 22:26:17.070
BTC,BUY,0.0040,10059187.000,2024-06-30 22:26:17.241
BTC,BUY,0.0048,10059188.000,2024-06-30 22:26:17.241
BTC,BUY,0.0052,10059188.000,2024-06-30 22:26:17.330
BTC,BUY,0.0165,10060000.000,2024-06-30 22:26:17.330
BTC,BUY,0.0001,10060000.000,2024-06-30 22:26:17.330
BTC,BUY,0.0082,10060000.000,2024-06-30 22:26:17.330
BTC,BUY,0.0400,10060000.000,2024-06-30 22:26:17.881
BTC,BUY,0.0500,10060000.000,2024-06-30 22:26:20.007
BTC,BUY,0.0018,10060000.000,2024-06-30 22:26:20.160
BTC,BUY,0.0001,10060000.000,2024-06-30 22:26:20.160
BTC,BUY,0.0099,10060666.000,2024-06-30 22:26:20.160
BTC,BUY,0.0001,10060666.000,2024-06-30 22:26:20.466
BTC,BUY,0.0058,10068371.000,2024-06-30 22:26:21.276
BTC,BUY,0.0010,10070000.000,2024-06-30 22:26:21.276
BTC,BUY,0.0003,10070000.000,2024-06-30 22:26:21.276
BTC,BUY,0.0001,10070000.000,2024-06-30 22:26:21.276
BTC,BUY,0.0100,10070000.000,2024-06-30 22:26:21.276
BTC,BUY,0.0002,10070000.000,2024-06-30 22:26:21.276
BTC,BUY,0.0010,10070393.000,2024-06-30 22:26:21.276
BTC,BUY,0.0016,10070399.000,2024-06-30 22:26:21.276
BTC,BUY,0.0100,10074908.000,2024-06-30 22:26:21.339
BTC,BUY,0.0010,10074908.000,2024-06-30 22:26:21.414
BTC,BUY,0.0001,10064474.000,2024-06-30 22:26:24.307
BTC,BUY,0.0999,10064474.000,2024-06-30 22:26:24.404
BTC,SELL,0.0016,10076949.000,2024-06-30 22:26:27.247
BTC,SELL,0.0034,10076949.000,2024-06-30 22:26:27.247
BTC,SELL,0.0050,10076949.000,2024-06-30 22:26:28.884
BTC,SELL,0.0016,10076949.000,2024-06-30 22:26:30.320
BTC,SELL,0.0034,10076949.000,2024-06-30 22:26:30.320
BTC,SELL,0.0266,10076949.000,2024-06-30 22:26:30.811
BTC,SELL,0.0050,10073931.000,2024-06-30 22:26:30.815
BTC,SELL,0.0050,10072283.000,2024-06-30 22:26:31.337
BTC,BUY,0.0100,10076654.000,2024-06-30 22:26:31.802
BTC,BUY,0.0300,10076950.000,2024-06-30 22:26:31.802
BTC,SELL,0.0110,10072283.000,2024-06-30 22:26:32.436
BTC,BUY,0.0001,10076360.000,2024-06-30 22:26:32.692
BTC,BUY,0.0100,10076940.000,2024-06-30 22:26:42.534
BTC,BUY,0.0400,10076940.000,2024-06-30 22:26:44.462
BTC,BUY,0.0010,10077000.000,2024-06-30 22:26:45.735
BTC,BUY,0.0002,10079551.000,2024-06-30 22:27:02.809
BTC,BUY,0.0003,10080000.000,2024-06-30 22:27:02.809
BTC,BUY,0.0010,10080000.000,2024-06-30 22:27:02.809
BTC,BUY,0.0085,10080000.000,2024-06-30 22:27:02.809
BTC,BUY,0.0015,10080000.000,2024-06-30 22:27:04.421
BTC,BUY,0.0020,10080000.000,2024-06-30 22:27:04.421
BTC,BUY,0.0001,10080000.000,2024-06-30 22:27:04.421
BTC,BUY,0.0024,10080000.000,2024-06-30 22:27:04.421
BTC,SELL,0.0003,10079999.000,2024-06-30 22:27:05.511
BTC,BUY,0.0002,10080000.000,2024-06-30 22:27:06.273
BTC,BUY,0.0010,10081849.000,2024-06-30 22:27:06.354
BTC,BUY,0.0190,10082771.000,2024-06-30 22:27:06.354
BTC,BUY,0.0320,10082771.000,2024-06-30 22:27:06.489
BTC,BUY,0.0490,10082771.000,2024-06-30 22:27:06.606
BTC,BUY,0.0010,10083000.000,2024-06-30 22:27:06.920
BTC,BUY,0.0100,10090000.000,2024-06-30 22:27:06.920
BTC,BUY,0.0010,10090000.000,2024-06-30 22:27:06.920
BTC,BUY,0.0003,10090000.000,2024-06-30 22:27:06.920
BTC,BUY,0.0009,10090000.000,2024-06-30 22:27:06.920
BTC,BUY,0.0001,10090000.000,2024-06-30 22:27:06.920
BTC,BUY,0.0100,10090000.000,2024-06-30 22:27:06.920
BTC,BUY,0.0010,10090000.000,2024-06-30 22:27:06.920
BTC,BUY,0.0002,10091676.000,2024-06-30 22:27:06.920
BTC,BUY,0.0007,10093304.000,2024-06-30 22:27:06.920
BTC,BUY,0.0003,10093304.000,2024-06-30 22:27:06.920
BTC,BUY,0.0050,10094357.000,2024-06-30 22:27:06.920
BTC,BUY,0.0095,10094881.000,2024-06-30 22:27:06.920
BTC,SELL,0.0002,10080200.000,2024-06-30 22:27:08.829
BTC,SELL,0.0100,10094999.000,2024-06-30 22:27:10.266
BTC,SELL,0.0050,10084904.000,2024-06-30 22:27:10.463
BTC,SELL,0.0060,10085898.000,2024-06-30 22:27:10.752
BTC,BUY,0.1000,10089610.000,2024-06-30 22:27:12.473
BTC,BUY,0.0002,10089610.000,2024-06-30 22:27:20.565
BTC,BUY,0.0002,10090001.000,2024-06-30 22:27:30.498
BTC,BUY,0.0002,10093121.000,2024-06-30 22:27:33.340
BTC,BUY,0.0500,10094950.000,2024-06-30 22:27:33.340
BTC,BUY,0.0488,10094950.000,2024-06-30 22:27:33.340
BTC,BUY,0.0002,10094308.000,2024-06-30 22:27:53.289
BTC,BUY,0.0002,10094651.000,2024-06-30 22:28:10.197
BTC,BUY,0.0100,10095000.000,2024-06-30 22:28:10.449
BTC,BUY,0.0200,10096655.000,2024-06-30 22:28:11.522
BTC,BUY,0.0800,10096655.000,2024-06-30 22:28:11.821
BTC,BUY,0.0001,10098408.000,2024-06-30 22:28:11.821
BTC,BUY,0.0050,10099000.000,2024-06-30 22:28:11.821
BTC,BUY,0.0100,10099500.000,2024-06-30 22:28:11.821
BTC,BUY,0.1000,10099600.000,2024-06-30 22:28:11.821
BTC,BUY,0.0100,10100000.000,2024-06-30 22:28:11.821
BTC,BUY,0.0010,10100000.000,2024-06-30 22:28:11.821
BTC,BUY,0.0003,10100000.000,2024-06-30 22:28:11.821
BTC,BUY,0.0006,10100000.000,2024-06-30 22:28:11.821
BTC,BUY,0.0020,10100000.000,2024-06-30 22:28:11.821
BTC,BUY,0.0311,10100000.000,2024-06-30 22:28:11.821
BTC,BUY,0.0026,10100000.000,2024-06-30 22:28:11.821
BTC,BUY,0.0151,10100000.000,2024-06-30 22:28:11.821
BTC,BUY,0.0012,10100000.000,2024-06-30 22:28:11.888
BTC,BUY,0.0038,10100000.000,2024-06-30 22:28:11.888
BTC,BUY,0.0062,10100000.000,2024-06-30 22:28:12.031
BTC,BUY,0.0010,10100000.000,2024-06-30 22:28:12.031
BTC,BUY,0.0050,10100000.000,2024-06-30 22:28:12.031
BTC,BUY,0.0100,10100000.000,2024-06-30 22:28:12.031
BTC,BUY,0.0016,10100000.000,2024-06-30 22:28:12.031
BTC,BUY,0.0003,10100000.000,2024-06-30 22:28:12.031
BTC,BUY,0.0001,10100000.000,2024-06-30 22:28:12.031
BTC,BUY,0.0001,10100000.000,2024-06-30 22:28:12.031
BTC,BUY,0.0001,10100000.000,2024-06-30 22:28:12.031
BTC,BUY,0.0020,10100000.000,2024-06-30 22:28:12.031
BTC,BUY,0.0002,10100000.000,2024-06-30 22:28:12.031
BTC,BUY,0.0040,10100000.000,2024-06-30 22:28:12.031
BTC,BUY,0.0001,10100000.000,2024-06-30 22:28:12.031
BTC,BUY,0.0030,10100000.000,2024-06-30 22:28:12.031
BTC,BUY,0.0010,10100000.000,2024-06-30 22:28:12.031
BTC,BUY,0.0033,10100000.000,2024-06-30 22:28:12.031
BTC,BUY,0.0030,10100000.000,2024-06-30 22:28:12.031
BTC,BUY,0.0001,10100000.000,2024-06-30 22:28:12.031
BTC,BUY,0.0001,10102733.000,2024-06-30 22:28:12.031
BTC,BUY,0.0010,10104760.000,2024-06-30 22:28:12.031
BTC,BUY,0.0050,10106751.000,2024-06-30 22:28:12.031
BTC,BUY,0.0028,10110000.000,2024-06-30 22:28:12.031
BTC,BUY,0.0060,10110000.000,2024-06-30 22:28:12.271
BTC,BUY,0.0012,10110000.000,2024-06-30 22:28:12.367
BTC,BUY,0.0003,10110000.000,2024-06-30 22:28:12.367
BTC,BUY,0.0010,10110000.000,2024-06-30 22:28:12.367
BTC,BUY,0.0001,10110000.000,2024-06-30 22:28:12.367
BTC,BUY,0.0374,10110459.000,2024-06-30 22:28:12.367
BTC,BUY,0.0110,10110459.000,2024-06-30 22:28:12.801
BTC,BUY,0.0160,10099567.000,2024-06-30 22:28:14.479
BTC,BUY,0.0200,10099567.000,2024-06-30 22:28:14.516
BTC,BUY,0.0110,10099567.000,2024-06-30 22:28:14.700
BTC,BUY,0.0100,10099567.000,2024-06-30 22:28:14.704
BTC,BUY,0.0200,10099567.000,2024-06-30 22:28:15.756
BTC,BUY,0.0050,10099567.000,2024-06-30 22:28:15.760
BTC,BUY,0.0100,10111921.000,2024-06-30 22:28:17.316
BTC,BUY,0.0008,10113350.000,2024-06-30 22:28:41.523
BTC,BUY,0.0002,10114150.000,2024-06-30 22:28:44.566
BTC,BUY,0.0030,10114150.000,2024-06-30 22:29:09.762
BTC,BUY,0.0002,10114150.000,2024-06-30 22:29:10.313
BTC,BUY,0.0027,10114150.000,2024-06-30 22:29:10.313
BTC,BUY,0.0011,10114250.000,2024-06-30 22:29:10.313
BTC,SELL,0.0100,10114200.000,2024-06-30 22:29:14.493
BTC,BUY,0.0004,10114250.000,2024-06-30 22:29:15.821
BTC,BUY,0.0012,10114250.000,2024-06-30 22:29:22.473
BTC,BUY,0.0001,10114250.000,2024-06-30 22:29:29.011
BTC,BUY,0.0002,10114250.000,2024-06-30 22:29:31.017
BTC,BUY,0.0008,10116216.000,2024-06-30 22:29:31.017
BTC,BUY,0.0002,10116216.000,2024-06-30 22:29:43.527
BTC,BUY,0.0002,10116216.000,2024-06-30 22:29:43.527
BTC,BUY,0.0010,10120000.000,2024-06-30 22:29:43.527
BTC,BUY,0.0100,10120000.000,2024-06-30 22:29:43.527
BTC,BUY,0.0003,10120000.000,2024-06-30 22:29:43.527
BTC,BUY,0.0020,10120000.000,2024-06-30 22:29:43.527
BTC,BUY,0.0001,10120000.000,2024-06-30 22:29:43.527
BTC,BUY,0.0001,10120000.000,2024-06-30 22:29:43.527
BTC,BUY,0.0020,10123000.000,2024-06-30 22:29:43.527
BTC,BUY,0.0493,10123840.000,2024-06-30 22:29:43.527
BTC,BUY,0.0060,10124929.000,2024-06-30 22:29:43.527
BTC,BUY,0.1288,10126180.000,2024-06-30 22:29:43.527
BTC,SELL,0.0020,10126179.000,2024-06-30 22:29:59.074
BTC,BUY,0.0166,10126600.000,2024-06-30 22:29:59.246
BTC,BUY,0.0500,10126600.000,2024-06-30 22:29:59.246
BTC,BUY,0.0027,10126650.000,2024-06-30 22:29:59.246
BTC,BUY,0.0006,10127671.000,2024-06-30 22:29:59.246
BTC,BUY,0.0004,10127671.000,2024-06-30 22:29:59.246
BTC,BUY,0.0232,10129062.000,2024-06-30 22:29:59.246
BTC,BUY,0.1065,10129360.000,2024-06-30 22:29:59.246
BTC,BUY,0.0030,10129890.000,2024-06-30 22:30:00.546
BTC,SELL,0.0075,10129889.000,2024-06-30 22:30:04.098
BTC,SELL,0.0040,10125972.000,2024-06-30 22:30:18.159
BTC,BUY,0.0001,10125973.000,2024-06-30 22:30:24.962
BTC,BUY,0.0001,10122687.000,2024-06-30 22:30:37.556
BTC,SELL,0.0010,10122686.000,2024-06-30 22:30:39.285
BTC,SELL,0.0010,10122686.000,2024-06-30 22:30:40.167
BTC,SELL,0.0007,10120000.000,2024-06-30 22:30:56.140
BTC,SELL,0.0033,10116376.000,2024-06-30 22:30:56.140
BTC,SELL,0.0010,10116376.000,2024-06-30 22:30:56.218
BTC,SELL,0.0050,10105050.000,2024-06-30 22:31:52.742
BTC,SELL,0.0010,10105050.000,2024-06-30 22:31:52.806
BTC,SELL,0.0010,10105041.000,2024-06-30 22:31:52.934
BTC,SELL,0.0010,10105120.000,2024-06-30 22:31:53.129
BTC,BUY,0.0050,10106750.000,2024-06-30 22:32:07.953
BTC,BUY,0.0003,10100001.000,2024-06-30 22:32:31.049
BTC,SELL,0.0001,10100000.000,2024-06-30 22:32:31.146
BTC,SELL,0.0002,10100000.000,2024-06-30 22:32:31.146
BTC,SELL,0.0001,10098453.000,2024-06-30 22:32:31.146
BTC,SELL,0.0005,10093280.000,2024-06-30 22:32:31.146
BTC,SELL,0.0001,10093202.000,2024-06-30 22:32:31.146
BTC,SELL,0.0010,10093202.000,2024-06-30 22:32:31.293
BTC,SELL,0.0010,10093202.000,2024-06-30 22:32:31.391
BTC,SELL,0.0030,10090002.000,2024-06-30 22:32:32.860
BTC,SELL,0.0010,10090002.000,2024-06-30 22:32:32.933
BTC,SELL,0.0500,10090081.000,2024-06-30 22:33:04.920
BTC,SELL,0.0050,10090160.000,2024-06-30 22:33:07.507
BTC,SELL,0.0370,10090325.000,2024-06-30 22:33:22.083
BTC,BUY,0.0050,10095600.000,2024-06-30 22:33:23.356
BTC,SELL,0.0075,10090560.000,2024-06-30 22:33:44.241
BTC,SELL,0.0025,10090550.000,2024-06-30 22:33:44.241
BTC,BUY,0.0001,10097490.000,2024-06-30 22:34:06.816
BTC,BUY,0.0001,10097349.000,2024-06-30 22:34:17.400
BTC,BUY,0.0001,10096700.000,2024-06-30 22:34:29.897
BTC,SELL,0.0008,10090000.000,2024-06-30 22:36:05.784
BTC,SELL,0.0010,10090000.000,2024-06-30 22:36:05.784
BTC,SELL,0.0002,10090000.000,2024-06-30 22:36:05.784
BTC,SELL,0.0050,10084582.000,2024-06-30 22:36:16.472
BTC,SELL,0.0010,10084582.000,2024-06-30 22:36:16.541
BTC,SELL,0.0015,10084801.000,2024-06-30 22:36:20.706
BTC,SELL,0.0033,10084880.000,2024-06-30 22:36:21.959
BTC,SELL,0.0140,10097574.000,2024-06-30 22:37:15.677
BTC,SELL,0.0092,10096560.000,2024-06-30 22:37:15.677
BTC,SELL,0.0268,10096485.000,2024-06-30 22:37:15.677
BTC,SELL,0.0068,10096070.000,2024-06-30 22:37:16.076
BTC,BUY,0.0016,10098080.000,2024-06-30 22:37:44.979
BTC,BUY,0.0003,10098080.000,2024-06-30 22:37:48.829
BTC,BUY,0.0002,10098080.000,2024-06-30 22:37:51.579
BTC,BUY,0.0100,10098080.000,2024-06-30 22:37:53.068
BTC,BUY,0.0004,10098080.000,2024-06-30 22:37:54.037
BTC,BUY,0.0032,10098705.000,2024-06-30 22:37:58.907
BTC,BUY,0.0098,10098705.000,2024-06-30 22:37:59.131
BTC,BUY,0.0200,10098705.000,2024-06-30 22:37:59.180
BTC,BUY,0.0100,10098705.000,2024-06-30 22:37:59.182
BTC,BUY,0.0300,10099943.000,2024-06-30 22:37:59.521
BTC,BUY,0.0160,10099943.000,2024-06-30 22:37:59.609
BTC,BUY,0.0100,10099943.000,2024-06-30 22:37:59.706
BTC,BUY,0.0050,10099943.000,2024-06-30 22:37:59.710
BTC,BUY,0.0390,10099943.000,2024-06-30 22:38:00.547
BTC,SELL,0.0700,10102657.000,2024-06-30 22:38:11.653
BTC,SELL,0.0700,10102657.000,2024-06-30 22:38:11.653
BTC,BUY,0.0002,10102658.000,2024-06-30 22:38:12.464
BTC,BUY,0.0002,10105000.000,2024-06-30 22:38:14.875
BTC,BUY,0.0078,10109715.000,2024-06-30 22:38:14.875
BTC,BUY,0.0001,10109715.000,2024-06-30 22:38:22.208
BTC,BUY,0.0200,10109715.000,2024-06-30 22:38:27.868
BTC,BUY,0.0494,10109715.000,2024-06-30 22:38:29.817
BTC,SELL,0.0100,10109714.000,2024-06-30 22:38:35.711
BTC,SELL,0.0300,10109714.000,2024-06-30 22:38:35.711
BTC,SELL,0.0210,10109714.000,2024-06-30 22:38:35.711
BTC,BUY,0.0056,10109715.000,2024-06-30 22:38:35.900
BTC,BUY,0.1000,10110000.000,2024-06-30 22:38:50.726
BTC,BUY,0.0002,10110197.000,2024-06-30 22:38:54.081
BTC,BUY,0.0002,10115000.000,2024-06-30 22:38:54.081
BTC,BUY,0.0040,10115807.000,2024-06-30 22:38:54.081
BTC,BUY,0.0026,10115944.000,2024-06-30 22:38:54.081
BTC,BUY,0.0024,10116374.000,2024-06-30 22:38:54.427
BTC,SELL,0.0001,10109760.000,2024-06-30 22:39:10.922
BTC,SELL,0.0100,10109760.000,2024-06-30 22:39:13.384
BTC,BUY,0.0002,10111340.000,2024-06-30 22:39:13.519
BTC,SELL,0.0024,10109760.000,2024-06-30 22:39:13.762
BTC,SELL,0.0200,10109715.000,2024-06-30 22:39:27.593
BTC,BUY,0.0010,10110635.000,2024-06-30 22:39:45.666
BTC,BUY,0.0005,10113320.000,2024-06-30 22:40:02.649
BTC,BUY,0.0005,10116083.000,2024-06-30 22:40:03.545
BTC,BUY,0.0015,10115749.000,2024-06-30 22:40:06.183
BTC,BUY,0.0003,10115750.000,2024-06-30 22:40:06.183
BTC,BUY,0.0001,10112650.000,2024-06-30 22:40:12.193
BTC,SELL,0.0011,10109964.000,2024-06-30 22:40:13.859
BTC,SELL,0.0125,10109760.000,2024-06-30 22:40:13.859
BTC,SELL,0.1164,10109715.000,2024-06-30 22:40:13.859
BTC,SELL,0.0011,10110066.000,2024-06-30 22:40:14.482
BTC,SELL,0.0030,10109715.000,2024-06-30 22:40:14.482
BTC,SELL,0.0100,10102555.000,2024-06-30 22:41:05.748
BTC,BUY,0.0125,10109120.000,2024-06-30 22:41:17.627
BTC,BUY,0.0700,10109168.000,2024-06-30 22:41:17.627
BTC,SELL,0.0100,10109715.000,2024-06-30 22:41:27.724
BTC,SELL,0.0100,10109715.000,2024-06-30 22:41:28.204
BTC,SELL,0.0100,10109715.000,2024-06-30 22:41:30.483
BTC,SELL,0.0050,10109715.000,2024-06-30 22:41:30.542
BTC,SELL,0.0200,10109715.000,2024-06-30 22:41:30.545
BTC,SELL,0.0200,10109715.000,2024-06-30 22:41:30.600
BTC,SELL,0.0253,10109715.000,2024-06-30 22:41:30.745
BTC,SELL,0.0050,10109715.000,2024-06-30 22:41:31.054
BTC,SELL,0.1000,10109715.000,2024-06-30 22:41:33.327
BTC,SELL,0.0100,10109715.000,2024-06-30 22:41:35.866
BTC,SELL,0.2535,10109715.000,2024-06-30 22:41:35.959
BTC,SELL,0.0027,10109715.000,2024-06-30 22:41:36.126
BTC,SELL,0.0050,10103057.000,2024-06-30 22:41:36.131
BTC,SELL,0.0060,10103057.000,2024-06-30 22:41:36.342
BTC,SELL,0.0880,10102485.000,2024-06-30 22:41:37.653
BTC,SELL,0.0120,10102480.000,2024-06-30 22:41:37.653
BTC,SELL,0.0005,10102480.000,2024-06-30 22:41:38.772
BTC,SELL,0.0001,10101789.000,2024-06-30 22:41:38.772
BTC,SELL,0.0044,10100831.000,2024-06-30 22:41:38.772
BTC,BUY,0.0001,10107199.000,2024-06-30 22:42:02.108
BTC,BUY,0.0001,10109789.000,2024-06-30 22:42:14.521
BTC,SELL,0.0050,10102450.000,2024-06-30 22:42:23.608
BTC,BUY,0.0050,10109325.000,2024-06-30 22:42:39.329
BTC,BUY,0.0015,10109030.000,2024-06-30 22:42:43.292
BTC,BUY,0.0013,10109275.000,2024-06-30 22:42:44.015
BTC,SELL,0.0002,10100000.000,2024-06-30 22:44:21.949
BTC,SELL,0.0048,10097492.000,2024-06-30 22:44:21.949
BTC,SELL,0.0001,10097851.000,2024-06-30 22:44:35.977
BTC,BUY,0.0050,10103000.000,2024-06-30 22:44:37.686
BTC,SELL,0.0008,10098000.000,2024-06-30 22:44:38.374
BTC,BUY,0.0068,10102960.000,2024-06-30 22:44:38.950
BTC,SELL,0.0050,10100259.000,2024-06-30 22:45:06.831
BTC,SELL,0.0028,10099490.000,2024-06-30 22:45:35.379
BTC,BUY,0.0120,10103320.000,2024-06-30 22:45:40.888
BTC,BUY,0.0380,10103500.000,2024-06-30 22:45:40.888
BTC,BUY,0.0001,10102049.000,2024-06-30 22:46:06.980
BTC,BUY,0.0120,10100950.000,2024-06-30 22:46:39.634
BTC,BUY,0.0700,10100959.000,2024-06-30 22:46:39.634
BTC,BUY,0.0057,10100960.000,2024-06-30 22:46:39.634
BTC,BUY,0.0200,10100997.000,2024-06-30 22:46:39.634
BTC,BUY,0.0044,10101148.000,2024-06-30 22:46:39.634
BTC,BUY,0.0495,10101149.000,2024-06-30 22:46:39.634
BTC,BUY,0.0831,10101165.000,2024-06-30 22:46:39.634
BTC,SELL,0.0027,10102050.000,2024-06-30 22:46:40.756
BTC,BUY,0.0015,10102051.000,2024-06-30 22:47:03.570
BTC,SELL,0.0026,10102050.000,2024-06-30 22:47:04.121
BTC,SELL,0.0015,10100000.000,2024-06-30 22:47:04.121
BTC,SELL,0.0001,10094357.000,2024-06-30 22:47:04.121
BTC,SELL,0.0008,10092463.000,2024-06-30 22:47:04.121
BTC,SELL,0.0050,10093359.000,2024-06-30 22:47:48.104
BTC,SELL,0.0001,10093359.000,2024-06-30 22:47:50.397
BTC,SELL,0.0002,10093362.000,2024-06-30 22:48:01.342
BTC,BUY,0.0050,10096000.000,2024-06-30 22:48:03.780
BTC,BUY,0.0012,10096000.000,2024-06-30 22:48:10.376
BTC,SELL,0.0007,10093450.000,2024-06-30 22:48:23.019
BTC,SELL,0.0008,10093650.000,2024-06-30 22:48:28.491
BTC,SELL,0.0015,10094000.000,2024-06-30 22:48:43.079
BTC,BUY,0.0026,10107500.000,2024-06-30 22:49:24.601
BTC,SELL,0.0050,10098205.000,2024-06-30 22:49:47.001
BTC,BUY,0.0001,10106050.000,2024-06-30 22:49:59.366
BTC,BUY,0.0005,10105900.000,2024-06-30 22:50:02.557
BTC,BUY,0.0050,10105900.000,2024-06-30 22:50:02.765
BTC,BUY,0.0160,10099320.000,2024-06-30 22:50:30.246
BTC,BUY,0.0008,10099320.000,2024-06-30 22:50:30.928
BTC,SELL,0.0017,10100750.000,2024-06-30 22:50:40.737
BTC,SELL,0.0017,10098050.000,2024-06-30 22:51:07.716
BTC,BUY,0.0100,10106451.000,2024-06-30 22:51:17.109
BTC,BUY,0.0295,10107000.000,2024-06-30 22:51:17.109
BTC,SELL,0.0001,10099421.000,2024-06-30 22:51:40.120
BTC,SELL,0.0200,10099320.000,2024-06-30 22:52:20.509
BTC,SELL,0.0200,10099320.000,2024-06-30 22:52:20.685
BTC,SELL,0.0100,10099320.000,2024-06-30 22:52:22.650
BTC,SELL,0.0100,10099320.000,2024-06-30 22:52:22.835
BTC,SELL,0.0098,10099320.000,2024-06-30 22:52:28.860
BTC,BUY,0.0100,10099321.000,2024-06-30 22:52:44.397
BTC,BUY,0.0043,10099321.000,2024-06-30 22:52:55.460
BTC,BUY,0.0038,10099321.000,2024-06-30 22:52:55.460
BTC,BUY,0.0419,10099321.000,2024-06-30 22:52:55.460
BTC,SELL,0.0100,10099320.000,2024-06-30 22:53:04.126
BTC,SELL,0.0200,10099320.000,2024-06-30 22:53:04.931
BTC,BUY,0.0030,10099321.000,2024-06-30 22:53:22.180
BTC,BUY,0.0020,10099321.000,2024-06-30 22:53:42.926
BTC,BUY,0.0125,10099360.000,2024-06-30 22:53:44.018
BTC,BUY,0.0275,10099519.000,2024-06-30 22:53:44.018
BTC,BUY,0.0001,10101800.000,2024-06-30 22:53:51.741
BTC,SELL,0.0003,10101833.000,2024-06-30 22:54:20.761
BTC,BUY,0.0005,10108000.000,2024-06-30 22:55:44.476
BTC,SELL,0.0004,10111439.000,2024-06-30 22:57:37.470
BTC,BUY,0.0001,10111440.000,2024-06-30 22:57:37.558
BTC,BUY,0.0002,10111440.000,2024-06-30 22:57:37.558
BTC,BUY,0.0007,10111440.000,2024-06-30 22:57:38.849
BTC,BUY,0.0009,10111440.000,2024-06-30 22:57:39.571
BTC,BUY,0.0009,10111440.000,2024-06-30 22:57:40.122
BTC,BUY,0.0009,10111440.000,2024-06-30 22:57:40.505
BTC,SELL,0.0007,10111439.000,2024-06-30 22:57:40.977
BTC,BUY,0.0009,10111440.000,2024-06-30 22:57:41.181
BTC,BUY,0.0001,10108739.000,2024-06-30 22:57:44.010
BTC,BUY,0.0004,10108739.000,2024-06-30 22:58:17.278
BTC,SELL,0.0027,10108102.000,2024-06-30 22:58:26.065
BTC,SELL,0.0001,10108150.000,2024-06-30 22:59:26.607
BTC,BUY,0.0030,10110572.000,2024-06-30 22:59:44.305
BTC,BUY,0.0050,10111440.000,2024-06-30 22:59:53.997
BTC,BUY,0.0005,10108926.000,2024-06-30 23:00:03.218
BTC,BUY,0.0003,10111440.000,2024-06-30 23:00:09.203
BTC,BUY,0.0027,10111540.000,2024-06-30 23:00:09.203
BTC,BUY,0.0002,10111609.000,2024-06-30 23:00:09.203
BTC,BUY,0.0042,10112414.000,2024-06-30 23:00:09.203
BTC,BUY,0.0160,10110171.000,2024-06-30 23:00:13.607
BTC,SELL,0.0001,10110170.000,2024-06-30 23:00:14.698
BTC,BUY,0.0160,10110171.000,2024-06-30 23:00:14.741
BTC,BUY,0.0016,10110171.000,2024-06-30 23:00:14.941
BTC,BUY,0.0001,10115000.000,2024-06-30 23:00:25.589
BTC,BUY,0.0001,10115000.000,2024-06-30 23:00:25.792
BTC,BUY,0.0003,10116376.000,2024-06-30 23:00:25.792
BTC,SELL,0.0020,10116366.000,2024-06-30 23:00:42.892
BTC,SELL,0.0030,10115500.000,2024-06-30 23:00:42.892
BTC,BUY,0.0003,10116376.000,2024-06-30 23:00:48.603
BTC,BUY,0.0016,10116376.000,2024-06-30 23:00:57.438
BTC,BUY,0.1000,10118500.000,2024-06-30 23:01:18.495
BTC,SELL,0.0161,10118260.000,2024-06-30 23:01:31.417
BTC,BUY,0.0001,10119360.000,2024-06-30 23:01:36.271
BTC,BUY,0.0010,10119150.000,2024-06-30 23:01:41.015
BTC,BUY,0.0010,10114500.000,2024-06-30 23:02:05.694
BTC,BUY,0.0050,10116437.000,2024-06-30 23:02:08.362
BTC,BUY,0.0048,10117866.000,2024-06-30 23:02:08.362
BTC,BUY,0.0006,10114512.000,2024-06-30 23:02:17.098
BTC,BUY,0.0021,10114512.000,2024-06-30 23:02:19.205
BTC,SELL,0.0001,10116550.000,2024-06-30 23:02:22.452
BTC,SELL,0.0010,10116750.000,2024-06-30 23:02:27.228
BTC,SELL,0.0050,10117899.000,2024-06-30 23:02:54.120
BTC,BUY,0.0500,10119000.000,2024-06-30 23:03:03.472
BTC,BUY,0.0840,10119272.000,2024-06-30 23:03:05.492
BTC,BUY,0.0190,10119500.000,2024-06-30 23:03:09.040
BTC,BUY,0.0010,10119500.000,2024-06-30 23:03:11.285
BTC,BUY,0.0009,10119500.000,2024-06-30 23:03:16.556
BTC,BUY,0.0002,10119629.000,2024-06-30 23:03:19.887
BTC,BUY,0.0010,10120000.000,2024-06-30 23:03:19.887
BTC,BUY,0.0001,10120129.000,2024-06-30 23:03:19.887
BTC,BUY,0.1000,10120711.000,2024-06-30 23:03:19.887
BTC,BUY,0.0287,10121000.000,2024-06-30 23:03:19.887
BTC,BUY,0.0004,10121000.000,2024-06-30 23:03:22.215
BTC,BUY,0.0010,10122890.000,2024-06-30 23:03:24.552
BTC,BUY,0.0010,10124444.000,2024-06-30 23:03:25.186
BTC,BUY,0.0009,10124444.000,2024-06-30 23:03:26.584
BTC,BUY,0.0050,10124339.000,2024-06-30 23:03:30.591
BTC,BUY,0.0148,10124963.000,2024-06-30 23:03:34.635
BTC,BUY,0.0050,10124963.000,2024-06-30 23:03:34.638
BTC,BUY,0.1000,10125789.000,2024-06-30 23:03:38.228
BTC,BUY,0.0002,10128515.000,2024-06-30 23:03:38.228
BTC,BUY,0.0003,10130000.000,2024-06-30 23:03:38.228
BTC,BUY,0.0010,10130000.000,2024-06-30 23:03:38.228
BTC,BUY,0.0100,10130000.000,2024-06-30 23:03:38.228
BTC,BUY,0.0001,10130000.000,2024-06-30 23:03:38.228
BTC,BUY,0.0101,10131013.000,2024-06-30 23:03:38.228
BTC,BUY,0.0002,10131567.000,2024-06-30 23:03:38.228
BTC,BUY,0.0001,10131980.000,2024-06-30 23:03:38.228
BTC,BUY,0.0099,10134249.000,2024-06-30 23:03:38.228
BTC,BUY,0.0100,10134250.000,2024-06-30 23:03:38.228
BTC,BUY,0.0124,10134560.000,2024-06-30 23:03:38.228
BTC,BUY,0.0872,10134720.000,2024-06-30 23:03:38.228
BTC,BUY,0.0880,10134900.000,2024-06-30 23:03:38.467
BTC,BUY,0.0002,10135100.000,2024-06-30 23:03:38.467
BTC,BUY,0.1533,10136780.000,2024-06-30 23:03:38.467
BTC,BUY,0.0100,10132268.000,2024-06-30 23:03:38.665
BTC,BUY,0.2315,10136780.000,2024-06-30 23:03:38.665
BTC,BUY,0.5000,10138900.000,2024-06-30 23:03:39.010
BTC,BUY,0.0060,10127842.000,2024-06-30 23:03:39.891
BTC,BUY,0.0040,10127842.000,2024-06-30 23:03:40.038
BTC,BUY,0.0010,10139127.000,2024-06-30 23:03:40.038
BTC,BUY,0.0010,10140000.000,2024-06-30 23:03:40.038
BTC,BUY,0.0003,10140000.000,2024-06-30 23:03:40.038
BTC,BUY,0.0100,10140000.000,2024-06-30 23:03:40.038
BTC,BUY,0.0010,10140000.000,2024-06-30 23:03:40.038
BTC,BUY,0.0001,10140000.000,2024-06-30 23:03:40.038
BTC,BUY,0.0002,10140000.000,2024-06-30 23:03:40.038
BTC,BUY,0.0125,10141520.000,2024-06-30 23:03:40.038
BTC,BUY,0.0699,10141550.000,2024-06-30 23:03:40.038
BTC,BUY,0.0050,10139127.000,2024-06-30 23:03:40.203
BTC,SELL,0.0030,10128085.000,2024-06-30 23:03:51.241
BTC,BUY,0.0001,10128087.000,2024-06-30 23:03:53.354
BTC,BUY,0.0003,10124864.000,2024-06-30 23:04:06.454
BTC,BUY,0.0096,10124864.000,2024-06-30 23:04:40.119
BTC,BUY,0.0002,10125000.000,2024-06-30 23:04:40.938
BTC,SELL,0.0054,10129999.000,2024-06-30 23:04:48.860
BTC,SELL,0.0780,10129995.000,2024-06-30 23:04:48.860
BTC,SELL,0.0466,10128136.000,2024-06-30 23:04:50.488
BTC,BUY,0.0100,10127495.000,2024-06-30 23:04:52.226
BTC,BUY,0.0170,10129360.000,2024-06-30 23:04:52.226
BTC,SELL,0.0002,10129999.000,2024-06-30 23:05:07.916
BTC,BUY,0.0001,10130000.000,2024-06-30 23:05:16.327
BTC,BUY,0.0001,10124865.000,2024-06-30 23:05:28.538
BTC,SELL,0.0019,10124864.000,2024-06-30 23:05:58.535
BTC,SELL,0.0081,10124864.000,2024-06-30 23:05:58.535
BTC,SELL,0.0015,10124864.000,2024-06-30 23:06:09.507
BTC,BUY,0.0098,10123005.000,2024-06-30 23:06:33.037
BTC,BUY,0.0002,10123359.000,2024-06-30 23:06:33.037
BTC,SELL,0.0102,10123004.000,2024-06-30 23:06:40.481
BTC,SELL,0.0050,10116618.000,2024-06-30 23:07:03.296
BTC,BUY,0.0040,10118411.000,2024-06-30 23:07:07.034
BTC,BUY,0.0009,10121000.000,2024-06-30 23:07:56.538
BTC,BUY,0.0100,10121000.000,2024-06-30 23:08:06.269
BTC,BUY,0.0009,10121000.000,2024-06-30 23:08:07.380
BTC,BUY,0.0009,10121000.000,2024-06-30 23:08:16.583
BTC,BUY,0.0010,10121000.000,2024-06-30 23:08:25.643
BTC,SELL,0.0010,10120795.000,2024-06-30 23:08:38.003
BTC,BUY,0.0001,10121000.000,2024-06-30 23:09:08.732
BTC,BUY,0.0001,10121000.000,2024-06-30 23:09:20.839
BTC,SELL,0.0002,10120999.000,2024-06-30 23:09:30.924
BTC,SELL,0.0259,10122469.000,2024-06-30 23:10:38.380
BTC,SELL,0.0005,10118695.000,2024-06-30 23:11:19.976
BTC,SELL,0.0020,10118000.000,2024-06-30 23:11:51.279
BTC,SELL,0.0007,10113021.000,2024-06-30 23:11:51.279
BTC,SELL,0.0010,10110000.000,2024-06-30 23:12:25.087
BTC,SELL,0.0010,10110000.000,2024-06-30 23:12:25.087
BTC,SELL,0.0202,10109410.000,2024-06-30 23:12:25.087
BTC,BUY,0.0001,10109100.000,2024-06-30 23:13:01.098
BTC,SELL,0.0002,10108200.000,2024-06-30 23:13:11.800
BTC,SELL,0.0085,10106355.000,2024-06-30 23:13:11.800
BTC,BUY,0.0001,10108160.000,2024-06-30 23:13:13.251
BTC,BUY,0.1000,10109750.000,2024-06-30 23:13:36.615
BTC,BUY,0.0060,10110001.000,2024-06-30 23:13:48.028
BTC,BUY,0.1000,10110001.000,2024-06-30 23:13:48.028
BTC,BUY,0.0466,10110981.000,2024-06-30 23:13:48.028
BTC,BUY,0.0160,10110982.000,2024-06-30 23:13:48.028
BTC,BUY,0.0314,10114210.000,2024-06-30 23:13:48.028
BTC,BUY,0.0007,10112972.000,2024-06-30 23:13:56.116
BTC,BUY,0.0003,10113149.000,2024-06-30 23:13:56.116
BTC,SELL,0.0095,10111382.000,2024-06-30 23:15:52.378
BTC,SELL,0.0125,10111360.000,2024-06-30 23:15:52.378
BTC,SELL,0.0438,10111281.000,2024-06-30 23:15:52.378
BTC,BUY,0.0010,10113460.000,2024-06-30 23:16:22.114
BTC,BUY,0.0001,10115580.000,2024-06-30 23:16:53.407
BTC,BUY,0.0001,10117700.000,2024-06-30 23:17:05.588
BTC,SELL,0.0002,10117652.000,2024-06-30 23:17:06.155
BTC,BUY,0.0050,10120300.000,2024-06-30 23:17:30.109
BTC,SELL,0.0100,10118471.000,2024-06-30 23:17:36.820
BTC,SELL,0.0041,10118471.000,2024-06-30 23:17:38.080
BTC,SELL,0.0032,10118471.000,2024-06-30 23:17:38.099
BTC,SELL,0.0068,10112738.000,2024-06-30 23:17:38.099
BTC,SELL,0.0100,10118423.000,2024-06-30 23:17:39.285
BTC,SELL,0.0071,10118423.000,2024-06-30 23:17:39.294
BTC,SELL,0.0050,10112743.000,2024-06-30 23:17:39.321
BTC,SELL,0.0071,10110014.000,2024-06-30 23:17:48.479
BTC,BUY,0.0021,10111340.000,2024-06-30 23:17:55.986
BTC,SELL,0.0005,10112738.000,2024-06-30 23:18:25.768
BTC,SELL,0.0095,10112099.000,2024-06-30 23:18:25.768
BTC,SELL,0.0002,10110000.000,2024-06-30 23:19:04.990
BTC,SELL,0.0098,10108250.000,2024-06-30 23:19:04.990
BTC,BUY,0.0100,10110800.000,2024-06-30 23:19:48.199
BTC,SELL,0.0050,10109378.000,2024-06-30 23:20:10.525
BTC,SELL,0.0300,10108745.000,2024-06-30 23:20:10.525
BTC,SELL,0.0050,10107820.000,2024-06-30 23:20:10.525
BTC,BUY,0.0001,10110280.000,2024-06-30 23:20:45.753
BTC,BUY,0.0001,10111870.000,2024-06-30 23:20:57.868
BTC,BUY,0.0577,10114644.000,2024-06-30 23:21:02.021
BTC,BUY,0.0612,10114645.000,2024-06-30 23:21:02.021
BTC,BUY,0.0451,10114675.000,2024-06-30 23:21:02.021
BTC,BUY,0.0050,10116048.000,2024-06-30 23:21:02.021
BTC,BUY,0.0200,10116493.000,2024-06-30 23:21:02.021
BTC,BUY,0.0043,10118575.000,2024-06-30 23:21:02.021
BTC,BUY,0.0067,10119259.000,2024-06-30 23:21:02.021
BTC,BUY,0.0100,10119849.000,2024-06-30 23:21:43.792
BTC,BUY,0.0022,10119350.000,2024-06-30 23:22:10.816
BTC,BUY,0.0012,10119000.000,2024-06-30 23:24:19.672
BTC,SELL,0.0020,10111468.000,2024-06-30 23:24:22.139
BTC,BUY,0.0001,10114520.000,2024-06-30 23:24:38.214
BTC,BUY,0.0001,10116100.000,2024-06-30 23:24:50.231
BTC,SELL,0.0688,10116673.000,2024-06-30 23:26:54.294
BTC,BUY,0.0010,10119290.000,2024-06-30 23:27:08.603
BTC,BUY,0.0001,10119550.000,2024-06-30 23:28:30.713
BTC,BUY,0.0001,10119400.000,2024-06-30 23:28:42.562
BTC,SELL,0.0050,10119290.000,2024-06-30 23:29:02.652
BTC,SELL,0.0100,10119290.000,2024-06-30 23:29:34.301
BTC,BUY,0.0010,10119850.000,2024-06-30 23:31:07.106
BTC,SELL,0.0050,10119868.000,2024-06-30 23:31:21.611
BTC,SELL,0.0050,10119290.000,2024-06-30 23:31:21.611
BTC,SELL,0.0078,10115365.000,2024-06-30 23:31:21.611
BTC,BUY,0.0005,10116109.000,2024-06-30 23:31:51.124
BTC,BUY,0.0001,10118225.000,2024-06-30 23:32:34.933
BTC,BUY,0.0090,10118750.000,2024-06-30 23:33:23.346
BTC,BUY,0.0045,10119750.000,2024-06-30 23:33:59.334
BTC,SELL,0.0536,10117565.000,2024-06-30 23:34:15.518
BTC,BUY,0.0005,10119249.000,2024-06-30 23:34:17.585
BTC,BUY,0.0067,10119998.000,2024-06-30 23:35:53.502
BTC,BUY,0.0033,10119999.000,2024-06-30 23:35:53.502
BTC,BUY,0.0500,10119999.000,2024-06-30 23:36:12.386
BTC,BUY,0.0001,10119999.000,2024-06-30 23:36:27.299
BTC,BUY,0.0009,10119999.000,2024-06-30 23:36:56.568
BTC,BUY,0.0009,10119999.000,2024-06-30 23:37:07.448
BTC,BUY,0.0009,10119999.000,2024-06-30 23:37:16.803
BTC,BUY,0.0010,10119999.000,2024-06-30 23:37:47.263
BTC,BUY,0.0009,10119999.000,2024-06-30 23:38:36.622
BTC,BUY,0.0009,10119999.000,2024-06-30 23:38:46.601
BTC,BUY,0.0009,10119999.000,2024-06-30 23:38:56.795
BTC,BUY,0.0009,10119999.000,2024-06-30 23:39:07.460
BTC,BUY,0.0010,10119999.000,2024-06-30 23:39:44.891
BTC,BUY,0.0100,10119999.000,2024-06-30 23:40:00.947
BTC,BUY,0.0001,10119999.000,2024-06-30 23:40:19.649
BTC,BUY,0.0001,10119999.000,2024-06-30 23:40:26.005
BTC,BUY,0.0010,10119999.000,2024-06-30 23:40:38.524
BTC,SELL,0.0001,10118714.000,2024-06-30 23:40:49.525
BTC,BUY,0.0004,10119999.000,2024-06-30 23:41:04.100
BTC,BUY,0.0100,10119901.000,2024-06-30 23:42:07.890
BTC,BUY,0.0001,10119901.000,2024-06-30 23:42:12.750
BTC,BUY,0.0100,10119901.000,2024-06-30 23:42:48.596
BTC,SELL,0.0031,10115645.000,2024-06-30 23:43:28.886
BTC,BUY,0.0100,10117650.000,2024-06-30 23:43:55.411
BTC,BUY,0.0009,10117001.000,2024-06-30 23:45:26.630
BTC,BUY,0.0009,10117001.000,2024-06-30 23:45:36.534
BTC,BUY,0.0009,10117001.000,2024-06-30 23:45:46.688
BTC,SELL,0.0001,10117000.000,2024-06-30 23:45:53.050
BTC,BUY,0.0003,10114799.000,2024-06-30 23:45:57.906
BTC,BUY,0.0009,10115400.000,2024-06-30 23:48:56.723
BTC,SELL,0.0343,10109272.000,2024-06-30 23:51:09.655
BTC,BUY,0.0001,10109350.000,2024-06-30 23:51:45.132
BTC,BUY,0.0050,10109300.000,2024-06-30 23:51:53.458
BTC,BUY,0.0001,10109250.000,2024-06-30 23:51:56.934
BTC,SELL,0.0050,10106125.000,2024-06-30 23:51:58.216
BTC,SELL,0.0090,10108159.000,2024-06-30 23:52:47.097
BTC,BUY,0.0010,10113460.000,2024-06-30 23:53:10.110
BTC,SELL,0.0104,10113110.000,2024-06-30 23:53:32.032
BTC,BUY,0.0500,10113460.000,2024-06-30 23:53:36.660
BTC,SELL,0.0001,10114000.000,2024-06-30 23:53:48.652
BTC,BUY,0.0005,10115550.000,2024-06-30 23:54:08.048
BTC,BUY,0.0030,10115150.000,2024-06-30 23:55:14.730
BTC,BUY,0.0001,10115150.000,2024-06-30 23:55:18.624
BTC,BUY,0.0006,10115580.000,2024-06-30 23:55:51.682
BTC,SELL,0.0004,10114000.000,2024-06-30 23:56:08.475
BTC,SELL,0.0372,10115000.000,2024-06-30 23:56:36.248
BTC,SELL,0.0050,10115000.000,2024-06-30 23:56:37.056
BTC,SELL,0.0500,10115000.000,2024-06-30 23:56:37.456
BTC,SELL,0.0050,10115000.000,2024-06-30 23:56:37.521
BTC,SELL,0.0050,10115000.000,2024-06-30 23:56:38.583
BTC,SELL,0.0041,10115000.000,2024-06-30 23:56:38.943
BTC,SELL,0.0100,10115000.000,2024-06-30 23:56:39.327
BTC,SELL,0.0050,10115000.000,2024-06-30 23:56:39.587
BTC,SELL,0.0060,10115000.000,2024-06-30 23:56:40.517
BTC,SELL,0.0050,10115000.000,2024-06-30 23:56:40.586
BTC,SELL,0.0190,10115000.000,2024-06-30 23:56:40.973
BTC,SELL,0.0100,10115000.000,2024-06-30 23:56:41.856
BTC,SELL,0.0050,10115000.000,2024-06-30 23:56:46.204
BTC,SELL,0.0050,10115000.000,2024-06-30 23:56:46.716
BTC,SELL,0.0050,10115000.000,2024-06-30 23:56:47.715
BTC,SELL,0.0020,10115000.000,2024-06-30 23:56:47.819
BTC,SELL,0.0200,10115000.000,2024-06-30 23:56:48.386
BTC,SELL,0.0100,10115000.000,2024-06-30 23:56:48.391
BTC,SELL,0.0050,10115000.000,2024-06-30 23:56:48.745
BTC,SELL,0.0151,10115000.000,2024-06-30 23:56:48.782
BTC,SELL,0.0041,10115000.000,2024-06-30 23:56:48.794
BTC,SELL,0.0200,10115000.000,2024-06-30 23:56:48.900
BTC,SELL,0.0035,10115000.000,2024-06-30 23:56:49.029
BTC,SELL,0.0193,10115000.000,2024-06-30 23:56:49.134
BTC,SELL,0.0030,10115000.000,2024-06-30 23:56:49.249
BTC,SELL,0.1000,10115000.000,2024-06-30 23:56:49.279
BTC,SELL,0.0100,10115000.000,2024-06-30 23:56:49.282
BTC,SELL,0.0166,10115000.000,2024-06-30 23:56:49.288
BTC,SELL,0.0182,10115000.000,2024-06-30 23:56:49.491
BTC,SELL,0.0237,10115000.000,2024-06-30 23:56:49.735
BTC,SELL,0.0199,10115000.000,2024-06-30 23:56:50.247
BTC,SELL,0.0050,10115000.000,2024-06-30 23:56:50.249
BTC,SELL,0.0256,10115000.000,2024-06-30 23:56:50.744
BTC,SELL,0.0050,10115000.000,2024-06-30 23:56:51.256
BTC,SELL,0.0152,10115000.000,2024-06-30 23:56:51.288
BTC,SELL,0.0255,10115000.000,2024-06-30 23:56:51.614
BTC,SELL,0.0050,10115000.000,2024-06-30 23:56:51.769
BTC,SELL,0.0100,10115000.000,2024-06-30 23:56:51.877
BTC,SELL,0.0100,10115000.000,2024-06-30 23:56:51.899
BTC,SELL,0.0100,10115000.000,2024-06-30 23:56:52.037
BTC,SELL,0.0253,10115000.000,2024-06-30 23:56:52.302
BTC,SELL,0.0402,10115000.000,2024-06-30 23:56:52.509
BTC,SELL,0.0050,10115000.000,2024-06-30 23:56:52.795
BTC,SELL,0.0615,10115000.000,2024-06-30 23:56:52.913
BTC,SELL,0.0015,10114000.000,2024-06-30 23:56:52.913
BTC,SELL,0.0003,10114000.000,2024-06-30 23:56:52.913
BTC,SELL,0.0127,10114000.000,2024-06-30 23:56:52.913
BTC,SELL,0.0001,10114000.000,2024-06-30 23:56:52.913
BTC,SELL,0.0040,10114000.000,2024-06-30 23:56:52.913
BTC,SELL,0.0199,10105885.000,2024-06-30 23:56:52.913
BTC,SELL,0.0050,10105886.000,2024-06-30 23:56:54.001
BTC,SELL,0.0011,10105325.000,2024-06-30 23:56:56.940
BTC,SELL,0.0003,10104715.000,2024-06-30 23:57:06.392
BTC,BUY,0.0005,10106570.000,2024-06-30 23:58:01.303
BTC,SELL,0.0040,10107099.000,2024-06-30 23:58:12.104
BTC,BUY,0.0005,10110902.000,2024-06-30 23:58:43.264
BTC,BUY,0.0001,10108150.000,2024-06-30 23:59:27.989
BTC,BUY,0.0200,10108157.000,2024-06-30 23:59:44.085
BTC,BUY,0.0012,10109750.000,2024-07-01 00:00:26.013
BTC,BUY,0.0005,10111340.000,2024-07-01 00:00:47.896
BTC,BUY,0.0010,10112935.000,2024-07-01 00:00:55.225
BTC,SELL,0.0010,10105493.000,2024-07-01 00:01:38.055
BTC,SELL,0.0117,10105493.000,2024-07-01 00:02:48.892
BTC,SELL,0.0010,10105493.000,2024-07-01 00:02:48.892
BTC,SELL,0.0127,10100250.000,2024-07-01 00:03:55.407
BTC,SELL,0.0003,10100000.000,2024-07-01 00:03:55.407
BTC,SELL,0.0010,10100000.000,2024-07-01 00:03:55.407
BTC,SELL,0.0001,10100000.000,2024-07-01 00:03:55.407
BTC,SELL,0.0030,10100000.000,2024-07-01 00:03:55.407
BTC,SELL,0.0700,10099329.000,2024-07-01 00:03:55.407
BTC,SELL,0.0129,10099320.000,2024-07-01 00:03:55.407
BTC,SELL,0.0373,10099320.000,2024-07-01 00:04:19.061
BTC,BUY,0.0001,10100821.000,2024-07-01 00:04:45.992
BTC,BUY,0.0223,10103390.000,2024-07-01 00:05:49.010
BTC,SELL,0.0120,10103900.000,2024-07-01 00:06:08.205
BTC,SELL,0.0100,10103984.000,2024-07-01 00:06:08.882
BTC,SELL,0.0120,10104061.000,2024-07-01 00:06:10.169
BTC,SELL,0.0100,10104100.000,2024-07-01 00:06:10.790
BTC,BUY,0.0010,10106354.000,2024-07-01 00:08:15.047
BTC,BUY,0.0010,10101920.000,2024-07-01 00:09:02.141
BTC,SELL,0.0002,10100000.000,2024-07-01 00:09:02.197
BTC,SELL,0.0039,10095417.000,2024-07-01 00:09:02.197
BTC,SELL,0.0010,10095417.000,2024-07-01 00:09:34.702
BTC,BUY,0.0010,10090001.000,2024-07-01 00:10:43.612
BTC,SELL,0.0003,10090000.000,2024-07-01 00:10:50.579
BTC,SELL,0.0010,10090000.000,2024-07-01 00:10:50.579
BTC,SELL,0.0010,10090000.000,2024-07-01 00:10:50.579
BTC,SELL,0.0018,10085076.000,2024-07-01 00:10:50.579
BTC,SELL,0.0005,10085076.000,2024-07-01 00:10:59.891
BTC,BUY,0.0005,10085077.000,2024-07-01 00:11:09.676
BTC,SELL,0.0026,10085076.000,2024-07-01 00:11:56.972
BTC,SELL,0.0001,10085000.000,2024-07-01 00:11:56.972
BTC,SELL,0.0010,10080000.000,2024-07-01 00:11:56.972
BTC,SELL,0.0003,10080000.000,2024-07-01 00:11:56.972
BTC,SELL,0.0010,10080000.000,2024-07-01 00:11:56.972
BTC,SELL,0.0010,10080000.000,2024-07-01 00:11:56.972
BTC,BUY,0.0003,10080750.000,2024-07-01 00:12:00.410
BTC,SELL,0.0002,10080300.000,2024-07-01 00:12:09.908
BTC,SELL,0.0070,10080584.000,2024-07-01 00:13:29.190
BTC,BUY,0.0010,10082720.000,2024-07-01 00:15:31.769
BTC,BUY,0.0005,10086960.000,2024-07-01 00:16:20.499
BTC,BUY,0.0010,10089999.000,2024-07-01 00:16:41.419
BTC,BUY,0.0495,10089999.000,2024-07-01 00:16:44.129
BTC,BUY,0.0253,10089999.000,2024-07-01 00:16:44.211
BTC,BUY,0.0050,10089999.000,2024-07-01 00:16:44.272
BTC,BUY,0.0050,10089999.000,2024-07-01 00:16:47.305
BTC,BUY,0.0050,10089999.000,2024-07-01 00:16:49.331
BTC,BUY,0.0092,10089999.000,2024-07-01 00:16:58.468
BTC,BUY,0.0039,10092260.000,2024-07-01 00:16:58.468
BTC,BUY,0.0060,10093320.000,2024-07-01 00:16:58.658
BTC,BUY,0.0030,10097545.000,2024-07-01 00:17:35.348
BTC,BUY,0.0010,10097985.000,2024-07-01 00:17:53.062
BTC,BUY,0.0198,10098585.000,2024-07-01 00:18:03.494
BTC,BUY,0.0100,10100000.000,2024-07-01 00:18:16.439
BTC,BUY,0.0010,10100620.000,2024-07-01 00:18:16.478
BTC,BUY,0.0003,10100620.000,2024-07-01 00:18:16.891
BTC,BUY,0.0050,10100075.000,2024-07-01 00:18:29.629
BTC,BUY,0.0001,10100075.000,2024-07-01 00:18:30.204
BTC,BUY,0.0003,10100370.000,2024-07-01 00:18:34.694
BTC,BUY,0.0090,10100989.000,2024-07-01 00:18:43.660
BTC,BUY,0.0008,10100989.000,2024-07-01 00:18:43.903
BTC,BUY,0.0001,10101702.000,2024-07-01 00:18:49.889
BTC,BUY,0.0100,10101330.000,2024-07-01 00:18:56.439
BTC,BUY,0.0128,10101703.000,2024-07-01 00:18:56.439
BTC,BUY,0.0005,10098990.000,2024-07-01 00:19:16.825
BTC,BUY,0.0003,10100275.000,2024-07-01 00:19:27.847
BTC,BUY,0.0001,10102135.000,2024-07-01 00:19:36.905
BTC,BUY,0.0003,10099646.000,2024-07-01 00:19:46.845
BTC,SELL,0.0004,10098650.000,2024-07-01 00:20:37.530
BTC,BUY,0.0050,10099680.000,2024-07-01 00:21:08.132
BTC,BUY,0.1000,10101270.000,2024-07-01 00:21:12.658
BTC,BUY,0.1000,10101270.000,2024-07-01 00:21:12.721
BTC,BUY,0.0002,10093000.000,2024-07-01 00:22:58.153
BTC,BUY,0.0003,10096359.000,2024-07-01 00:23:31.434
BTC,SELL,0.0050,10092401.000,2024-07-01 00:23:50.977
BTC,BUY,0.0098,10091124.000,2024-07-01 00:24:30.442
BTC,BUY,0.0050,10092450.000,2024-07-01 00:25:04.541
BTC,SELL,0.0050,10091800.000,2024-07-01 00:26:34.314
BTC,BUY,0.0230,10094380.000,2024-07-01 00:27:35.934
BTC,BUY,0.0285,10095440.000,2024-07-01 00:28:18.942
BTC,BUY,0.0005,10097560.000,2024-07-01 00:28:34.664
BTC,BUY,0.2000,10099150.000,2024-07-01 00:29:40.784
BTC,BUY,0.1000,10100000.000,2024-07-01 00:29:55.506
BTC,BUY,0.0388,10103670.000,2024-07-01 00:29:55.506
BTC,BUY,0.0002,10103910.000,2024-07-01 00:29:55.506
BTC,BUY,0.0010,10104000.000,2024-07-01 00:29:55.506
BTC,BUY,0.0600,10104120.000,2024-07-01 00:29:55.506
BTC,BUY,0.0001,10105900.000,2024-07-01 00:30:28.324
BTC,BUY,0.0001,10105850.000,2024-07-01 00:30:39.659
BTC,BUY,0.0070,10106504.000,2024-07-01 00:31:24.045
BTC,BUY,0.0006,10102900.000,2024-07-01 00:31:49.936
BTC,BUY,0.0001,10103204.000,2024-07-01 00:31:56.834
BTC,BUY,0.0001,10108301.000,2024-07-01 00:38:12.926
BTC,BUY,0.0010,10110000.000,2024-07-01 00:39:00.319
BTC,BUY,0.0003,10110165.000,2024-07-01 00:39:00.319
BTC,BUY,0.0002,10111200.000,2024-07-01 00:39:41.737
BTC,BUY,0.0050,10111340.000,2024-07-01 00:41:34.975
BTC,BUY,0.0050,10116000.000,2024-07-01 00:41:53.189
BTC,BUY,0.0320,10116000.000,2024-07-01 00:42:02.035
BTC,BUY,0.0001,10116224.000,2024-07-01 00:42:03.434
BTC,BUY,0.0001,10116640.000,2024-07-01 00:42:05.368
BTC,BUY,0.0550,10117170.000,2024-07-01 00:42:08.666
BTC,BUY,0.0870,10117170.000,2024-07-01 00:42:08.670
BTC,BUY,0.0005,10117619.000,2024-07-01 00:42:11.134
BTC,BUY,0.0002,10117977.000,2024-07-01 00:42:11.134
BTC,BUY,0.0002,10118252.000,2024-07-01 00:42:11.134
BTC,BUY,0.0991,10119290.000,2024-07-01 00:42:11.134
BTC,BUY,0.0001,10119999.000,2024-07-01 00:42:16.619
BTC,BUY,0.0017,10119999.000,2024-07-01 00:42:43.135
BTC,BUY,0.0002,10119824.000,2024-07-01 00:42:49.818
BTC,SELL,0.0085,10116907.000,2024-07-01 00:42:49.866
BTC,BUY,0.0010,10114950.000,2024-07-01 00:43:31.709
BTC,BUY,0.0001,10115000.000,2024-07-01 00:45:57.696
BTC,BUY,0.0001,10119999.000,2024-07-01 00:46:08.978
BTC,BUY,0.0001,10119999.000,2024-07-01 00:46:10.816
BTC,BUY,0.0008,10119999.000,2024-07-01 00:46:43.094
BTC,BUY,0.0050,10119999.000,2024-07-01 00:47:53.783
BTC,BUY,0.0050,10119999.000,2024-07-01 00:47:54.269
BTC,BUY,0.0050,10119999.000,2024-07-01 00:47:54.780
BTC,BUY,0.0050,10119999.000,2024-07-01 00:47:57.305
BTC,BUY,0.0039,10119999.000,2024-07-01 00:48:02.147
BTC,BUY,0.0050,10119999.000,2024-07-01 00:48:02.147
BTC,BUY,0.0010,10120000.000,2024-07-01 00:48:02.147
BTC,BUY,0.0010,10120000.000,2024-07-01 00:48:02.147
BTC,BUY,0.0003,10120000.000,2024-07-01 00:48:02.147
BTC,BUY,0.0088,10120000.000,2024-07-01 00:48:02.147
BTC,BUY,0.0001,10120000.000,2024-07-01 00:48:02.232
BTC,BUY,0.0011,10120000.000,2024-07-01 00:48:02.838
BTC,BUY,0.0030,10120000.000,2024-07-01 00:48:02.838
BTC,BUY,0.0002,10120000.000,2024-07-01 00:48:02.838
BTC,BUY,0.0001,10120430.000,2024-07-01 00:48:12.017
BTC,BUY,0.0004,10123004.000,2024-07-01 00:48:24.989
BTC,BUY,0.0004,10126936.000,2024-07-01 00:48:40.854
BTC,SELL,0.0100,10128247.000,2024-07-01 00:49:25.099
BTC,BUY,0.0001,10128248.000,2024-07-01 00:50:05.449
BTC,BUY,0.0008,10129046.000,2024-07-01 00:50:05.449
BTC,BUY,0.0001,10129046.000,2024-07-01 00:50:24.007
BTC,BUY,0.0002,10128719.000,2024-07-01 00:52:12.665
BTC,BUY,0.0002,10128248.000,2024-07-01 00:52:16.439
BTC,BUY,0.0048,10128752.000,2024-07-01 00:52:16.439
BTC,BUY,0.0001,10129046.000,2024-07-01 00:53:31.948
BTC,BUY,0.0002,10129047.000,2024-07-01 00:53:31.948
BTC,BUY,0.0010,10130000.000,2024-07-01 00:53:31.948
BTC,BUY,0.0010,10130000.000,2024-07-01 00:53:31.948
BTC,BUY,0.0003,10130000.000,2024-07-01 00:53:31.948
BTC,BUY,0.0100,10130000.000,2024-07-01 00:53:31.948
BTC,BUY,0.0001,10132010.000,2024-07-01 00:53:42.332
BTC,SELL,0.0100,10130949.000,2024-07-01 00:54:24.246
BTC,SELL,0.0098,10128752.000,2024-07-01 00:54:27.712
BTC,SELL,0.0045,10128247.000,2024-07-01 00:54:27.712
BTC,SELL,0.0010,10129303.000,2024-07-01 00:54:58.012
BTC,BUY,0.0002,10132142.000,2024-07-01 00:55:34.452
BTC,BUY,0.0001,10132142.000,2024-07-01 00:55:34.452
BTC,BUY,0.0002,10132142.000,2024-07-01 00:55:34.452
BTC,BUY,0.0029,10134750.000,2024-07-01 00:55:39.947
BTC,SELL,0.0010,10134750.000,2024-07-01 00:55:45.869
BTC,BUY,0.0300,10132050.000,2024-07-01 00:55:54.626
BTC,BUY,0.0017,10132242.000,2024-07-01 00:56:24.934
BTC,BUY,0.0033,10132633.000,2024-07-01 00:56:24.934
BTC,SELL,0.0125,10130560.000,2024-07-01 00:57:30.418
BTC,SELL,0.0075,10130501.000,2024-07-01 00:57:30.418
BTC,BUY,0.0001,10134130.000,2024-07-01 00:57:34.732
BTC,BUY,0.0001,10135000.000,2024-07-01 00:57:46.105
BTC,BUY,0.0009,10135000.000,2024-07-01 00:58:09.944
BTC,BUY,0.0141,10136780.000,2024-07-01 00:58:09.944
BTC,BUY,0.0010,10139000.000,2024-07-01 00:58:32.387
BTC,BUY,0.0010,10140000.000,2024-07-01 00:58:32.387
BTC,BUY,0.0030,10140000.000,2024-07-01 00:58:32.387
BTC,BUY,0.0014,10140000.000,2024-07-01 00:59:18.029
BTC,BUY,0.0006,10140000.000,2024-07-01 00:59:31.830
BTC,BUY,0.0100,10140000.000,2024-07-01 00:59:31.830
BTC,BUY,0.0003,10140000.000,2024-07-01 00:59:31.830
BTC,BUY,0.0100,10140000.000,2024-07-01 00:59:31.830
BTC,BUY,0.0091,10140000.000,2024-07-01 00:59:31.830
BTC,BUY,0.0001,10140399.000,2024-07-01 00:59:38.944
BTC,SELL,0.0050,10140398.000,2024-07-01 00:59:48.491
BTC,BUY,0.0110,10140000.000,2024-07-01 01:00:00.481
BTC,BUY,0.0001,10140000.000,2024-07-01 01:00:20.894
BTC,BUY,0.0100,10140000.000,2024-07-01 01:00:39.172
BTC,BUY,0.0005,10140000.000,2024-07-01 01:01:19.187
BTC,BUY,0.0001,10140000.000,2024-07-01 01:01:27.141
BTC,BUY,0.0040,10140000.000,2024-07-01 01:02:07.745
BTC,BUY,0.0030,10138399.000,2024-07-01 01:02:32.873
BTC,BUY,0.0010,10138794.000,2024-07-01 01:02:48.185
BTC,BUY,0.0001,10135000.000,2024-07-01 01:03:06.316
BTC,SELL,0.0011,10134250.000,2024-07-01 01:03:20.357
BTC,BUY,0.0024,10135000.000,2024-07-01 01:03:24.660
BTC,BUY,0.0018,10135611.000,2024-07-01 01:03:24.660
BTC,BUY,0.0001,10140000.000,2024-07-01 01:05:19.545
BTC,BUY,0.0050,10140000.000,2024-07-01 01:05:22.591
BTC,BUY,0.0050,10140000.000,2024-07-01 01:05:24.079
BTC,BUY,0.0500,10140000.000,2024-07-01 01:05:24.287
BTC,BUY,0.1000,10140000.000,2024-07-01 01:05:24.728
BTC,BUY,0.0092,10140000.000,2024-07-01 01:05:51.796
BTC,BUY,0.0002,10140000.000,2024-07-01 01:05:51.796
BTC,BUY,0.0002,10141200.000,2024-07-01 01:06:04.472
BTC,BUY,0.0010,10145000.000,2024-07-01 01:06:14.700
BTC,BUY,0.0010,10148000.000,2024-07-01 01:06:14.700
BTC,BUY,0.0002,10148944.000,2024-07-01 01:06:14.700
BTC,BUY,0.0003,10150000.000,2024-07-01 01:06:14.700
BTC,BUY,0.0010,10150000.000,2024-07-01 01:06:14.700
BTC,BUY,0.0006,10150000.000,2024-07-01 01:06:14.700
BTC,BUY,0.0100,10150000.000,2024-07-01 01:06:14.700
BTC,BUY,0.0050,10150000.000,2024-07-01 01:06:14.700
BTC,BUY,0.0003,10150000.000,2024-07-01 01:06:14.700
BTC,BUY,0.0010,10150000.000,2024-07-01 01:06:14.700
BTC,BUY,0.0001,10150000.000,2024-07-01 01:06:14.700
BTC,BUY,0.0050,10150000.000,2024-07-01 01:06:14.700
BTC,BUY,0.0020,10150000.000,2024-07-01 01:06:14.700
BTC,BUY,0.0100,10150000.000,2024-07-01 01:06:14.700
BTC,BUY,0.0050,10150000.000,2024-07-01 01:06:14.700
BTC,BUY,0.0200,10150000.000,2024-07-01 01:06:14.700
BTC,BUY,0.0010,10150000.000,2024-07-01 01:06:14.700
BTC,BUY,0.0002,10150000.000,2024-07-01 01:06:14.700
BTC,BUY,0.0010,10150583.000,2024-07-01 01:06:14.700
BTC,BUY,0.0026,10150683.000,2024-07-01 01:06:14.700
BTC,BUY,0.0001,10150683.000,2024-07-01 01:06:15.118
BTC,BUY,0.0002,10152168.000,2024-07-01 01:06:15.118
BTC,BUY,0.0369,10153198.000,2024-07-01 01:06:15.118
BTC,BUY,0.0010,10153198.000,2024-07-01 01:06:15.127
BTC,BUY,0.0321,10153198.000,2024-07-01 01:06:15.684
BTC,BUY,0.0050,10158965.000,2024-07-01 01:06:15.727
BTC,BUY,0.0005,10158965.000,2024-07-01 01:06:16.220
BTC,BUY,0.0002,10158965.000,2024-07-01 01:06:16.231
BTC,BUY,0.0005,10158965.000,2024-07-01 01:06:16.248
BTC,BUY,0.0238,10158965.000,2024-07-01 01:06:16.277
BTC,BUY,0.0010,10160000.000,2024-07-01 01:06:16.717
BTC,BUY,0.0003,10160000.000,2024-07-01 01:06:16.717
BTC,BUY,0.0020,10160000.000,2024-07-01 01:06:16.717
BTC,BUY,0.0100,10160000.000,2024-07-01 01:06:16.717
BTC,BUY,0.0001,10160000.000,2024-07-01 01:06:16.717
BTC,BUY,0.0100,10160679.000,2024-07-01 01:06:16.727
BTC,BUY,0.0010,10162038.000,2024-07-01 01:06:16.830
BTC,BUY,0.0001,10162469.000,2024-07-01 01:06:16.830
BTC,BUY,0.0019,10162605.000,2024-07-01 01:06:16.830
BTC,BUY,0.0159,10162605.000,2024-07-01 01:06:16.977
BTC,BUY,0.0100,10162605.000,2024-07-01 01:06:16.979
BTC,BUY,0.0015,10164160.000,2024-07-01 01:06:17.134
BTC,BUY,0.0292,10165533.000,2024-07-01 01:06:17.134
BTC,BUY,0.0594,10166160.000,2024-07-01 01:06:17.134
BTC,BUY,0.0871,10166190.000,2024-07-01 01:06:17.134
BTC,BUY,0.0001,10169400.000,2024-07-01 01:06:17.134
BTC,BUY,0.0010,10170000.000,2024-07-01 01:06:17.134
BTC,BUY,0.0003,10170000.000,2024-07-01 01:06:17.134
BTC,BUY,0.0100,10170000.000,2024-07-01 01:06:17.134
BTC,BUY,0.0001,10170000.000,2024-07-01 01:06:17.134
BTC,BUY,0.0003,10170000.000,2024-07-01 01:06:17.134
BTC,BUY,0.0500,10170813.000,2024-07-01 01:06:17.666
BTC,BUY,0.0400,10170813.000,2024-07-01 01:06:17.888
BTC,BUY,0.0100,10170813.000,2024-07-01 01:06:17.891
BTC,BUY,0.0010,10173494.000,2024-07-01 01:06:17.915
BTC,BUY,0.0390,10176728.000,2024-07-01 01:06:17.915
BTC,BUY,0.0010,10176728.000,2024-07-01 01:06:17.924
BTC,BUY,0.0059,10178119.000,2024-07-01 01:06:17.924
BTC,BUY,0.0077,10178978.000,2024-07-01 01:06:17.924
BTC,BUY,0.0034,10179300.000,2024-07-01 01:06:17.924
BTC,BUY,0.0010,10180000.000,2024-07-01 01:06:17.924
BTC,BUY,0.0003,10180000.000,2024-07-01 01:06:17.924
BTC,BUY,0.0100,10180000.000,2024-07-01 01:06:17.924
BTC,BUY,0.0001,10180000.000,2024-07-01 01:06:17.924
BTC,BUY,0.0002,10180000.000,2024-07-01 01:06:17.924
BTC,BUY,0.0200,10180000.000,2024-07-01 01:06:17.924
BTC,BUY,0.0010,10181000.000,2024-07-01 01:06:17.924
BTC,BUY,0.0003,10182592.000,2024-07-01 01:06:17.924
BTC,BUY,0.0010,10183000.000,2024-07-01 01:06:17.924
BTC,BUY,0.0004,10184949.000,2024-07-01 01:06:17.924
BTC,BUY,0.0006,10184949.000,2024-07-01 01:06:17.924
BTC,BUY,0.0100,10187023.000,2024-07-01 01:06:17.924
BTC,BUY,0.0001,10189288.000,2024-07-01 01:06:17.924
BTC,BUY,0.0003,10190000.000,2024-07-01 01:06:17.924
BTC,BUY,0.0010,10190000.000,2024-07-01 01:06:17.924
BTC,BUY,0.0009,10190000.000,2024-07-01 01:06:17.924
BTC,BUY,0.0100,10190000.000,2024-07-01 01:06:17.924
BTC,BUY,0.0001,10190000.000,2024-07-01 01:06:17.924
BTC,BUY,0.0100,10190000.000,2024-07-01 01:06:17.924
BTC,BUY,0.0010,10190580.000,2024-07-01 01:06:17.924
BTC,BUY,0.0137,10191077.000,2024-07-01 01:06:17.924
BTC,BUY,0.0200,10188761.000,2024-07-01 01:06:18.709
BTC,SELL,0.0055,10178680.000,2024-07-01 01:06:21.052
BTC,SELL,0.0079,10171483.000,2024-07-01 01:06:21.052
BTC,SELL,0.0221,10171483.000,2024-07-01 01:06:21.130
BTC,BUY,0.0003,10174940.000,2024-07-01 01:06:22.006
BTC,BUY,0.0200,10165175.000,2024-07-01 01:06:22.866
BTC,BUY,0.0028,10165175.000,2024-07-01 01:06:22.869
BTC,BUY,0.0772,10165175.000,2024-07-01 01:06:22.871
BTC,BUY,0.0050,10175470.000,2024-07-01 01:06:23.216
BTC,BUY,0.0100,10176126.000,2024-07-01 01:06:23.436
BTC,BUY,0.0047,10184725.000,2024-07-01 01:06:23.436
BTC,SELL,0.0002,10185506.000,2024-07-01 01:06:24.525
BTC,SELL,0.0011,10185506.000,2024-07-01 01:06:25.922
BTC,SELL,0.0089,10180158.000,2024-07-01 01:06:25.922
BTC,SELL,0.0200,10180156.000,2024-07-01 01:06:26.651
BTC,SELL,0.0050,10180156.000,2024-07-01 01:06:27.004
BTC,SELL,0.0001,10178813.000,2024-07-01 01:06:32.510
BTC,SELL,0.0010,10178813.000,2024-07-01 01:06:32.671
BTC,SELL,0.0017,10178813.000,2024-07-01 01:06:32.671
BTC,BUY,0.0002,10178813.000,2024-07-01 01:06:41.926
BTC,BUY,0.0017,10186600.000,2024-07-01 01:06:47.035
BTC,BUY,0.0017,10186600.000,2024-07-01 01:06:47.035
BTC,SELL,0.0010,10186599.000,2024-07-01 01:06:47.707
BTC,BUY,0.0001,10190000.000,2024-07-01 01:06:49.913
BTC,BUY,0.0199,10193654.000,2024-07-01 01:06:49.913
BTC,BUY,0.0002,10195324.000,2024-07-01 01:06:53.678
BTC,SELL,0.0200,10195323.000,2024-07-01 01:06:54.642
BTC,SELL,0.0090,10195323.000,2024-07-01 01:06:55.155
BTC,SELL,0.0100,10192645.000,2024-07-01 01:06:55.265
BTC,SELL,0.0119,10194549.000,2024-07-01 01:07:07.561
BTC,SELL,0.0081,10193015.000,2024-07-01 01:07:07.561
BTC,SELL,0.0100,10194999.000,2024-07-01 01:07:09.464
BTC,SELL,0.0700,10193016.000,2024-07-01 01:07:09.464
BTC,SELL,0.0090,10192863.000,2024-07-01 01:07:09.464
BTC,SELL,0.0699,10192760.000,2024-07-01 01:07:09.464
BTC,SELL,0.0880,10192285.000,2024-07-01 01:07:10.323
BTC,SELL,0.0126,10189999.000,2024-07-01 01:07:10.323
BTC,SELL,0.0001,10189191.000,2024-07-01 01:07:10.323
BTC,SELL,0.0300,10186680.000,2024-07-01 01:07:10.323
BTC,SELL,0.0693,10185886.000,2024-07-01 01:07:10.323
BTC,SELL,0.0100,10184900.000,2024-07-01 01:07:23.663
BTC,SELL,0.0027,10184900.000,2024-07-01 01:07:29.603
BTC,BUY,0.0090,10184901.000,2024-07-01 01:07:31.642
BTC,BUY,0.0010,10189859.000,2024-07-01 01:07:31.642
BTC,BUY,0.0092,10189859.000,2024-07-01 01:07:31.799
BTC,BUY,0.0001,10190034.000,2024-07-01 01:07:31.799
BTC,BUY,0.0007,10190840.000,2024-07-01 01:07:31.799
BTC,BUY,0.0002,10184901.000,2024-07-01 01:07:34.009
BTC,BUY,0.0058,10191369.000,2024-07-01 01:07:34.009
BTC,SELL,0.0212,10185101.000,2024-07-01 01:07:44.463
BTC,SELL,0.0100,10182379.000,2024-07-01 01:07:46.034
BTC,BUY,0.0003,10185101.000,2024-07-01 01:07:49.616
BTC,SELL,0.0700,10181212.000,2024-07-01 01:07:57.136
BTC,SELL,0.0100,10181212.000,2024-07-01 01:07:57.136
BTC,SELL,0.1000,10181212.000,2024-07-01 01:07:57.136
BTC,SELL,0.0200,10181212.000,2024-07-01 01:07:57.136
BTC,BUY,0.0001,10181213.000,2024-07-01 01:08:02.406
BTC,BUY,0.0001,10181213.000,2024-07-01 01:08:04.173
BTC,BUY,0.0352,10182890.000,2024-07-01 01:08:04.173
BTC,SELL,0.0100,10181250.000,2024-07-01 01:08:07.211
BTC,BUY,0.0200,10181742.000,2024-07-01 01:08:26.293
BTC,BUY,0.0050,10181740.000,2024-07-01 01:08:30.194
BTC,BUY,0.0030,10181743.000,2024-07-01 01:08:39.705
BTC,SELL,0.0006,10185422.000,2024-07-01 01:08:44.991
BTC,BUY,0.0006,10185423.000,2024-07-01 01:08:52.506
BTC,BUY,0.0001,10185423.000,2024-07-01 01:08:58.856
BTC,BUY,0.0020,10185423.000,2024-07-01 01:09:01.661
BTC,BUY,0.0060,10189780.000,2024-07-01 01:09:07.344
BTC,BUY,0.0001,10190000.000,2024-07-01 01:09:11.937
BTC,BUY,0.0002,10195000.000,2024-07-01 01:09:22.683
BTC,BUY,0.0078,10196140.000,2024-07-01 01:09:22.683
BTC,BUY,0.0050,10194605.000,2024-07-01 01:09:33.371
BTC,BUY,0.0098,10191773.000,2024-07-01 01:09:54.972
BTC,SELL,0.0050,10189900.000,2024-07-01 01:10:13.292
BTC,SELL,0.0009,10189900.000,2024-07-01 01:10:14.709
BTC,BUY,0.0050,10188310.000,2024-07-01 01:10:28.336
BTC,BUY,0.0100,10188310.000,2024-07-01 01:10:54.638
BTC,BUY,0.0001,10188310.000,2024-07-01 01:10:55.913
BTC,BUY,0.0100,10188310.000,2024-07-01 01:10:56.269
BTC,BUY,0.0050,10188310.000,2024-07-01 01:10:56.628
BTC,BUY,0.0071,10188310.000,2024-07-01 01:10:56.631
BTC,BUY,0.1000,10188310.000,2024-07-01 01:10:57.390
BTC,BUY,0.0100,10188310.000,2024-07-01 01:10:57.572
BTC,BUY,0.0050,10188310.000,2024-07-01 01:10:57.652
BTC,BUY,0.0528,10188310.000,2024-07-01 01:10:57.818
BTC,BUY,0.0050,10188378.000,2024-07-01 01:10:58.716
BTC,BUY,0.0049,10188378.000,2024-07-01 01:10:59.071
BTC,BUY,0.0050,10188378.000,2024-07-01 01:10:59.717
BTC,BUY,0.0851,10188378.000,2024-07-01 01:10:59.760
BTC,BUY,0.0100,10190000.000,2024-07-01 01:11:01.724
BTC,BUY,0.0027,10191773.000,2024-07-01 01:11:01.730
BTC,BUY,0.0023,10194605.000,2024-07-01 01:11:01.730
BTC,BUY,0.0100,10194605.000,2024-07-01 01:11:02.155
BTC,BUY,0.0041,10194605.000,2024-07-01 01:11:03.826
BTC,BUY,0.0050,10194605.000,2024-07-01 01:11:04.274
BTC,BUY,0.0050,10194605.000,2024-07-01 01:11:04.765
BTC,BUY,0.0050,10194605.000,2024-07-01 01:11:05.777
BTC,BUY,0.0500,10194605.000,2024-07-01 01:11:06.698
BTC,BUY,0.0050,10194605.000,2024-07-01 01:11:06.826
BTC,BUY,0.1000,10194605.000,2024-07-01 01:11:06.992
BTC,BUY,0.0100,10194605.000,2024-07-01 01:11:07.121
BTC,BUY,0.0036,10194605.000,2024-07-01 01:11:07.126
BTC,BUY,0.0010,10196405.000,2024-07-01 01:11:07.126
BTC,BUY,0.0020,10196969.000,2024-07-01 01:11:07.326
BTC,BUY,0.0030,10197000.000,2024-07-01 01:11:07.326
BTC,BUY,0.0900,10197000.000,2024-07-01 01:11:08.509
BTC,BUY,0.0041,10197000.000,2024-07-01 01:11:08.743
BTC,BUY,0.0029,10197000.000,2024-07-01 01:11:09.448
BTC,BUY,0.0050,10199000.000,2024-07-01 01:11:09.448
BTC,BUY,0.0100,10199500.000,2024-07-01 01:11:09.448
BTC,BUY,0.0200,10199997.000,2024-07-01 01:11:09.448
BTC,BUY,0.0021,10200000.000,2024-07-01 01:11:09.448
BTC,BUY,0.0079,10200000.000,2024-07-01 01:11:09.531
BTC,BUY,0.0010,10200000.000,2024-07-01 01:11:09.531
BTC,BUY,0.0003,10200000.000,2024-07-01 01:11:09.531
BTC,BUY,0.0007,10200000.000,2024-07-01 01:11:09.531
BTC,BUY,0.0020,10200000.000,2024-07-01 01:11:09.531
BTC,BUY,0.0371,10200000.000,2024-07-01 01:11:09.531
BTC,BUY,0.0050,10200000.000,2024-07-01 01:11:09.923
BTC,BUY,0.0079,10200000.000,2024-07-01 01:11:10.216
BTC,BUY,0.0030,10200000.000,2024-07-01 01:11:10.216
BTC,BUY,0.0100,10200000.000,2024-07-01 01:11:10.216
BTC,BUY,0.0010,10200000.000,2024-07-01 01:11:10.216
BTC,BUY,0.0050,10200000.000,2024-07-01 01:11:10.216
BTC,BUY,0.0064,10200000.000,2024-07-01 01:11:10.216
BTC,BUY,0.0036,10200000.000,2024-07-01 01:11:10.870
BTC,BUY,0.0064,10200000.000,2024-07-01 01:11:10.870
BTC,BUY,0.0036,10200000.000,2024-07-01 01:11:10.944
BTC,BUY,0.0014,10200000.000,2024-07-01 01:11:10.944
BTC,BUY,0.0002,10200000.000,2024-07-01 01:11:11.211
BTC,BUY,0.0003,10200000.000,2024-07-01 01:11:11.211
BTC,BUY,0.0180,10200000.000,2024-07-01 01:11:11.211
BTC,BUY,0.0001,10200000.000,2024-07-01 01:11:11.211
BTC,BUY,0.0010,10200000.000,2024-07-01 01:11:11.211
BTC,BUY,0.0010,10200000.000,2024-07-01 01:11:11.211
BTC,BUY,0.0001,10200000.000,2024-07-01 01:11:11.211
BTC,BUY,0.0002,10200000.000,2024-07-01 01:11:11.211
BTC,BUY,0.0010,10200000.000,2024-07-01 01:11:11.211
BTC,BUY,0.0010,10200000.000,2024-07-01 01:11:11.211
BTC,BUY,0.0050,10200000.000,2024-07-01 01:11:11.211
BTC,BUY,0.0500,10200000.000,2024-07-01 01:11:11.211
BTC,BUY,0.0100,10200000.000,2024-07-01 01:11:11.211
BTC,BUY,0.0121,10200000.000,2024-07-01 01:11:11.211
BTC,BUY,0.0050,10200000.000,2024-07-01 01:11:11.403
BTC,BUY,0.0400,10200000.000,2024-07-01 01:11:11.468
BTC,BUY,0.0003,10200000.000,2024-07-01 01:11:11.694
BTC,BUY,0.0100,10200000.000,2024-07-01 01:11:12.010
BTC,BUY,0.0026,10200000.000,2024-07-01 01:11:12.014
BTC,BUY,0.0010,10200000.000,2024-07-01 01:11:12.014
BTC,BUY,0.0420,10200000.000,2024-07-01 01:11:12.014
BTC,BUY,0.0100,10200000.000,2024-07-01 01:11:12.014
BTC,BUY,0.0002,10200000.000,2024-07-01 01:11:12.014
BTC,BUY,0.0500,10200100.000,2024-07-01 01:11:12.014
BTC,BUY,0.0001,10200987.000,2024-07-01 01:11:12.020
BTC,BUY,0.0020,10201000.000,2024-07-01 01:11:12.020
BTC,BUY,0.0001,10202127.000,2024-07-01 01:11:12.020
BTC,BUY,0.0235,10205128.000,2024-07-01 01:11:12.020
BTC,BUY,0.0300,10206559.000,2024-07-01 01:11:12.020
BTC,BUY,0.0010,10207861.000,2024-07-01 01:11:12.020
BTC,BUY,0.0001,10208004.000,2024-07-01 01:11:12.020
BTC,BUY,0.0062,10210000.000,2024-07-01 01:11:12.201
BTC,BUY,0.0038,10210000.000,2024-07-01 01:11:12.201
BTC,BUY,0.0062,10210000.000,2024-07-01 01:11:12.319
BTC,BUY,0.0010,10210000.000,2024-07-01 01:11:12.319
BTC,BUY,0.0003,10210000.000,2024-07-01 01:11:12.319
BTC,BUY,0.0001,10210000.000,2024-07-01 01:11:12.319
BTC,BUY,0.0024,10210000.000,2024-07-01 01:11:12.319
BTC,BUY,0.0100,10210000.000,2024-07-01 01:11:12.401
BTC,BUY,0.0100,10210000.000,2024-07-01 01:11:12.414
BTC,BUY,0.0050,10210000.000,2024-07-01 01:11:12.470
BTC,BUY,0.0074,10210000.000,2024-07-01 01:11:14.949
BTC,BUY,0.0052,10210000.000,2024-07-01 01:11:34.533
BTC,BUY,0.0022,10210000.000,2024-07-01 01:11:34.533
BTC,BUY,0.0010,10210000.000,2024-07-01 01:11:34.533
BTC,BUY,0.0010,10211000.000,2024-07-01 01:11:34.533
BTC,BUY,0.0206,10213100.000,2024-07-01 01:11:34.533
BTC,BUY,0.0010,10213100.000,2024-07-01 01:12:05.450
BTC,BUY,0.0050,10213100.000,2024-07-01 01:12:07.223
BTC,BUY,0.0050,10213100.000,2024-07-01 01:12:07.824
BTC,BUY,0.1000,10213100.000,2024-07-01 01:12:07.900
BTC,BUY,0.0041,10213100.000,2024-07-01 01:12:08.105
BTC,BUY,0.0050,10213100.000,2024-07-01 01:12:08.279
BTC,BUY,0.0489,10213100.000,2024-07-01 01:12:08.818
BTC,BUY,0.0050,10213100.000,2024-07-01 01:12:09.268
BTC,BUY,0.0260,10213100.000,2024-07-01 01:12:09.339
BTC,BUY,0.0027,10215750.000,2024-07-01 01:12:09.339
BTC,BUY,0.0010,10219316.000,2024-07-01 01:12:09.339
BTC,BUY,0.0100,10220000.000,2024-07-01 01:12:09.339
BTC,BUY,0.0010,10220000.000,2024-07-01 01:12:09.339
BTC,BUY,0.0003,10220000.000,2024-07-01 01:12:09.339
BTC,BUY,0.0001,10220000.000,2024-07-01 01:12:09.339
BTC,BUY,0.0002,10220000.000,2024-07-01 01:12:09.339
BTC,BUY,0.0050,10220000.000,2024-07-01 01:12:09.339
BTC,BUY,0.0037,10220520.000,2024-07-01 01:12:09.339
BTC,BUY,0.0010,10222780.000,2024-07-01 01:12:12.877
BTC,SELL,0.0030,10222801.000,2024-07-01 01:12:17.522
BTC,BUY,0.0019,10229000.000,2024-07-01 01:12:40.255
BTC,BUY,0.0100,10230000.000,2024-07-01 01:12:40.255
BTC,BUY,0.0010,10230000.000,2024-07-01 01:12:40.255
BTC,BUY,0.0003,10230000.000,2024-07-01 01:12:40.255
BTC,BUY,0.0010,10230000.000,2024-07-01 01:12:40.255
BTC,BUY,0.0001,10230000.000,2024-07-01 01:12:40.255
BTC,BUY,0.0037,10230590.000,2024-07-01 01:12:40.255
BTC,BUY,0.0010,10230772.000,2024-07-01 01:12:42.466
BTC,BUY,0.0478,10231650.000,2024-07-01 01:12:42.466
BTC,BUY,0.0050,10233770.000,2024-07-01 01:13:00.086
BTC,BUY,0.0001,10233770.000,2024-07-01 01:13:04.753
BTC,BUY,0.0049,10233770.000,2024-07-01 01:13:13.968
BTC,SELL,0.0700,10233770.000,2024-07-01 01:13:15.828
BTC,BUY,0.0050,10233770.000,2024-07-01 01:13:20.096
BTC,BUY,0.0050,10233770.000,2024-07-01 01:13:21.089
BTC,SELL,0.0050,10233769.000,2024-07-01 01:13:22.547
BTC,BUY,0.0010,10233770.000,2024-07-01 01:13:32.597
BTC,SELL,0.1958,10233769.000,2024-07-01 01:13:34.529
BTC,BUY,0.0300,10233770.000,2024-07-01 01:13:35.936
BTC,BUY,0.0040,10233770.000,2024-07-01 01:13:45.945
BTC,SELL,0.0001,10227015.000,2024-07-01 01:14:01.944
BTC,SELL,0.0299,10223651.000,2024-07-01 01:14:01.944
BTC,BUY,0.0002,10220251.000,2024-07-01 01:14:13.140
BTC,BUY,0.0002,10220309.000,2024-07-01 01:14:13.140
BTC,BUY,0.0025,10220309.000,2024-07-01 01:14:16.011
BTC,BUY,0.0002,10222884.000,2024-07-01 01:14:17.558
BTC,BUY,0.0998,10222885.000,2024-07-01 01:14:17.558
BTC,BUY,0.0002,10222885.000,2024-07-01 01:14:18.107
BTC,BUY,0.0020,10233000.000,2024-07-01 01:14:19.265
BTC,BUY,0.1000,10225422.000,2024-07-01 01:14:19.965
BTC,SELL,0.0050,10225650.000,2024-07-01 01:14:22.299
BTC,SELL,0.0100,10226600.000,2024-07-01 01:14:37.694
BTC,BUY,0.0094,10233000.000,2024-07-01 01:14:52.333
BTC,BUY,0.0027,10233000.000,2024-07-01 01:14:52.333
BTC,BUY,0.0406,10233770.000,2024-07-01 01:14:53.293
BTC,BUY,0.0444,10233770.000,2024-07-01 01:15:07.860
BTC,BUY,0.0002,10235000.000,2024-07-01 01:15:08.568
BTC,BUY,0.0005,10240000.000,2024-07-01 01:15:08.568
BTC,BUY,0.0005,10240000.000,2024-07-01 01:15:08.879
BTC,BUY,0.0003,10240000.000,2024-07-01 01:15:08.879
BTC,BUY,0.0100,10240000.000,2024-07-01 01:15:08.879
BTC,BUY,0.0012,10240000.000,2024-07-01 01:15:08.879
BTC,SELL,0.0001,10239999.000,2024-07-01 01:15:12.367
BTC,BUY,0.0100,10239550.000,2024-07-01 01:15:21.561
BTC,BUY,0.0180,10239316.000,2024-07-01 01:15:25.293
BTC,BUY,0.0820,10239400.000,2024-07-01 01:15:25.293
BTC,SELL,0.0009,10230003.000,2024-07-01 01:15:59.923
BTC,SELL,0.0001,10230050.000,2024-07-01 01:16:04.527
BTC,SELL,0.0100,10230000.000,2024-07-01 01:16:10.094
BTC,SELL,0.0010,10221914.000,2024-07-01 01:16:10.153
BTC,SELL,0.0010,10221914.000,2024-07-01 01:16:10.301
BTC,SELL,0.0010,10221914.000,2024-07-01 01:16:10.439
BTC,BUY,0.0010,10223150.000,2024-07-01 01:16:28.391
BTC,SELL,0.0100,10220000.000,2024-07-01 01:16:39.082
BTC,SELL,0.0002,10220000.000,2024-07-01 01:16:39.140
BTC,SELL,0.0008,10215751.000,2024-07-01 01:16:39.140
BTC,SELL,0.0010,10215751.000,2024-07-01 01:16:39.261
BTC,SELL,0.0010,10215751.000,2024-07-01 01:16:39.361
BTC,SELL,0.0002,10220000.000,2024-07-01 01:16:39.625
BTC,BUY,0.0125,10217120.000,2024-07-01 01:16:53.797
BTC,BUY,0.0091,10217149.000,2024-07-01 01:16:53.797
BTC,SELL,0.0050,10210000.000,2024-07-01 01:17:23.352
BTC,SELL,0.0010,10210000.000,2024-07-01 01:17:23.405
BTC,BUY,0.0195,10212570.000,2024-07-01 01:17:28.453
BTC,SELL,0.0040,10210000.000,2024-07-01 01:17:33.947
BTC,SELL,0.0010,10210000.000,2024-07-01 01:17:33.947
BTC,SELL,0.0001,10210000.000,2024-07-01 01:17:33.947
BTC,SELL,0.0003,10207850.000,2024-07-01 01:17:43.214
BTC,BUY,0.0300,10209390.000,2024-07-01 01:17:54.448
BTC,BUY,0.0010,10210843.000,2024-07-01 01:18:02.989
BTC,BUY,0.0001,10215002.000,2024-07-01 01:18:11.801
BTC,BUY,0.0099,10215749.000,2024-07-01 01:18:11.801
BTC,SELL,0.0125,10215120.000,2024-07-01 01:18:15.458
BTC,SELL,0.0700,10215051.000,2024-07-01 01:18:15.458
BTC,SELL,0.0175,10215050.000,2024-07-01 01:18:15.458
BTC,SELL,0.0025,10215700.000,2024-07-01 01:18:27.236
BTC,BUY,0.0100,10218930.000,2024-07-01 01:18:32.884
BTC,BUY,0.0028,10219459.000,2024-07-01 01:19:00.610
BTC,BUY,0.0172,10219990.000,2024-07-01 01:19:00.610
BTC,BUY,0.0003,10219799.000,2024-07-01 01:19:10.596
BTC,BUY,0.0002,10220000.000,2024-07-01 01:19:27.023
BTC,BUY,0.0001,10220000.000,2024-07-01 01:19:41.848
BTC,SELL,0.0080,10215440.000,2024-07-01 01:19:58.567
BTC,BUY,0.0097,10220000.000,2024-07-01 01:20:45.962
BTC,SELL,0.0015,10215440.000,2024-07-01 01:21:20.508
BTC,BUY,0.0003,10215750.000,2024-07-01 01:21:32.661
BTC,SELL,0.0100,10215001.000,2024-07-01 01:21:48.845
BTC,BUY,0.0880,10213155.000,2024-07-01 01:22:11.875
BTC,BUY,0.0120,10213160.000,2024-07-01 01:22:11.875
BTC,BUY,0.0027,10213630.000,2024-07-01 01:22:28.762
BTC,BUY,0.0030,10214160.000,2024-07-01 01:22:43.950
BTC,BUY,0.0041,10215040.000,2024-07-01 01:24:22.547
BTC,BUY,0.0050,10215040.000,2024-07-01 01:24:49.918
BTC,BUY,0.0010,10215040.000,2024-07-01 01:25:02.776
BTC,SELL,0.0200,10216800.000,2024-07-01 01:25:28.677
BTC,SELL,0.0050,10216800.000,2024-07-01 01:25:28.738
BTC,SELL,0.0068,10216800.000,2024-07-01 01:25:31.802
BTC,SELL,0.0132,10215000.000,2024-07-01 01:25:31.802
BTC,SELL,0.0100,10215000.000,2024-07-01 01:25:31.807
BTC,SELL,0.0060,10215000.000,2024-07-01 01:25:32.212
BTC,SELL,0.0008,10215000.000,2024-07-01 01:25:48.992
BTC,SELL,0.0007,10210000.000,2024-07-01 01:25:48.992
BTC,BUY,0.0001,10213999.000,2024-07-01 01:26:35.544
BTC,BUY,0.0030,10214639.000,2024-07-01 01:26:38.264
BTC,BUY,0.0010,10216000.000,2024-07-01 01:28:29.980
BTC,BUY,0.0263,10217912.000,2024-07-01 01:28:38.445
BTC,BUY,0.0005,10218200.000,2024-07-01 01:30:03.500
BTC,BUY,0.0005,10222000.000,2024-07-01 01:30:54.683
BTC,BUY,0.0700,10221294.000,2024-07-01 01:31:24.429
BTC,BUY,0.0005,10223000.000,2024-07-01 01:31:24.429
BTC,BUY,0.0050,10223251.000,2024-07-01 01:31:24.429
BTC,BUY,0.0245,10223700.000,2024-07-01 01:31:24.429
BTC,BUY,0.0400,10223250.000,2024-07-01 01:31:57.378
BTC,SELL,0.0002,10214215.000,2024-07-01 01:32:32.395
BTC,SELL,0.0008,10213900.000,2024-07-01 01:32:32.395
BTC,SELL,0.0010,10213900.000,2024-07-01 01:32:32.464
BTC,BUY,0.0001,10216806.000,2024-07-01 01:32:38.009
BTC,BUY,0.0050,10218930.000,2024-07-01 01:32:56.704
BTC,SELL,0.0100,10215201.000,2024-07-01 01:33:16.531
BTC,BUY,0.0007,10220000.000,2024-07-01 01:33:23.789
BTC,BUY,0.0023,10221825.000,2024-07-01 01:33:23.789
BTC,BUY,0.0008,10221836.000,2024-07-01 01:33:29.249
BTC,BUY,0.0050,10221836.000,2024-07-01 01:33:29.749
BTC,BUY,0.0060,10221836.000,2024-07-01 01:33:29.938
BTC,BUY,0.0882,10221836.000,2024-07-01 01:33:30.783
BTC,BUY,0.0001,10223200.000,2024-07-01 01:33:44.855
BTC,BUY,0.0095,10222090.000,2024-07-01 01:34:50.190
BTC,SELL,0.0010,10221199.000,2024-07-01 01:35:42.661
BTC,BUY,0.0001,10221199.000,2024-07-01 01:36:30.341
BTC,SELL,0.0020,10220650.000,2024-07-01 01:36:33.359
BTC,BUY,0.0020,10221199.000,2024-07-01 01:36:58.722
BTC,SELL,0.0200,10221198.000,2024-07-01 01:38:29.101
BTC,BUY,0.0009,10221199.000,2024-07-01 01:38:30.441
BTC,BUY,0.0021,10223200.000,2024-07-01 01:38:35.961
BTC,BUY,0.0050,10223200.000,2024-07-01 01:38:38.739
BTC,BUY,0.0028,10223200.000,2024-07-01 01:38:42.920
BTC,BUY,0.0050,10225000.000,2024-07-01 01:38:43.763
BTC,BUY,0.0050,10225000.000,2024-07-01 01:38:53.910
BTC,BUY,0.0002,10228321.000,2024-07-01 01:39:04.708
BTC,BUY,0.0009,10230000.000,2024-07-01 01:39:05.526
BTC,BUY,0.0091,10230000.000,2024-07-01 01:39:06.918
BTC,BUY,0.0100,10231200.000,2024-07-01 01:39:06.922
BTC,BUY,0.0009,10233041.000,2024-07-01 01:39:15.641
BTC,BUY,0.0001,10233464.000,2024-07-01 01:39:45.950
BTC,BUY,0.0001,10234102.000,2024-07-01 01:40:03.308
BTC,BUY,0.0004,10235555.000,2024-07-01 01:40:03.308
BTC,SELL,0.0005,10234450.000,2024-07-01 01:40:18.083
BTC,BUY,0.0001,10237285.000,2024-07-01 01:40:22.778
BTC,SELL,0.0005,10235555.000,2024-07-01 01:41:46.554
BTC,SELL,0.0005,10235555.000,2024-07-01 01:41:52.935
BTC,SELL,0.0200,10230005.000,2024-07-01 01:41:55.700
BTC,SELL,0.0004,10230000.000,2024-07-01 01:42:01.448
BTC,SELL,0.0006,10230100.000,2024-07-01 01:42:09.948
BTC,SELL,0.0002,10230100.000,2024-07-01 01:42:22.449
BTC,SELL,0.0001,10230150.000,2024-07-01 01:42:24.721
BTC,SELL,0.0017,10230500.000,2024-07-01 01:42:42.412
BTC,BUY,0.0001,10233454.000,2024-07-01 01:44:15.258
BTC,SELL,0.0005,10232601.000,2024-07-01 01:44:58.901
BTC,BUY,0.0500,10233005.000,2024-07-01 01:45:14.479
BTC,BUY,0.1000,10233005.000,2024-07-01 01:45:14.511
BTC,SELL,0.0005,10233004.000,2024-07-01 01:45:28.902
BTC,SELL,0.0695,10233004.000,2024-07-01 01:45:38.178
BTC,SELL,0.0530,10232905.000,2024-07-01 01:45:38.178
BTC,BUY,0.0775,10232890.000,2024-07-01 01:45:39.365
BTC,BUY,0.0160,10233005.000,2024-07-01 01:45:46.845
BTC,SELL,0.1225,10233004.000,2024-07-01 01:46:12.194
BTC,SELL,0.0002,10230800.000,2024-07-01 01:46:50.263
BTC,SELL,0.0034,10230901.000,2024-07-01 01:46:56.365
BTC,SELL,0.0041,10231050.000,2024-07-01 01:47:57.007
BTC,BUY,0.0001,10231051.000,2024-07-01 01:48:07.652
BTC,SELL,0.0041,10231050.000,2024-07-01 01:48:13.355
BTC,SELL,0.0016,10231050.000,2024-07-01 01:48:29.104
BTC,SELL,0.0025,10230500.000,2024-07-01 01:48:29.104
BTC,SELL,0.0100,10230500.000,2024-07-01 01:48:30.268
BTC,SELL,0.0041,10230500.000,2024-07-01 01:48:44.686
BTC,SELL,0.0041,10230500.000,2024-07-01 01:48:59.938
BTC,SELL,0.0027,10230500.000,2024-07-01 01:49:00.729
BTC,SELL,0.0041,10230500.000,2024-07-01 01:49:15.485
BTC,SELL,0.0003,10230500.000,2024-07-01 01:49:16.373
BTC,SELL,0.0001,10230500.000,2024-07-01 01:49:32.399
BTC,SELL,0.0001,10230500.000,2024-07-01 01:49:38.179
BTC,BUY,0.0005,10230518.000,2024-07-01 01:50:02.794
BTC,BUY,0.0100,10230501.000,2024-07-01 01:50:51.726
BTC,BUY,0.0200,10230501.000,2024-07-01 01:50:51.726
BTC,BUY,0.0700,10230501.000,2024-07-01 01:50:51.726
BTC,BUY,0.0488,10230501.000,2024-07-01 01:50:51.726
BTC,BUY,0.0012,10230501.000,2024-07-01 01:50:51.726
BTC,BUY,0.0015,10230501.000,2024-07-01 01:51:05.089
BTC,BUY,0.0200,10230501.000,2024-07-01 01:51:05.089
BTC,BUY,0.0285,10230518.000,2024-07-01 01:51:05.089
BTC,SELL,0.0010,10230501.000,2024-07-01 01:51:16.425
BTC,SELL,0.0220,10230500.000,2024-07-01 01:51:16.425
BTC,BUY,0.0089,10230460.000,2024-07-01 01:51:18.870
BTC,BUY,0.1000,10230460.000,2024-07-01 01:51:36.623
BTC,BUY,0.0681,10230460.000,2024-07-01 01:51:42.765
BTC,SELL,0.2000,10230501.000,2024-07-01 01:51:47.535
BTC,BUY,0.0001,10230854.000,2024-07-01 01:51:59.957
BTC,SELL,0.0001,10230501.000,2024-07-01 01:52:14.197
BTC,SELL,0.1018,10230501.000,2024-07-01 01:52:22.374
BTC,BUY,0.0607,10230490.000,2024-07-01 01:52:54.282
BTC,BUY,0.0196,10231046.000,2024-07-01 01:52:54.282
BTC,SELL,0.0100,10233453.000,2024-07-01 01:54:10.564
BTC,SELL,0.0120,10233453.000,2024-07-01 01:54:12.244
BTC,SELL,0.0100,10233453.000,2024-07-01 01:54:59.469
BTC,SELL,0.0020,10233453.000,2024-07-01 01:55:08.412
BTC,SELL,0.0050,10233453.000,2024-07-01 01:55:34.632
BTC,SELL,0.0050,10233453.000,2024-07-01 01:55:44.214
BTC,BUY,0.0001,10233454.000,2024-07-01 01:55:52.280
BTC,BUY,0.0009,10233454.000,2024-07-01 01:56:25.631
BTC,BUY,0.0100,10236159.000,2024-07-01 01:56:30.645
BTC,BUY,0.0050,10239999.000,2024-07-01 01:56:30.645
BTC,BUY,0.0333,10239999.000,2024-07-01 01:57:05.080
BTC,BUY,0.0117,10239999.000,2024-07-01 01:57:05.084
BTC,BUY,0.0008,10240000.000,2024-07-01 01:57:05.084
BTC,BUY,0.0001,10240000.000,2024-07-01 01:57:05.084
BTC,BUY,0.0100,10240000.000,2024-07-01 01:57:05.084
BTC,BUY,0.0010,10240000.000,2024-07-01 01:57:05.084
BTC,BUY,0.0100,10240000.000,2024-07-01 01:57:05.084
BTC,BUY,0.0500,10240100.000,2024-07-01 01:57:06.887
BTC,BUY,0.0010,10241000.000,2024-07-01 01:57:12.552
BTC,SELL,0.0002,10241607.000,2024-07-01 01:57:16.516
BTC,BUY,0.0095,10237517.000,2024-07-01 01:58:37.224
BTC,SELL,0.0009,10235755.000,2024-07-01 01:59:06.238
BTC,SELL,0.0050,10235755.000,2024-07-01 01:59:20.212
BTC,SELL,0.0001,10235032.000,2024-07-01 01:59:28.933
BTC,BUY,0.0001,10235033.000,2024-07-01 01:59:44.670
BTC,BUY,0.0100,10235033.000,2024-07-01 01:59:46.057
BTC,SELL,0.0002,10235032.000,2024-07-01 01:59:51.286
BTC,BUY,0.0002,10235033.000,2024-07-01 02:00:18.216
BTC,BUY,0.0014,10235133.000,2024-07-01 02:00:18.216
BTC,BUY,0.0001,10235133.000,2024-07-01 02:00:22.613
BTC,BUY,0.0012,10235133.000,2024-07-01 02:00:22.947
BTC,BUY,0.0001,10235756.000,2024-07-01 02:00:22.947
BTC,BUY,0.0079,10235756.000,2024-07-01 02:00:33.964
BTC,BUY,0.0100,10241800.000,2024-07-01 02:00:33.964
BTC,BUY,0.0010,10242228.000,2024-07-01 02:00:33.964
BTC,BUY,0.0050,10242553.000,2024-07-01 02:00:33.964
BTC,BUY,0.0002,10242776.000,2024-07-01 02:00:33.964
BTC,BUY,0.0700,10243246.000,2024-07-01 02:00:33.964
BTC,BUY,0.0059,10243248.000,2024-07-01 02:00:33.964
BTC,BUY,0.0041,10243248.000,2024-07-01 02:00:46.655
BTC,BUY,0.0001,10243323.000,2024-07-01 02:00:46.655
BTC,BUY,0.0023,10244189.000,2024-07-01 02:00:46.655
BTC,BUY,0.0032,10244811.000,2024-07-01 02:00:46.655
BTC,SELL,0.0002,10239369.000,2024-07-01 02:00:57.572
BTC,SELL,0.0005,10236168.000,2024-07-01 02:01:21.576
BTC,SELL,0.0001,10233662.000,2024-07-01 02:01:29.681
BTC,SELL,0.0002,10233662.000,2024-07-01 02:01:31.728
BTC,SELL,0.0027,10235876.000,2024-07-01 02:01:36.018
BTC,BUY,0.0100,10236583.000,2024-07-01 02:01:44.060
BTC,BUY,0.0488,10237116.000,2024-07-01 02:01:44.060
BTC,BUY,0.0222,10237220.000,2024-07-01 02:01:44.060
BTC,BUY,0.0035,10234522.000,2024-07-01 02:02:06.697
BTC,BUY,0.0065,10235909.000,2024-07-01 02:02:22.841
BTC,BUY,0.0015,10236950.000,2024-07-01 02:02:22.841
BTC,BUY,0.0008,10235909.000,2024-07-01 02:02:56.381
BTC,BUY,0.0009,10235909.000,2024-07-01 02:03:15.481
BTC,BUY,0.0009,10235909.000,2024-07-01 02:03:25.528
BTC,SELL,0.0023,10235908.000,2024-07-01 02:03:28.128
BTC,SELL,0.0492,10235908.000,2024-07-01 02:03:28.128
BTC,SELL,0.0027,10235908.000,2024-07-01 02:03:32.619
BTC,BUY,0.0009,10235909.000,2024-07-01 02:03:35.531
BTC,BUY,0.0065,10235909.000,2024-07-01 02:03:40.862
BTC,BUY,0.0353,10237025.000,2024-07-01 02:03:41.622
BTC,BUY,0.0400,10237025.000,2024-07-01 02:03:41.669
BTC,BUY,0.0100,10237025.000,2024-07-01 02:03:41.693
BTC,BUY,0.0090,10237025.000,2024-07-01 02:03:42.132
BTC,BUY,0.0057,10237025.000,2024-07-01 02:03:42.391
BTC,BUY,0.0009,10244870.000,2024-07-01 02:04:05.539
BTC,BUY,0.0025,10244870.000,2024-07-01 02:04:12.701
BTC,BUY,0.0002,10245000.000,2024-07-01 02:04:12.701
BTC,BUY,0.0173,10246937.000,2024-07-01 02:04:12.701
BTC,BUY,0.0200,10246937.000,2024-07-01 02:04:13.173
BTC,BUY,0.0627,10246937.000,2024-07-01 02:04:13.403
BTC,BUY,0.0005,10249000.000,2024-07-01 02:04:13.408
BTC,BUY,0.0895,10249000.000,2024-07-01 02:04:13.408
BTC,BUY,0.0105,10249000.000,2024-07-01 02:04:13.681
BTC,BUY,0.0003,10250000.000,2024-07-01 02:04:13.681
BTC,BUY,0.0010,10250000.000,2024-07-01 02:04:13.681
BTC,BUY,0.0007,10250000.000,2024-07-01 02:04:13.681
BTC,BUY,0.0100,10250000.000,2024-07-01 02:04:13.681
BTC,BUY,0.0575,10250000.000,2024-07-01 02:04:13.681
BTC,BUY,0.0425,10250000.000,2024-07-01 02:04:14.444
BTC,BUY,0.0009,10250000.000,2024-07-01 02:04:14.444
BTC,BUY,0.0003,10250000.000,2024-07-01 02:04:14.444
BTC,BUY,0.0010,10250000.000,2024-07-01 02:04:14.444
BTC,BUY,0.0001,10250000.000,2024-07-01 02:04:14.444
BTC,BUY,0.0010,10250000.000,2024-07-01 02:04:14.444
BTC,BUY,0.0100,10250000.000,2024-07-01 02:04:14.444
BTC,BUY,0.0100,10250000.000,2024-07-01 02:04:14.444
BTC,BUY,0.0200,10250000.000,2024-07-01 02:04:14.444
BTC,BUY,0.0009,10251632.000,2024-07-01 02:04:15.479
BTC,BUY,0.0340,10251632.000,2024-07-01 02:04:15.945
BTC,BUY,0.0002,10251651.000,2024-07-01 02:04:20.950
BTC,BUY,0.0002,10251656.000,2024-07-01 02:04:21.495
BTC,BUY,0.1000,10251700.000,2024-07-01 02:04:22.337
BTC,BUY,0.0100,10251700.000,2024-07-01 02:04:22.475
BTC,BUY,0.0500,10251700.000,2024-07-01 02:04:24.089
BTC,BUY,0.0500,10251700.000,2024-07-01 02:04:24.860
BTC,BUY,0.0100,10251700.000,2024-07-01 02:04:25.124
BTC,BUY,0.0009,10251700.000,2024-07-01 02:04:25.517
BTC,BUY,0.0431,10251700.000,2024-07-01 02:04:25.812
BTC,BUY,0.0001,10252388.000,2024-07-01 02:04:26.448
BTC,BUY,0.0047,10252550.000,2024-07-01 02:04:26.448
BTC,BUY,0.0009,10253683.000,2024-07-01 02:04:45.627
BTC,BUY,0.0001,10253683.000,2024-07-01 02:04:54.617
BTC,BUY,0.0010,10255500.000,2024-07-01 02:04:54.617
BTC,BUY,0.0109,10259999.000,2024-07-01 02:04:54.617
BTC,BUY,0.0063,10259999.000,2024-07-01 02:04:58.967
BTC,SELL,0.0218,10259291.000,2024-07-01 02:05:04.309
BTC,SELL,0.0282,10257389.000,2024-07-01 02:05:04.309
BTC,BUY,0.0010,10259292.000,2024-07-01 02:05:33.367
BTC,BUY,0.0400,10259999.000,2024-07-01 02:05:38.177
BTC,BUY,0.0003,10257389.000,2024-07-01 02:05:44.465
BTC,BUY,0.0097,10259999.000,2024-07-01 02:05:44.465
BTC,BUY,0.0010,10259999.000,2024-07-01 02:05:47.523
BTC,BUY,0.0012,10259999.000,2024-07-01 02:06:05.460
BTC,BUY,0.0200,10259999.000,2024-07-01 02:06:14.280
BTC,BUY,0.0037,10259999.000,2024-07-01 02:06:15.622
BTC,BUY,0.0003,10260000.000,2024-07-01 02:06:15.622
BTC,BUY,0.0010,10260000.000,2024-07-01 02:06:15.622
BTC,BUY,0.0100,10260000.000,2024-07-01 02:06:15.622
BTC,BUY,0.0001,10260000.000,2024-07-01 02:06:15.622
BTC,BUY,0.0002,10260000.000,2024-07-01 02:06:15.622
BTC,SELL,0.0005,10261445.000,2024-07-01 02:06:16.017
BTC,BUY,0.0001,10263070.000,2024-07-01 02:06:17.700
BTC,SELL,0.0127,10261445.000,2024-07-01 02:06:38.861
BTC,SELL,0.0001,10261445.000,2024-07-01 02:06:49.420
BTC,SELL,0.0200,10261445.000,2024-07-01 02:06:51.740
BTC,SELL,0.0100,10261445.000,2024-07-01 02:06:53.331
BTC,SELL,0.0050,10261445.000,2024-07-01 02:06:54.785
BTC,SELL,0.0050,10261445.000,2024-07-01 02:06:55.478
BTC,SELL,0.0100,10261445.000,2024-07-01 02:06:55.727
BTC,SELL,0.0100,10261445.000,2024-07-01 02:06:56.738
BTC,SELL,0.0100,10261445.000,2024-07-01 02:06:58.942
BTC,SELL,0.0014,10261445.000,2024-07-01 02:06:58.946
BTC,SELL,0.0100,10259998.000,2024-07-01 02:06:59.446
BTC,BUY,0.0050,10259999.000,2024-07-01 02:07:22.081
BTC,SELL,0.0034,10259998.000,2024-07-01 02:07:23.655
BTC,SELL,0.0026,10259998.000,2024-07-01 02:07:28.956
BTC,BUY,0.0280,10257830.000,2024-07-01 02:07:32.686
BTC,BUY,0.0001,10257950.000,2024-07-01 02:07:33.301
BTC,BUY,0.0030,10258123.000,2024-07-01 02:07:38.252
BTC,BUY,0.0100,10257624.000,2024-07-01 02:08:19.499
BTC,BUY,0.0080,10250698.000,2024-07-01 02:08:46.024
BTC,BUY,0.0100,10251215.000,2024-07-01 02:08:48.277
BTC,SELL,0.0050,10248401.000,2024-07-01 02:08:51.124
BTC,SELL,0.0010,10248401.000,2024-07-01 02:08:51.171
BTC,BUY,0.0030,10251214.000,2024-07-01 02:08:57.569
BTC,BUY,0.0011,10250655.000,2024-07-01 02:09:07.586
BTC,BUY,0.0001,10252317.000,2024-07-01 02:09:21.344
BTC,SELL,0.0350,10249002.000,2024-07-01 02:09:22.180
BTC,SELL,0.0050,10247750.000,2024-07-01 02:09:29.262
BTC,SELL,0.0050,10247750.000,2024-07-01 02:09:34.318
BTC,SELL,0.0001,10247726.000,2024-07-01 02:09:46.136
BTC,SELL,0.0010,10244430.000,2024-07-01 02:09:46.136
BTC,SELL,0.0010,10244431.000,2024-07-01 02:09:46.237
BTC,SELL,0.0102,10244450.000,2024-07-01 02:09:56.199
BTC,BUY,0.0021,10245737.000,2024-07-01 02:09:57.852
BTC,BUY,0.0009,10248605.000,2024-07-01 02:09:57.852
BTC,BUY,0.0020,10249140.000,2024-07-01 02:10:07.109
BTC,BUY,0.0001,10250801.000,2024-07-01 02:10:28.986
BTC,SELL,0.0005,10248735.000,2024-07-01 02:11:20.597
BTC,SELL,0.0010,10246655.000,2024-07-01 02:11:29.917
BTC,SELL,0.0333,10246745.000,2024-07-01 02:11:33.979
BTC,SELL,0.0030,10246745.000,2024-07-01 02:11:33.988
BTC,SELL,0.0034,10246745.000,2024-07-01 02:11:33.992
BTC,SELL,0.0303,10246745.000,2024-07-01 02:11:34.067
BTC,SELL,0.0280,10246660.000,2024-07-01 02:11:34.099
BTC,SELL,0.0100,10242068.000,2024-07-01 02:11:34.099
BTC,SELL,0.0127,10242067.000,2024-07-01 02:11:34.099
BTC,SELL,0.0269,10241503.000,2024-07-01 02:11:34.099
BTC,SELL,0.0031,10241503.000,2024-07-01 02:11:34.420
BTC,SELL,0.0019,10241253.000,2024-07-01 02:11:34.420
BTC,SELL,0.0090,10241253.000,2024-07-01 02:11:34.565
BTC,SELL,0.0050,10241253.000,2024-07-01 02:11:35.054
BTC,SELL,0.0453,10241253.000,2024-07-01 02:11:35.066
BTC,SELL,0.0388,10241253.000,2024-07-01 02:11:35.201
BTC,SELL,0.0125,10240966.000,2024-07-01 02:11:35.201
BTC,SELL,0.0001,10240798.000,2024-07-01 02:11:35.201
BTC,SELL,0.0050,10240011.000,2024-07-01 02:11:35.201
BTC,SELL,0.0040,10240000.000,2024-07-01 02:11:35.201
BTC,SELL,0.0002,10240000.000,2024-07-01 02:11:35.201
BTC,SELL,0.0100,10238406.000,2024-07-01 02:11:35.201
BTC,SELL,0.0030,10237520.000,2024-07-01 02:11:35.201
BTC,SELL,0.0100,10235254.000,2024-07-01 02:11:35.201
BTC,SELL,0.0300,10234520.000,2024-07-01 02:11:35.201
BTC,SELL,0.2561,10233453.000,2024-07-01 02:11:35.201
BTC,SELL,0.2039,10233453.000,2024-07-01 02:11:35.216
BTC,SELL,0.0060,10233453.000,2024-07-01 02:11:35.290
BTC,SELL,0.0340,10233453.000,2024-07-01 02:11:35.712
BTC,SELL,0.0001,10233000.000,2024-07-01 02:11:35.712
BTC,SELL,0.0110,10231017.000,2024-07-01 02:11:35.712
BTC,SELL,0.0064,10231017.000,2024-07-01 02:11:35.894
BTC,SELL,0.0035,10231017.000,2024-07-01 02:11:35.904
BTC,SELL,0.0487,10231017.000,2024-07-01 02:11:36.127
BTC,SELL,0.0030,10231018.000,2024-07-01 02:11:37.851
BTC,BUY,0.0010,10230173.000,2024-07-01 02:11:41.241
BTC,SELL,0.0001,10230172.000,2024-07-01 02:11:42.444
BTC,SELL,0.0095,10230172.000,2024-07-01 02:11:42.444
BTC,SELL,0.0006,10230000.000,2024-07-01 02:11:42.444
BTC,SELL,0.0100,10230000.000,2024-07-01 02:11:42.444
BTC,SELL,0.0010,10230000.000,2024-07-01 02:11:42.444
BTC,BUY,0.0030,10230172.000,2024-07-01 02:11:48.064
BTC,BUY,0.0270,10230173.000,2024-07-01 02:11:48.064
BTC,SELL,0.0002,10230000.000,2024-07-01 02:12:04.491
BTC,SELL,0.0100,10227651.000,2024-07-01 02:12:04.491
BTC,SELL,0.0300,10227650.000,2024-07-01 02:12:04.491
BTC,SELL,0.0111,10226808.000,2024-07-01 02:12:04.491
BTC,SELL,0.0050,10225000.000,2024-07-01 02:12:49.392
BTC,BUY,0.0040,10225001.000,2024-07-01 02:12:58.618
BTC,BUY,0.0700,10225001.000,2024-07-01 02:12:58.618
BTC,BUY,0.0300,10225001.000,2024-07-01 02:12:58.618
BTC,BUY,0.1000,10225001.000,2024-07-01 02:12:58.618
BTC,BUY,0.1000,10225001.000,2024-07-01 02:12:58.618
BTC,BUY,0.0010,10225001.000,2024-07-01 02:12:58.618
BTC,BUY,0.0489,10225001.000,2024-07-01 02:12:58.618
BTC,BUY,0.0061,10225298.000,2024-07-01 02:12:58.618
BTC,BUY,0.0003,10227976.000,2024-07-01 02:13:06.343
BTC,BUY,0.0027,10227561.000,2024-07-01 02:13:34.811
BTC,SELL,0.0009,10230001.000,2024-07-01 02:13:36.446
BTC,SELL,0.0001,10230001.000,2024-07-01 02:14:18.449
BTC,SELL,0.0001,10230001.000,2024-07-01 02:14:43.888
BTC,SELL,0.0034,10230001.000,2024-07-01 02:14:50.936
BTC,SELL,0.0002,10230001.000,2024-07-01 02:14:54.940
BTC,SELL,0.0886,10230001.000,2024-07-01 02:15:12.909
BTC,SELL,0.0114,10225000.000,2024-07-01 02:15:12.909
BTC,BUY,0.0100,10225001.000,2024-07-01 02:15:23.489
BTC,SELL,0.0050,10225819.000,2024-07-01 02:16:47.496
BTC,BUY,0.0001,10229775.000,2024-07-01 02:17:07.342
BTC,BUY,0.0017,10230000.000,2024-07-01 02:17:37.366
BTC,SELL,0.0183,10228650.000,2024-07-01 02:19:00.322
BTC,BUY,0.0024,10229920.000,2024-07-01 02:19:15.822
BTC,BUY,0.0026,10230000.000,2024-07-01 02:19:15.822
BTC,BUY,0.0002,10229919.000,2024-07-01 02:21:51.627
BTC,BUY,0.0003,10229919.000,2024-07-01 02:22:04.313
BTC,BUY,0.0001,10229999.000,2024-07-01 02:22:20.104
BTC,SELL,0.0025,10228250.000,2024-07-01 02:22:51.665
BTC,BUY,0.0005,10226319.000,2024-07-01 02:24:57.420
BTC,BUY,0.0089,10226158.000,2024-07-01 02:25:05.459
BTC,BUY,0.0161,10226350.000,2024-07-01 02:25:15.464
BTC,BUY,0.0165,10226880.000,2024-07-01 02:25:31.442
BTC,BUY,0.0100,10226374.000,2024-07-01 02:25:45.940
BTC,SELL,0.0005,10227284.000,2024-07-01 02:26:42.328
BTC,SELL,0.0008,10228050.000,2024-07-01 02:26:53.262
BTC,SELL,0.0017,10228750.000,2024-07-01 02:27:08.396
BTC,BUY,0.0050,10228135.000,2024-07-01 02:27:30.523
BTC,BUY,0.0005,10226600.000,2024-07-01 02:29:31.734
BTC,SELL,0.0020,10228999.000,2024-07-01 02:30:29.601
BTC,BUY,0.0050,10229000.000,2024-07-01 02:30:41.105
BTC,BUY,0.0001,10229000.000,2024-07-01 02:30:43.889
BTC,BUY,0.0049,10229000.000,2024-07-01 02:30:53.888
BTC,BUY,0.0001,10230000.000,2024-07-01 02:30:53.888
BTC,BUY,0.0008,10230000.000,2024-07-01 02:31:03.130
BTC,BUY,0.0500,10230000.000,2024-07-01 02:31:08.149
BTC,BUY,0.0333,10230000.000,2024-07-01 02:31:09.570
BTC,BUY,0.0125,10230000.000,2024-07-01 02:31:21.947
BTC,BUY,0.0500,10230000.000,2024-07-01 02:31:21.950
BTC,BUY,0.0050,10230000.000,2024-07-01 02:31:22.441
BTC,BUY,0.0050,10230000.000,2024-07-01 02:31:22.917
BTC,BUY,0.0050,10230000.000,2024-07-01 02:31:24.623
BTC,BUY,0.0060,10230000.000,2024-07-01 02:31:24.794
BTC,BUY,0.0250,10230000.000,2024-07-01 02:31:29.859
BTC,BUY,0.0001,10230000.000,2024-07-01 02:31:32.134
BTC,BUY,0.0002,10230000.000,2024-07-01 02:31:48.210
BTC,BUY,0.0005,10230000.000,2024-07-01 02:32:06.068
BTC,BUY,0.0009,10227615.000,2024-07-01 02:33:44.250
BTC,BUY,0.0001,10227600.000,2024-07-01 02:33:48.876
BTC,SELL,0.0013,10225401.000,2024-07-01 02:34:15.153
BTC,SELL,0.0087,10225000.000,2024-07-01 02:34:15.153
BTC,SELL,0.0100,10225000.000,2024-07-01 02:34:15.669
BTC,SELL,0.0100,10225000.000,2024-07-01 02:34:16.380
BTC,SELL,0.0049,10225000.000,2024-07-01 02:34:23.387
BTC,SELL,0.0003,10224955.000,2024-07-01 02:34:24.564
BTC,SELL,0.0050,10220000.000,2024-07-01 02:34:24.566
BTC,SELL,0.0050,10220000.000,2024-07-01 02:34:30.494
BTC,SELL,0.0003,10220000.000,2024-07-01 02:34:30.993
BTC,SELL,0.0010,10220000.000,2024-07-01 02:34:30.993
BTC,SELL,0.0003,10220000.000,2024-07-01 02:34:30.993
BTC,SELL,0.0034,10220000.000,2024-07-01 02:34:30.993
BTC,SELL,0.0050,10220000.000,2024-07-01 02:34:31.503
BTC,SELL,0.0116,10220000.000,2024-07-01 02:34:31.688
BTC,SELL,0.0010,10220000.000,2024-07-01 02:34:31.688
BTC,SELL,0.0061,10220000.000,2024-07-01 02:34:31.688
BTC,SELL,0.0100,10220000.000,2024-07-01 02:34:32.011
BTC,SELL,0.0060,10220000.000,2024-07-01 02:34:32.015
BTC,SELL,0.0050,10220000.000,2024-07-01 02:34:32.515
BTC,SELL,0.0029,10220000.000,2024-07-01 02:34:32.567
BTC,SELL,0.0050,10215000.000,2024-07-01 02:34:34.558
BTC,BUY,0.0300,10215001.000,2024-07-01 02:35:00.079
BTC,BUY,0.0190,10215001.000,2024-07-01 02:35:00.079
BTC,SELL,0.0450,10215000.000,2024-07-01 02:35:36.046
BTC,SELL,0.0300,10212348.000,2024-07-01 02:35:36.046
BTC,SELL,0.0300,10211001.000,2024-07-01 02:35:36.046
BTC,SELL,0.0700,10210003.000,2024-07-01 02:35:36.046
BTC,SELL,0.0100,10210000.000,2024-07-01 02:35:36.046
BTC,SELL,0.0010,10210000.000,2024-07-01 02:35:36.046
BTC,SELL,0.0003,10210000.000,2024-07-01 02:35:36.046
BTC,SELL,0.0137,10209924.000,2024-07-01 02:35:36.046
BTC,BUY,0.0700,10217865.000,2024-07-01 02:36:02.454
BTC,BUY,0.1300,10217870.000,2024-07-01 02:36:02.454
BTC,SELL,0.0100,10210555.000,2024-07-01 02:36:18.904
BTC,SELL,0.0700,10208860.000,2024-07-01 02:36:18.904
BTC,SELL,0.0200,10208858.000,2024-07-01 02:36:18.904
BTC,SELL,0.0010,10207135.000,2024-07-01 02:36:20.776
BTC,SELL,0.0120,10205403.000,2024-07-01 02:36:20.776
BTC,SELL,0.0045,10205400.000,2024-07-01 02:36:20.776
BTC,SELL,0.0700,10205399.000,2024-07-01 02:36:20.776
BTC,SELL,0.0447,10205398.000,2024-07-01 02:36:20.776
BTC,SELL,0.0678,10205398.000,2024-07-01 02:36:20.776
BTC,BUY,0.0005,10209920.000,2024-07-01 02:36:20.844
BTC,BUY,0.0700,10210949.000,2024-07-01 02:36:29.277
BTC,BUY,0.1000,10210950.000,2024-07-01 02:36:29.277
BTC,BUY,0.0300,10210950.000,2024-07-01 02:36:29.277
BTC,SELL,0.0001,10210950.000,2024-07-01 02:36:52.622
BTC,SELL,0.0002,10210950.000,2024-07-01 02:36:52.622
BTC,SELL,0.0001,10207738.000,2024-07-01 02:36:52.622
BTC,SELL,0.0100,10202069.000,2024-07-01 02:36:52.622
BTC,SELL,0.0700,10202069.000,2024-07-01 02:36:52.622
BTC,SELL,0.0400,10200001.000,2024-07-01 02:36:52.622
BTC,SELL,0.0010,10200000.000,2024-07-01 02:36:52.622
BTC,SELL,0.0100,10200000.000,2024-07-01 02:36:52.622
BTC,SELL,0.0003,10200000.000,2024-07-01 02:36:52.622
BTC,SELL,0.0160,10200000.000,2024-07-01 02:36:52.622
BTC,SELL,0.0500,10200000.000,2024-07-01 02:36:52.622
BTC,SELL,0.0023,10200000.000,2024-07-01 02:36:52.622
BTC,SELL,0.0007,10200000.000,2024-07-01 02:36:52.690
BTC,SELL,0.0060,10200000.000,2024-07-01 02:36:52.690
BTC,SELL,0.0010,10200000.000,2024-07-01 02:36:52.690
BTC,SELL,0.0005,10200000.000,2024-07-01 02:36:52.690
BTC,SELL,0.0500,10200000.000,2024-07-01 02:36:52.690
BTC,SELL,0.0200,10200000.000,2024-07-01 02:36:52.690
BTC,SELL,0.0007,10200000.000,2024-07-01 02:36:52.690
BTC,SELL,0.0001,10200000.000,2024-07-01 02:36:52.690
BTC,SELL,0.0520,10200000.000,2024-07-01 02:36:52.690
BTC,SELL,0.1000,10200000.000,2024-07-01 02:36:52.742
BTC,SELL,0.0010,10209389.000,2024-07-01 02:37:03.289
BTC,BUY,0.0120,10211510.000,2024-07-01 02:37:07.801
BTC,SELL,0.0002,10210000.000,2024-07-01 02:37:18.563
BTC,SELL,0.0489,10208987.000,2024-07-01 02:37:18.563
BTC,SELL,0.0100,10204295.000,2024-07-01 02:37:18.563
BTC,SELL,0.0502,10204295.000,2024-07-01 02:37:18.563
BTC,SELL,0.0300,10204273.000,2024-07-01 02:37:18.563
BTC,SELL,0.0300,10203493.000,2024-07-01 02:37:18.563
BTC,SELL,0.0307,10200000.000,2024-07-01 02:37:18.563
BTC,BUY,0.0005,10206362.000,2024-07-01 02:37:34.443
BTC,BUY,0.0120,10206362.000,2024-07-01 02:38:07.500
BTC,BUY,0.0100,10206362.000,2024-07-01 02:38:08.079
BTC,BUY,0.0100,10208245.000,2024-07-01 02:38:09.569
BTC,BUY,0.0009,10208955.000,2024-07-01 02:38:29.625
BTC,BUY,0.0060,10208956.000,2024-07-01 02:38:35.880
BTC,BUY,0.0015,10208956.000,2024-07-01 02:38:36.022
BTC,BUY,0.0010,10210000.000,2024-07-01 02:38:36.022
