symbol,side,size,price,timestamp
ETH,BUY,0.1000,479492.000,2024-07-05 21:07:26.090
ETH,SELL,0.0210,479366.000,2024-07-05 21:09:20.722
ETH,SELL,0.3289,479165.000,2024-07-05 21:09:20.722
ETH,SELL,0.0286,479167.000,2024-07-05 21:09:21.501
ETH,BUY,0.1000,479125.000,2024-07-05 21:10:37.384
ETH,BUY,0.1000,479418.000,2024-07-05 21:12:37.767
ETH,BUY,0.1000,479418.000,2024-07-05 21:12:38.263
ETH,BUY,0.2000,479481.000,2024-07-05 21:12:38.666
ETH,BUY,0.4000,479481.000,2024-07-05 21:12:39.485
ETH,BUY,0.0210,479500.000,2024-07-05 21:12:44.243
ETH,BUY,0.1790,479510.000,2024-07-05 21:12:44.243
ETH,BUY,0.0150,480000.000,2024-07-05 21:14:18.685
ETH,BUY,0.0415,479984.000,2024-07-05 21:15:19.631
ETH,BUY,0.1000,479982.000,2024-07-05 21:15:30.729
ETH,BUY,0.1000,479982.000,2024-07-05 21:15:31.247
ETH,BUY,0.0563,479982.000,2024-07-05 21:15:31.462
ETH,BUY,0.1000,479982.000,2024-07-05 21:15:31.682
ETH,BUY,0.1000,479982.000,2024-07-05 21:15:31.825
ETH,BUY,0.2000,479982.000,2024-07-05 21:15:32.274
ETH,BUY,0.0500,479685.000,2024-07-05 21:17:06.312
ETH,SELL,0.2000,479198.000,2024-07-05 21:17:38.515
ETH,SELL,0.0260,479119.000,2024-07-05 21:17:49.814
ETH,SELL,0.0140,479119.000,2024-07-05 21:23:23.440
ETH,SELL,0.0230,479000.000,2024-07-05 21:23:23.440
ETH,SELL,0.0053,478994.000,2024-07-05 21:23:23.440
ETH,SELL,0.0106,478994.000,2024-07-05 21:24:58.010
ETH,SELL,0.4894,478649.000,2024-07-05 21:24:58.010
ETH,BUY,0.2300,478875.000,2024-07-05 21:25:32.423
ETH,BUY,0.1500,478895.000,2024-07-05 21:25:32.423
ETH,BUY,0.2200,478898.000,2024-07-05 21:25:32.423
ETH,BUY,0.0700,478938.000,2024-07-05 21:25:54.508
ETH,BUY,0.0220,478844.000,2024-07-05 21:27:31.492
ETH,BUY,1.0000,479116.000,2024-07-05 21:30:42.314
ETH,BUY,1.0000,479150.000,2024-07-05 21:30:45.893
ETH,BUY,1.0000,479208.000,2024-07-05 21:30:48.287
ETH,BUY,0.3600,479258.000,2024-07-05 21:30:52.442
ETH,BUY,0.2000,479258.000,2024-07-05 21:30:54.835
ETH,BUY,0.2000,479343.000,2024-07-05 21:30:59.050
ETH,BUY,0.1000,479487.000,2024-07-05 21:31:03.306
ETH,BUY,0.1000,479487.000,2024-07-05 21:31:04.807
ETH,BUY,0.0229,479500.000,2024-07-05 21:31:10.170
ETH,BUY,0.0001,479500.000,2024-07-05 21:31:10.893
ETH,BUY,0.1999,479507.000,2024-07-05 21:31:10.893
ETH,BUY,0.2000,479576.000,2024-07-05 21:31:11.541
ETH,BUY,0.2000,479575.000,2024-07-05 21:31:13.729
ETH,BUY,0.2000,479669.000,2024-07-05 21:31:15.838
ETH,BUY,0.4000,479669.000,2024-07-05 21:31:16.560
ETH,BUY,0.2000,479701.000,2024-07-05 21:31:18.018
ETH,BUY,0.2000,479701.000,2024-07-05 21:31:20.179
ETH,BUY,0.5000,479704.000,2024-07-05 21:31:21.048
ETH,BUY,0.5000,479704.000,2024-07-05 21:31:21.451
ETH,BUY,0.0060,480000.000,2024-07-05 21:31:22.724
ETH,BUY,0.0210,480500.000,2024-07-05 21:31:23.157
ETH,BUY,0.3790,480626.000,2024-07-05 21:31:23.157
ETH,BUY,0.0817,480030.000,2024-07-05 21:31:23.874
ETH,BUY,0.9183,480030.000,2024-07-05 21:31:24.038
ETH,BUY,0.0210,481000.000,2024-07-05 21:31:24.476
ETH,BUY,0.0430,481000.000,2024-07-05 21:31:24.476
ETH,BUY,0.1360,481021.000,2024-07-05 21:31:24.476
ETH,BUY,0.1000,481021.000,2024-07-05 21:31:25.098
ETH,SELL,0.0229,480500.000,2024-07-05 21:32:08.566
ETH,SELL,0.1771,480497.000,2024-07-05 21:32:08.566
ETH,BUY,0.2000,480999.000,2024-07-05 21:32:31.274
ETH,SELL,0.1014,480497.000,2024-07-05 21:33:24.459
ETH,SELL,0.0229,480000.000,2024-07-05 21:33:24.459
ETH,SELL,0.0757,479857.000,2024-07-05 21:33:24.459
ETH,SELL,0.1000,479861.000,2024-07-05 21:33:25.620
ETH,BUY,0.1000,479778.000,2024-07-05 21:35:31.727
ETH,BUY,0.2000,479785.000,2024-07-05 21:35:37.918
ETH,BUY,0.2000,479918.000,2024-07-05 21:35:40.085
ETH,BUY,0.1000,479918.000,2024-07-05 21:35:40.121
ETH,BUY,0.4000,479965.000,2024-07-05 21:35:41.523
ETH,BUY,0.1000,479965.000,2024-07-05 21:35:42.212
ETH,BUY,0.2000,479965.000,2024-07-05 21:35:44.221
ETH,BUY,0.2000,479965.000,2024-07-05 21:35:44.413
ETH,BUY,0.4000,480170.000,2024-07-05 21:35:47.393
ETH,BUY,0.2000,480244.000,2024-07-05 21:35:48.446
ETH,BUY,0.2000,480244.000,2024-07-05 21:35:48.629
ETH,BUY,0.2000,480398.000,2024-07-05 21:35:50.716
ETH,BUY,0.0100,480398.000,2024-07-05 21:35:51.941
ETH,BUY,0.2000,480407.000,2024-07-05 21:35:54.521
ETH,BUY,0.2000,480407.000,2024-07-05 21:35:54.886
ETH,BUY,0.0229,480500.000,2024-07-05 21:36:11.005
ETH,BUY,0.0771,480665.000,2024-07-05 21:36:11.005
ETH,BUY,0.2000,480212.000,2024-07-05 21:37:10.729
ETH,BUY,0.2000,480212.000,2024-07-05 21:37:11.134
ETH,BUY,0.1000,480435.000,2024-07-05 21:37:14.952
ETH,BUY,0.1000,480447.000,2024-07-05 21:37:23.168
ETH,BUY,1.0000,480939.000,2024-07-05 21:38:11.776
ETH,BUY,0.0100,480361.000,2024-07-05 21:39:53.554
ETH,BUY,0.0229,481000.000,2024-07-05 21:47:59.076
ETH,BUY,0.0100,481084.000,2024-07-05 21:49:06.391
ETH,BUY,0.2600,481196.000,2024-07-05 21:51:29.628
ETH,BUY,0.6000,481409.000,2024-07-05 21:52:36.328
ETH,BUY,0.0257,481283.000,2024-07-05 21:52:52.867
ETH,BUY,0.0257,481499.000,2024-07-05 21:52:55.693
ETH,SELL,0.2000,481409.000,2024-07-05 21:53:38.441
ETH,SELL,0.2000,481409.000,2024-07-05 21:53:40.382
ETH,SELL,0.1000,481409.000,2024-07-05 21:53:42.006
ETH,SELL,0.0141,481409.000,2024-07-05 21:53:56.213
ETH,SELL,0.0256,481409.000,2024-07-05 21:54:00.809
ETH,SELL,0.2000,481409.000,2024-07-05 21:54:02.365
ETH,SELL,0.2000,481409.000,2024-07-05 21:54:02.627
ETH,SELL,0.0345,481409.000,2024-07-05 21:54:05.472
ETH,SELL,0.0001,481409.000,2024-07-05 21:54:06.646
ETH,SELL,0.0334,481145.000,2024-07-05 21:54:09.528
ETH,SELL,0.0100,481145.000,2024-07-05 21:54:10.795
ETH,SELL,0.5666,481145.000,2024-07-05 21:54:11.471
ETH,SELL,0.0314,480600.000,2024-07-05 21:54:19.335
ETH,SELL,0.0186,480600.000,2024-07-05 21:54:20.856
ETH,SELL,0.0229,480500.000,2024-07-05 21:54:23.516
ETH,SELL,0.0200,480359.000,2024-07-05 21:54:24.027
ETH,SELL,0.0100,480300.000,2024-07-05 21:54:24.027
ETH,SELL,0.0100,480300.000,2024-07-05 21:54:24.731
ETH,SELL,0.0800,480300.000,2024-07-05 21:55:19.994
ETH,SELL,0.1200,480003.000,2024-07-05 21:55:19.994
ETH,BUY,0.0100,480641.000,2024-07-05 21:56:07.516
ETH,BUY,0.0100,480547.000,2024-07-05 21:57:21.577
ETH,SELL,1.0000,480133.000,2024-07-05 21:57:46.680
ETH,SELL,0.0229,480000.000,2024-07-05 22:00:49.325
ETH,SELL,0.0400,480000.000,2024-07-05 22:00:49.325
ETH,SELL,0.1371,480000.000,2024-07-05 22:00:49.325
ETH,SELL,0.2000,480000.000,2024-07-05 22:00:52.721
ETH,SELL,0.2000,480000.000,2024-07-05 22:00:52.722
ETH,SELL,0.2000,480000.000,2024-07-05 22:00:58.814
ETH,SELL,0.2000,480000.000,2024-07-05 22:00:58.840
ETH,SELL,0.0200,480000.000,2024-07-05 22:01:18.866
ETH,SELL,0.0429,480000.000,2024-07-05 22:02:04.768
ETH,SELL,0.1571,479505.000,2024-07-05 22:02:04.768
ETH,SELL,0.0229,479500.000,2024-07-05 22:02:24.754
ETH,SELL,0.8200,479426.000,2024-07-05 22:02:24.754
ETH,SELL,0.0571,479424.000,2024-07-05 22:02:24.754
ETH,BUY,0.8300,479031.000,2024-07-05 22:02:34.403
ETH,BUY,0.2860,479659.000,2024-07-05 22:02:59.205
ETH,BUY,0.0100,479280.000,2024-07-05 22:04:06.499
ETH,SELL,0.1000,479047.000,2024-07-05 22:05:05.898
ETH,SELL,0.0230,479000.000,2024-07-05 22:05:08.892
ETH,SELL,0.0230,478500.000,2024-07-05 22:05:08.892
ETH,SELL,0.0540,478288.000,2024-07-05 22:05:08.892
ETH,BUY,0.5000,478275.000,2024-07-05 22:05:42.887
ETH,BUY,0.0700,478224.000,2024-07-05 22:06:01.991
ETH,BUY,0.2000,478570.000,2024-07-05 22:08:23.967
ETH,BUY,0.1000,478596.000,2024-07-05 22:08:23.967
ETH,BUY,0.1600,478781.000,2024-07-05 22:10:10.107
ETH,BUY,0.0110,478779.000,2024-07-05 22:10:12.961
ETH,SELL,0.1500,478886.000,2024-07-05 22:12:00.391
ETH,BUY,0.0100,478999.000,2024-07-05 22:13:44.554
ETH,SELL,1.0000,478948.000,2024-07-05 22:14:20.402
ETH,BUY,0.0122,479000.000,2024-07-05 22:15:34.040
ETH,BUY,0.0100,479000.000,2024-07-05 22:15:34.188
ETH,BUY,0.0008,479000.000,2024-07-05 22:15:34.208
ETH,BUY,0.1992,479476.000,2024-07-05 22:15:34.208
ETH,BUY,0.0200,479476.000,2024-07-05 22:15:34.532
ETH,BUY,0.0100,479500.000,2024-07-05 22:15:38.721
ETH,BUY,0.0130,479500.000,2024-07-05 22:16:26.992
ETH,BUY,0.1000,479915.000,2024-07-05 22:16:27.351
ETH,BUY,0.0229,480000.000,2024-07-05 22:16:29.609
ETH,BUY,0.1771,480146.000,2024-07-05 22:16:29.609
ETH,BUY,0.2000,480141.000,2024-07-05 22:16:37.793
ETH,BUY,0.0437,480368.000,2024-07-05 22:16:45.053
ETH,BUY,0.0229,480500.000,2024-07-05 22:17:24.562
ETH,BUY,0.0701,480503.000,2024-07-05 22:17:24.562
ETH,BUY,0.0130,480552.000,2024-07-05 22:17:53.001
ETH,BUY,0.0130,480708.000,2024-07-05 22:17:56.728
ETH,BUY,0.0724,480215.000,2024-07-05 22:19:44.339
ETH,BUY,0.0276,480455.000,2024-07-05 22:19:44.339
ETH,BUY,0.0724,480452.000,2024-07-05 22:19:47.690
ETH,BUY,0.2000,480452.000,2024-07-05 22:19:48.498
ETH,BUY,0.2000,480592.000,2024-07-05 22:19:50.657
ETH,SELL,1.0000,480698.000,2024-07-05 22:20:25.412
ETH,BUY,0.0100,480646.000,2024-07-05 22:21:35.778
ETH,BUY,0.0400,480749.000,2024-07-05 22:22:39.920
ETH,BUY,0.1594,480804.000,2024-07-05 22:22:54.750
ETH,BUY,0.0417,480881.000,2024-07-05 22:24:34.713
ETH,BUY,0.0229,481000.000,2024-07-05 22:25:43.962
ETH,BUY,0.0771,481154.000,2024-07-05 22:25:43.962
ETH,SELL,0.0300,481110.000,2024-07-05 22:28:56.606
ETH,BUY,0.0100,481251.000,2024-07-05 22:30:29.623
ETH,BUY,0.2000,480712.000,2024-07-05 22:30:36.048
ETH,BUY,0.0100,480812.000,2024-07-05 22:30:47.197
ETH,BUY,0.2000,480812.000,2024-07-05 22:30:47.490
ETH,BUY,0.7900,480812.000,2024-07-05 22:30:47.632
ETH,BUY,0.2100,480926.000,2024-07-05 22:30:47.632
ETH,BUY,0.2000,480925.000,2024-07-05 22:30:49.378
ETH,BUY,0.1000,480787.000,2024-07-05 22:30:57.070
ETH,BUY,1.0000,480870.000,2024-07-05 22:31:05.272
ETH,BUY,0.1000,480884.000,2024-07-05 22:31:06.358
ETH,BUY,1.0000,480913.000,2024-07-05 22:31:12.485
ETH,BUY,1.0000,481007.000,2024-07-05 22:31:21.881
ETH,BUY,0.3066,481007.000,2024-07-05 22:31:34.466
ETH,BUY,0.2006,481231.000,2024-07-05 22:31:38.350
ETH,BUY,0.0631,481251.000,2024-07-05 22:31:46.696
ETH,BUY,0.5225,481251.000,2024-07-05 22:31:46.806
ETH,BUY,0.7164,481252.000,2024-07-05 22:31:46.806
ETH,BUY,0.2328,481262.000,2024-07-05 22:31:46.806
ETH,BUY,4.0000,481429.000,2024-07-05 22:31:46.806
ETH,BUY,0.7653,481493.000,2024-07-05 22:31:46.806
ETH,BUY,0.1100,481399.000,2024-07-05 22:34:17.356
ETH,BUY,0.1400,481221.000,2024-07-05 22:36:16.341
ETH,BUY,0.0200,481400.000,2024-07-05 22:40:13.305
ETH,BUY,0.4000,481363.000,2024-07-05 22:41:44.120
ETH,BUY,0.4500,481400.000,2024-07-05 22:42:22.250
ETH,BUY,0.0500,481440.000,2024-07-05 22:42:22.543
ETH,SELL,0.0800,480907.000,2024-07-05 22:44:11.020
ETH,SELL,0.0200,480601.000,2024-07-05 22:44:11.020
ETH,BUY,1.0000,480826.000,2024-07-05 22:47:26.697
ETH,BUY,0.0200,481197.000,2024-07-05 22:47:53.778
ETH,SELL,0.0500,480600.000,2024-07-05 22:49:47.804
ETH,SELL,0.0229,480500.000,2024-07-05 22:49:48.232
ETH,SELL,0.0771,480120.000,2024-07-05 22:49:48.232
ETH,SELL,0.0117,480120.000,2024-07-05 22:49:48.874
ETH,SELL,0.2000,480120.000,2024-07-05 22:49:49.211
ETH,SELL,0.1000,480120.000,2024-07-05 22:49:49.482
ETH,SELL,0.0229,480000.000,2024-07-05 22:50:48.986
ETH,SELL,0.0771,480000.000,2024-07-05 22:50:48.986
ETH,SELL,0.1000,480000.000,2024-07-05 22:51:04.939
ETH,SELL,0.1000,480000.000,2024-07-05 22:51:40.194
ETH,SELL,0.2000,480000.000,2024-07-05 22:51:41.896
ETH,SELL,0.3000,480000.000,2024-07-05 22:51:42.414
ETH,SELL,1.0000,480000.000,2024-07-05 22:51:42.588
ETH,SELL,0.1000,480000.000,2024-07-05 22:51:42.855
ETH,SELL,0.1229,480000.000,2024-07-05 22:51:44.046
ETH,SELL,0.0771,480000.000,2024-07-05 22:51:44.046
ETH,SELL,0.1729,480000.000,2024-07-05 22:51:46.181
ETH,SELL,0.0271,479768.000,2024-07-05 22:51:46.181
ETH,SELL,0.0100,479768.000,2024-07-05 22:52:00.098
ETH,BUY,0.0200,479799.000,2024-07-05 22:52:07.070
ETH,BUY,0.0100,479769.000,2024-07-05 22:52:52.667
ETH,SELL,0.2000,479768.000,2024-07-05 22:53:47.969
ETH,SELL,0.0261,479768.000,2024-07-05 22:53:48.366
ETH,SELL,0.1000,479768.000,2024-07-05 22:53:50.190
ETH,SELL,0.0297,479768.000,2024-07-05 22:53:52.540
ETH,SELL,0.0071,479768.000,2024-07-05 22:55:35.106
ETH,SELL,0.0029,479631.000,2024-07-05 22:55:35.106
ETH,BUY,0.0200,479776.000,2024-07-05 22:56:01.008
ETH,BUY,0.0340,479979.000,2024-07-05 22:58:14.127
ETH,BUY,1.0000,479694.000,2024-07-05 23:00:07.649
ETH,BUY,1.0000,479736.000,2024-07-05 23:00:10.370
ETH,BUY,0.8700,479841.000,2024-07-05 23:01:04.726
ETH,BUY,0.1300,479841.000,2024-07-05 23:01:04.812
ETH,BUY,0.0700,480053.000,2024-07-05 23:01:10.653
ETH,BUY,0.8700,480053.000,2024-07-05 23:01:12.241
ETH,BUY,0.0500,480153.000,2024-07-05 23:01:15.107
ETH,BUY,0.0200,480499.000,2024-07-05 23:03:21.697
ETH,BUY,0.0208,480479.000,2024-07-05 23:04:10.547
ETH,SELL,0.1000,480227.000,2024-07-05 23:04:35.631
ETH,SELL,0.0200,480000.000,2024-07-05 23:05:17.747
ETH,SELL,0.0300,480000.000,2024-07-05 23:05:17.796
ETH,BUY,0.0900,480066.000,2024-07-05 23:07:39.844
ETH,BUY,0.1000,480066.000,2024-07-05 23:07:42.489
ETH,BUY,0.0997,480080.000,2024-07-05 23:07:42.996
ETH,BUY,0.3000,480350.000,2024-07-05 23:10:05.507
ETH,BUY,0.3000,480350.000,2024-07-05 23:10:06.399
ETH,BUY,0.0229,480500.000,2024-07-05 23:11:06.974
ETH,BUY,0.0773,480500.000,2024-07-05 23:11:06.974
ETH,BUY,0.1000,480500.000,2024-07-05 23:11:07.575
ETH,BUY,0.4000,480500.000,2024-07-05 23:11:08.552
ETH,BUY,1.0000,480500.000,2024-07-05 23:11:08.600
ETH,BUY,0.0998,480500.000,2024-07-05 23:11:08.726
ETH,BUY,0.1978,480500.000,2024-07-05 23:11:09.010
ETH,BUY,0.1251,480500.000,2024-07-05 23:11:09.340
ETH,BUY,0.1949,480856.000,2024-07-05 23:11:09.340
ETH,BUY,0.0100,481000.000,2024-07-05 23:13:50.089
ETH,BUY,0.0129,481000.000,2024-07-05 23:13:56.106
ETH,BUY,0.3871,481035.000,2024-07-05 23:13:56.106
ETH,BUY,0.3200,481035.000,2024-07-05 23:13:56.290
ETH,SELL,0.1000,481240.000,2024-07-05 23:18:18.189
ETH,BUY,0.6000,480873.000,2024-07-05 23:19:26.367
ETH,BUY,0.1030,480964.000,2024-07-05 23:19:31.435
ETH,BUY,0.0500,481192.000,2024-07-05 23:19:47.143
ETH,BUY,0.0500,481140.000,2024-07-05 23:20:07.780
ETH,BUY,0.0200,481102.000,2024-07-05 23:20:21.409
ETH,BUY,0.0100,481105.000,2024-07-05 23:20:39.073
ETH,BUY,0.0200,481224.000,2024-07-05 23:20:53.114
ETH,BUY,0.0500,481468.000,2024-07-05 23:22:00.632
ETH,BUY,0.0200,481500.000,2024-07-05 23:22:45.090
ETH,BUY,0.0010,481500.000,2024-07-05 23:23:17.478
ETH,BUY,0.0190,481661.000,2024-07-05 23:23:17.478
ETH,BUY,0.0700,481683.000,2024-07-05 23:23:35.212
ETH,BUY,0.0208,481758.000,2024-07-05 23:24:03.546
ETH,BUY,0.0208,482000.000,2024-07-05 23:24:07.175
ETH,BUY,0.0100,481979.000,2024-07-05 23:24:46.111
ETH,SELL,0.1000,481956.000,2024-07-05 23:25:28.169
ETH,SELL,0.1000,481956.000,2024-07-05 23:25:52.111
ETH,BUY,0.0215,481662.000,2024-07-05 23:27:13.369
ETH,BUY,0.0053,481903.000,2024-07-05 23:27:13.369
ETH,BUY,0.0215,481830.000,2024-07-05 23:27:17.227
ETH,BUY,0.0210,481948.000,2024-07-05 23:29:03.050
ETH,BUY,0.0800,481984.000,2024-07-05 23:30:31.239
ETH,SELL,0.0997,481973.000,2024-07-05 23:30:31.828
ETH,SELL,0.1000,481974.000,2024-07-05 23:30:33.587
ETH,SELL,0.2000,481975.000,2024-07-05 23:30:34.943
ETH,SELL,0.1600,481965.000,2024-07-05 23:30:37.042
ETH,SELL,0.0400,481948.000,2024-07-05 23:30:37.042
ETH,SELL,1.0000,481159.000,2024-07-05 23:32:10.517
ETH,SELL,0.0229,481000.000,2024-07-05 23:32:10.517
ETH,SELL,0.0100,481000.000,2024-07-05 23:32:10.517
ETH,SELL,0.4100,481000.000,2024-07-05 23:32:10.517
ETH,SELL,0.0150,480770.000,2024-07-05 23:32:10.517
ETH,SELL,0.5421,480674.000,2024-07-05 23:32:10.517
ETH,SELL,0.0129,480675.000,2024-07-05 23:32:12.389
ETH,SELL,0.6240,480674.000,2024-07-05 23:32:12.389
ETH,SELL,0.1120,480642.000,2024-07-05 23:32:12.389
ETH,BUY,0.0100,480941.000,2024-07-05 23:32:32.116
ETH,BUY,0.2000,480941.000,2024-07-05 23:32:32.793
ETH,BUY,0.0200,481279.000,2024-07-05 23:33:04.801
ETH,BUY,0.1000,481277.000,2024-07-05 23:33:07.066
ETH,BUY,0.7480,481487.000,2024-07-05 23:34:20.581
ETH,BUY,0.0229,481500.000,2024-07-05 23:35:03.242
ETH,BUY,0.0371,481750.000,2024-07-05 23:35:03.242
ETH,SELL,0.0100,481526.000,2024-07-05 23:35:52.634
ETH,BUY,0.1000,481777.000,2024-07-05 23:38:05.518
ETH,BUY,0.0200,481806.000,2024-07-05 23:38:32.110
ETH,BUY,0.1000,481999.000,2024-07-05 23:40:04.578
ETH,BUY,0.0002,482000.000,2024-07-05 23:40:04.578
ETH,BUY,0.0098,482022.000,2024-07-05 23:40:04.578
ETH,BUY,0.0200,481800.000,2024-07-05 23:40:19.718
ETH,BUY,0.5000,481800.000,2024-07-05 23:40:19.745
ETH,SELL,0.0300,482003.000,2024-07-05 23:42:15.392
ETH,BUY,0.0660,482195.000,2024-07-05 23:42:18.959
ETH,SELL,0.2340,482200.000,2024-07-05 23:42:26.094
ETH,SELL,0.1606,482133.000,2024-07-05 23:42:26.094
ETH,SELL,0.1054,481994.000,2024-07-05 23:42:26.094
ETH,BUY,0.0100,481985.000,2024-07-05 23:42:30.245
ETH,BUY,0.0400,481849.000,2024-07-05 23:42:49.974
ETH,BUY,0.0800,482040.000,2024-07-05 23:43:44.746
ETH,SELL,0.0208,482000.000,2024-07-05 23:44:41.885
ETH,SELL,0.0192,481929.000,2024-07-05 23:44:41.885
ETH,BUY,0.2000,481808.000,2024-07-05 23:45:32.532
ETH,BUY,0.0100,481808.000,2024-07-05 23:45:33.351
ETH,BUY,0.2000,481893.000,2024-07-05 23:45:34.683
ETH,SELL,0.0228,481500.000,2024-07-05 23:48:04.170
ETH,SELL,0.0210,481458.000,2024-07-05 23:48:04.170
ETH,SELL,0.0210,481371.000,2024-07-05 23:48:04.170
ETH,SELL,0.0229,481000.000,2024-07-05 23:48:04.170
ETH,SELL,0.0123,480740.000,2024-07-05 23:48:04.170
ETH,SELL,0.0500,480600.000,2024-07-05 23:49:36.629
ETH,SELL,0.0229,480500.000,2024-07-05 23:49:36.629
ETH,SELL,1.0000,480246.000,2024-07-05 23:50:20.282
ETH,SELL,0.0891,480186.000,2024-07-05 23:50:29.372
ETH,BUY,0.3200,480546.000,2024-07-05 23:51:10.343
ETH,BUY,0.3800,480546.000,2024-07-05 23:51:10.467
ETH,BUY,0.0500,480852.000,2024-07-05 23:52:48.153
ETH,BUY,0.0200,480727.000,2024-07-05 23:54:36.872
ETH,BUY,0.2500,480347.000,2024-07-05 23:55:11.701
ETH,BUY,0.3200,480347.000,2024-07-05 23:55:12.323
ETH,BUY,0.0414,480363.000,2024-07-05 23:55:15.305
ETH,BUY,0.1500,480363.000,2024-07-05 23:55:16.493
ETH,SELL,0.0810,480405.000,2024-07-05 23:57:34.591
ETH,SELL,0.1877,480105.000,2024-07-06 02:10:04.631
ETH,SELL,0.3960,480100.000,2024-07-06 02:10:04.631
ETH,SELL,0.0229,480000.000,2024-07-06 02:10:05.293
ETH,SELL,0.1000,480000.000,2024-07-06 02:10:05.293
ETH,SELL,0.1000,480000.000,2024-07-06 02:10:05.293
ETH,SELL,0.1771,480000.000,2024-07-06 02:10:05.293
ETH,SELL,0.0229,480000.000,2024-07-06 02:10:05.367
ETH,SELL,0.0200,479990.000,2024-07-06 02:10:05.367
ETH,SELL,0.0150,479642.000,2024-07-06 02:10:05.367
ETH,SELL,0.0229,479500.000,2024-07-06 02:10:05.367
ETH,SELL,0.0200,479500.000,2024-07-06 02:10:05.367
ETH,SELL,0.0230,479000.000,2024-07-06 02:10:05.367
ETH,SELL,0.3762,479000.000,2024-07-06 02:10:05.367
ETH,SELL,0.0200,479000.000,2024-07-06 02:10:05.960
ETH,SELL,0.1000,479000.000,2024-07-06 02:10:06.043
ETH,SELL,0.2000,479000.000,2024-07-06 02:10:07.414
ETH,SELL,0.0200,479000.000,2024-07-06 02:10:07.562
ETH,SELL,0.0200,479000.000,2024-07-06 02:10:08.564
ETH,SELL,0.2638,479000.000,2024-07-06 02:10:08.565
ETH,SELL,0.0230,478500.000,2024-07-06 02:10:08.835
ETH,SELL,0.0430,478200.000,2024-07-06 02:10:08.835
ETH,SELL,0.0340,478200.000,2024-07-06 02:10:08.835
ETH,SELL,0.0160,478200.000,2024-07-06 02:10:09.168
ETH,SELL,0.0040,478198.000,2024-07-06 02:10:09.168
ETH,SELL,0.0060,478198.000,2024-07-06 02:10:21.264
ETH,SELL,0.0230,478000.000,2024-07-06 02:10:21.264
ETH,SELL,0.0410,478000.000,2024-07-06 02:10:21.264
ETH,SELL,0.4166,478000.000,2024-07-06 02:10:21.264
ETH,SELL,0.0134,477500.000,2024-07-06 02:10:21.264
ETH,SELL,0.0076,477500.000,2024-07-06 02:10:51.647
ETH,SELL,1.0000,477023.000,2024-07-06 02:10:51.647
ETH,SELL,0.0124,477000.000,2024-07-06 02:10:51.647
ETH,BUY,0.2080,477282.000,2024-07-06 02:11:06.226
ETH,SELL,0.0442,477097.000,2024-07-06 02:11:24.763
ETH,SELL,0.0086,477000.000,2024-07-06 02:11:24.763
ETH,SELL,0.0432,477000.000,2024-07-06 02:11:24.763
ETH,SELL,0.1000,477000.000,2024-07-06 02:11:27.619
ETH,SELL,0.0568,477000.000,2024-07-06 02:11:32.964
ETH,BUY,0.0432,477000.000,2024-07-06 02:11:54.885
ETH,BUY,0.0200,477050.000,2024-07-06 02:13:19.325
ETH,BUY,0.0420,477045.000,2024-07-06 02:13:20.969
ETH,BUY,1.0000,477134.000,2024-07-06 02:14:04.823
ETH,BUY,0.1580,477135.000,2024-07-06 02:14:04.823
ETH,BUY,0.6287,477141.000,2024-07-06 02:14:04.823
ETH,BUY,4.0000,477166.000,2024-07-06 02:14:04.823
ETH,BUY,1.0633,477398.000,2024-07-06 02:14:04.823
ETH,BUY,0.0267,477398.000,2024-07-06 02:14:04.907
ETH,BUY,0.0020,477456.000,2024-07-06 02:14:04.907
ETH,BUY,0.0438,477420.000,2024-07-06 02:14:20.717
ETH,SELL,0.2000,476612.000,2024-07-06 02:14:57.283
ETH,SELL,0.0900,476612.000,2024-07-06 02:14:57.389
ETH,BUY,0.0509,477355.000,2024-07-06 02:14:57.470
ETH,BUY,0.0681,477355.000,2024-07-06 02:14:57.470
ETH,BUY,0.1000,477073.000,2024-07-06 02:15:29.463
ETH,SELL,0.1500,476536.000,2024-07-06 02:15:31.888
ETH,BUY,0.0271,476825.000,2024-07-06 02:16:12.421
ETH,SELL,0.0700,476655.000,2024-07-06 02:16:13.329
ETH,BUY,0.2000,477047.000,2024-07-06 02:16:14.481
ETH,BUY,0.4000,477047.000,2024-07-06 02:16:14.527
ETH,BUY,0.0200,477047.000,2024-07-06 02:16:14.528
ETH,BUY,0.0271,476740.000,2024-07-06 02:16:17.930
ETH,BUY,0.0386,476752.000,2024-07-06 02:16:21.441
ETH,BUY,0.4000,477048.000,2024-07-06 02:16:35.757
ETH,BUY,0.2500,476954.000,2024-07-06 02:17:01.146
ETH,BUY,0.1657,477048.000,2024-07-06 02:17:54.835
ETH,BUY,0.2343,477188.000,2024-07-06 02:17:54.835
ETH,BUY,0.7657,477188.000,2024-07-06 02:17:55.221
ETH,BUY,0.2343,477352.000,2024-07-06 02:17:55.221
ETH,BUY,0.4000,477274.000,2024-07-06 02:17:59.294
ETH,BUY,0.0369,477746.000,2024-07-06 02:18:00.930
ETH,BUY,1.0000,477799.000,2024-07-06 02:18:09.505
ETH,BUY,0.6281,477801.000,2024-07-06 02:18:09.505
ETH,SELL,0.0204,477803.000,2024-07-06 02:18:15.192
ETH,SELL,0.2000,476941.000,2024-07-06 02:18:22.559
ETH,SELL,0.4000,476961.000,2024-07-06 02:18:45.390
ETH,SELL,1.0000,476772.000,2024-07-06 02:18:45.390
ETH,SELL,0.0540,476756.000,2024-07-06 02:18:45.390
ETH,SELL,0.7460,476691.000,2024-07-06 02:18:45.390
ETH,BUY,0.2100,477136.000,2024-07-06 02:18:46.696
ETH,BUY,0.0318,476788.000,2024-07-06 02:19:02.028
ETH,BUY,0.0170,477279.000,2024-07-06 02:19:24.151
ETH,BUY,1.0000,477276.000,2024-07-06 02:19:30.636
ETH,BUY,0.2000,477310.000,2024-07-06 02:19:30.636
ETH,SELL,0.2000,477350.000,2024-07-06 02:19:32.999
ETH,SELL,0.2000,477350.000,2024-07-06 02:19:33.332
ETH,SELL,0.2000,477350.000,2024-07-06 02:19:35.468
ETH,SELL,0.2000,477350.000,2024-07-06 02:19:37.629
ETH,SELL,0.2000,477350.000,2024-07-06 02:19:39.752
ETH,SELL,0.2000,477350.000,2024-07-06 02:19:41.840
ETH,SELL,0.2000,477350.000,2024-07-06 02:19:43.963
ETH,SELL,0.2000,477350.000,2024-07-06 02:19:46.165
ETH,SELL,0.2000,477350.000,2024-07-06 02:19:48.303
ETH,SELL,0.2000,477350.000,2024-07-06 02:19:50.381
ETH,SELL,0.2000,477350.000,2024-07-06 02:19:54.528
ETH,BUY,1.0000,477368.000,2024-07-06 02:19:55.473
ETH,BUY,0.0982,477369.000,2024-07-06 02:19:55.473
ETH,BUY,2.3518,477398.000,2024-07-06 02:19:55.473
ETH,SELL,0.1000,476948.000,2024-07-06 02:20:30.938
ETH,BUY,0.4200,476764.000,2024-07-06 02:21:21.708
ETH,BUY,0.2000,477427.000,2024-07-06 02:21:31.835
ETH,BUY,0.4000,477427.000,2024-07-06 02:21:32.086
ETH,BUY,0.9000,477124.000,2024-07-06 02:21:44.398
ETH,BUY,0.2000,477210.000,2024-07-06 02:21:49.715
ETH,BUY,0.0210,477500.000,2024-07-06 02:21:50.110
ETH,BUY,0.3790,477746.000,2024-07-06 02:21:50.110
ETH,BUY,0.1900,477437.000,2024-07-06 02:22:08.787
ETH,BUY,0.4400,477450.000,2024-07-06 02:22:10.188
ETH,BUY,0.4000,477993.000,2024-07-06 02:22:18.583
ETH,BUY,0.0106,477664.000,2024-07-06 02:22:25.426
ETH,BUY,0.0100,477664.000,2024-07-06 02:22:27.280
ETH,BUY,0.0300,478000.000,2024-07-06 02:23:06.162
ETH,SELL,0.2000,477999.000,2024-07-06 02:24:30.937
ETH,SELL,0.2000,477999.000,2024-07-06 02:24:33.095
ETH,SELL,0.2000,477999.000,2024-07-06 02:24:35.200
ETH,BUY,0.0100,478000.000,2024-07-06 02:24:37.623
ETH,BUY,0.0195,478000.000,2024-07-06 02:25:42.663
ETH,BUY,0.0105,478000.000,2024-07-06 02:25:42.663
ETH,BUY,0.0105,478000.000,2024-07-06 02:25:43.332
ETH,BUY,0.3895,478484.000,2024-07-06 02:25:43.332
ETH,BUY,0.0695,478484.000,2024-07-06 02:25:43.569
ETH,BUY,0.0230,478500.000,2024-07-06 02:25:44.513
ETH,BUY,0.0217,478964.000,2024-07-06 02:25:44.515
ETH,BUY,0.1000,478999.000,2024-07-06 02:25:45.281
ETH,BUY,1.0000,478991.000,2024-07-06 02:26:56.064
ETH,BUY,0.0410,478948.000,2024-07-06 02:28:37.432
ETH,BUY,0.0100,478944.000,2024-07-06 02:28:43.846
ETH,SELL,0.0100,478944.000,2024-07-06 02:29:22.060
ETH,SELL,0.0400,478944.000,2024-07-06 02:29:22.060
ETH,SELL,0.2100,478900.000,2024-07-06 02:29:22.060
ETH,SELL,1.2836,478862.000,2024-07-06 02:29:22.060
ETH,SELL,0.1300,478570.000,2024-07-06 02:29:22.060
ETH,SELL,0.0664,478567.000,2024-07-06 02:29:22.060
ETH,BUY,0.0693,478992.000,2024-07-06 02:29:35.780
ETH,BUY,0.0100,478991.000,2024-07-06 02:30:07.844
ETH,BUY,0.3200,478988.000,2024-07-06 02:30:12.029
ETH,BUY,0.0100,479000.000,2024-07-06 02:31:33.441
ETH,BUY,0.0102,479000.000,2024-07-06 02:31:37.072
ETH,BUY,0.0028,479000.000,2024-07-06 02:31:39.518
ETH,BUY,0.0291,479145.000,2024-07-06 02:31:39.518
ETH,BUY,0.0125,479255.000,2024-07-06 02:31:47.951
ETH,BUY,0.0150,479365.000,2024-07-06 02:31:53.426
ETH,BUY,0.4000,479341.000,2024-07-06 02:31:55.137
ETH,BUY,0.0207,479500.000,2024-07-06 02:32:03.315
ETH,BUY,0.0023,479500.000,2024-07-06 02:32:06.567
ETH,BUY,0.3977,479519.000,2024-07-06 02:32:06.567
ETH,BUY,0.1000,479830.000,2024-07-06 02:32:08.818
ETH,BUY,0.0229,480000.000,2024-07-06 02:32:15.509
ETH,BUY,0.1771,480412.000,2024-07-06 02:32:15.509
ETH,BUY,0.5000,479982.000,2024-07-06 02:32:21.938
ETH,BUY,0.1000,480471.000,2024-07-06 02:32:25.591
ETH,BUY,0.2435,480497.000,2024-07-06 02:32:33.336
ETH,BUY,0.3565,480497.000,2024-07-06 02:32:33.336
ETH,BUY,0.9271,480499.000,2024-07-06 02:32:36.274
ETH,BUY,0.0229,480500.000,2024-07-06 02:32:36.274
ETH,BUY,0.1562,480645.000,2024-07-06 02:32:36.274
ETH,BUY,0.8938,480733.000,2024-07-06 02:32:36.274
ETH,SELL,0.0130,480064.000,2024-07-06 02:33:16.948
ETH,BUY,0.0130,480960.000,2024-07-06 02:34:02.998
ETH,BUY,0.9870,480994.000,2024-07-06 02:34:02.998
ETH,BUY,0.2000,480995.000,2024-07-06 02:34:24.003
ETH,BUY,0.0229,481000.000,2024-07-06 02:34:24.003
ETH,BUY,0.0430,481000.000,2024-07-06 02:34:24.003
ETH,BUY,0.0341,481000.000,2024-07-06 02:34:24.003
ETH,BUY,0.1277,481023.000,2024-07-06 02:34:44.461
ETH,BUY,3.2023,481052.000,2024-07-06 02:34:44.461
ETH,BUY,0.0100,481067.000,2024-07-06 02:36:17.562
ETH,BUY,0.0900,481139.000,2024-07-06 02:36:17.562
ETH,BUY,1.0000,481342.000,2024-07-06 02:37:16.251
ETH,SELL,1.0000,480666.000,2024-07-06 02:40:18.664
ETH,BUY,0.0100,480508.000,2024-07-06 02:41:10.804
ETH,BUY,0.0100,480530.000,2024-07-06 02:41:19.496
ETH,BUY,0.0500,480647.000,2024-07-06 02:42:40.481
ETH,BUY,0.6597,480509.000,2024-07-06 02:44:21.438
ETH,BUY,0.1000,480510.000,2024-07-06 02:44:22.582
ETH,BUY,0.3000,480553.000,2024-07-06 02:45:09.924
ETH,SELL,0.0229,480500.000,2024-07-06 02:45:15.538
ETH,SELL,0.0871,480300.000,2024-07-06 02:45:15.538
ETH,BUY,0.0300,480605.000,2024-07-06 02:47:21.682
ETH,BUY,0.4000,480672.000,2024-07-06 02:47:52.640
ETH,SELL,0.1992,480277.000,2024-07-06 02:49:01.518
ETH,SELL,0.1129,480275.000,2024-07-06 02:49:06.920
ETH,SELL,0.0739,480271.000,2024-07-06 02:49:06.920
ETH,BUY,0.2029,480617.000,2024-07-06 02:50:03.263
ETH,SELL,0.2011,480620.000,2024-07-06 02:53:57.919
ETH,BUY,0.9399,480783.000,2024-07-06 02:55:11.385
ETH,BUY,0.3460,480784.000,2024-07-06 02:55:11.385
ETH,BUY,4.0000,480820.000,2024-07-06 02:55:11.385
ETH,BUY,1.0000,480874.000,2024-07-06 02:55:11.385
ETH,BUY,0.4941,480878.000,2024-07-06 02:55:11.385
ETH,BUY,0.0200,480907.000,2024-07-06 02:56:11.043
ETH,BUY,0.0199,481000.000,2024-07-06 02:58:00.425
ETH,SELL,0.0748,480994.000,2024-07-06 02:58:01.923
ETH,BUY,0.3703,480969.000,2024-07-06 02:58:52.327
ETH,BUY,0.2000,480970.000,2024-07-06 02:58:52.327
ETH,SELL,0.5000,480994.000,2024-07-06 02:58:53.068
ETH,SELL,0.5000,480994.000,2024-07-06 02:58:53.249
ETH,SELL,0.0243,480994.000,2024-07-06 03:00:07.935
ETH,BUY,0.0030,481000.000,2024-07-06 03:00:08.269
ETH,BUY,0.0178,481023.000,2024-07-06 03:00:08.269
ETH,SELL,0.0783,480994.000,2024-07-06 03:00:14.633
ETH,BUY,1.0000,481023.000,2024-07-06 03:00:46.680
ETH,SELL,0.1000,480994.000,2024-07-06 03:00:53.442
ETH,BUY,0.0666,481023.000,2024-07-06 03:00:55.875
ETH,BUY,0.0729,481052.000,2024-07-06 03:02:54.917
ETH,BUY,0.5000,481110.000,2024-07-06 03:04:08.098
ETH,SELL,0.0190,480994.000,2024-07-06 03:04:46.545
ETH,BUY,0.0156,481081.000,2024-07-06 03:04:48.235
ETH,BUY,0.0210,481110.000,2024-07-06 03:05:05.457
ETH,SELL,0.0210,480994.000,2024-07-06 03:06:14.022
ETH,SELL,0.0790,480994.000,2024-07-06 03:06:14.022
ETH,SELL,0.0122,480994.000,2024-07-06 03:08:04.957
ETH,SELL,0.0088,480994.000,2024-07-06 03:08:07.012
ETH,SELL,0.0100,480617.000,2024-07-06 03:08:07.012
ETH,SELL,0.0046,480604.000,2024-07-06 03:08:07.012
ETH,BUY,0.1000,481020.000,2024-07-06 03:08:07.784
ETH,SELL,0.0134,480502.000,2024-07-06 03:08:15.433
ETH,BUY,0.1000,480704.000,2024-07-06 03:08:33.635
ETH,SELL,0.0100,480500.000,2024-07-06 03:13:37.524
ETH,SELL,0.0129,480500.000,2024-07-06 03:15:05.257
ETH,SELL,0.0100,480500.000,2024-07-06 03:15:05.257
ETH,SELL,0.0103,480200.000,2024-07-06 03:16:05.374
ETH,SELL,0.0117,480200.000,2024-07-06 03:16:05.420
ETH,SELL,0.0019,480000.000,2024-07-06 03:16:05.420
ETH,SELL,0.0100,480000.000,2024-07-06 03:16:10.926
ETH,SELL,0.0110,480000.000,2024-07-06 03:16:15.110
ETH,SELL,1.0420,480000.000,2024-07-06 03:16:15.110
ETH,SELL,0.9468,480000.000,2024-07-06 03:16:15.110
ETH,BUY,0.0400,480002.000,2024-07-06 03:17:17.102
ETH,SELL,0.3124,480001.000,2024-07-06 03:18:19.277
ETH,SELL,2.2400,480001.000,2024-07-06 03:18:56.856
ETH,SELL,1.8600,480001.000,2024-07-06 03:18:56.856
ETH,SELL,0.6148,480001.000,2024-07-06 03:18:56.856
ETH,BUY,0.0600,480002.000,2024-07-06 03:19:09.962
ETH,BUY,0.1500,480211.000,2024-07-06 03:19:09.962
ETH,SELL,1.0000,480002.000,2024-07-06 03:19:11.066
ETH,BUY,0.2500,480095.000,2024-07-06 03:19:13.629
ETH,BUY,0.1800,480269.000,2024-07-06 03:19:29.602
ETH,BUY,0.2000,480356.000,2024-07-06 03:19:37.709
ETH,BUY,0.1700,480443.000,2024-07-06 03:19:58.533
ETH,BUY,0.0800,480443.000,2024-07-06 03:20:23.560
ETH,BUY,0.0229,480500.000,2024-07-06 03:20:44.877
ETH,BUY,0.9732,480762.000,2024-07-06 03:20:44.877
ETH,BUY,0.1500,480791.000,2024-07-06 03:20:45.606
ETH,BUY,0.1000,480791.000,2024-07-06 03:20:45.720
ETH,BUY,0.2100,480849.000,2024-07-06 03:21:40.475
ETH,BUY,0.3520,480555.000,2024-07-06 03:25:02.200
ETH,BUY,0.0300,480501.000,2024-07-06 03:25:41.532
ETH,SELL,0.5200,480500.000,2024-07-06 03:25:52.106
ETH,BUY,0.0100,480315.000,2024-07-06 03:25:58.678
ETH,BUY,0.0900,480007.000,2024-07-06 03:26:27.007
ETH,BUY,0.0100,480001.000,2024-07-06 03:26:35.239
ETH,SELL,0.0100,480000.000,2024-07-06 03:28:31.506
ETH,SELL,0.0432,480000.000,2024-07-06 03:30:20.490
ETH,SELL,0.0300,480000.000,2024-07-06 03:30:20.490
ETH,SELL,0.0800,480000.000,2024-07-06 03:30:20.490
ETH,SELL,0.2100,480000.000,2024-07-06 03:30:20.490
ETH,SELL,0.0200,480000.000,2024-07-06 03:30:20.490
ETH,SELL,0.0100,480000.000,2024-07-06 03:30:20.490
ETH,SELL,0.0229,480000.000,2024-07-06 03:30:20.490
ETH,SELL,0.0839,480000.000,2024-07-06 03:30:20.490
ETH,SELL,0.1000,480000.000,2024-07-06 03:30:27.976
ETH,SELL,0.0161,480000.000,2024-07-06 03:30:34.873
ETH,SELL,0.0200,479829.000,2024-07-06 03:30:35.592
ETH,SELL,0.0229,479500.000,2024-07-06 03:30:35.592
ETH,SELL,0.1571,479065.000,2024-07-06 03:30:35.592
ETH,SELL,0.0290,479063.000,2024-07-06 03:30:38.428
ETH,SELL,0.0242,479109.000,2024-07-06 03:30:43.918
ETH,BUY,0.0900,479370.000,2024-07-06 03:32:03.607
ETH,BUY,0.1000,479573.000,2024-07-06 03:32:59.517
ETH,BUY,0.0700,479631.000,2024-07-06 03:33:32.227
ETH,BUY,0.0700,479398.000,2024-07-06 03:34:07.345
ETH,BUY,0.3070,479593.000,2024-07-06 03:34:07.345
ETH,BUY,1.8735,479612.000,2024-07-06 03:34:07.345
ETH,BUY,0.2495,479618.000,2024-07-06 03:34:07.345
ETH,BUY,0.4000,479718.000,2024-07-06 03:36:11.947
ETH,BUY,0.9957,479718.000,2024-07-06 03:36:12.132
ETH,BUY,0.0300,479776.000,2024-07-06 03:36:35.089
ETH,BUY,0.7065,479966.000,2024-07-06 03:38:47.860
ETH,BUY,0.3345,479979.000,2024-07-06 03:38:47.860
ETH,BUY,0.0229,480000.000,2024-07-06 03:39:45.665
ETH,BUY,0.3771,480095.000,2024-07-06 03:39:45.665
ETH,BUY,0.0200,480182.000,2024-07-06 03:43:24.088
ETH,BUY,0.0100,480385.000,2024-07-06 03:43:32.473
ETH,BUY,0.0229,480500.000,2024-07-06 03:48:16.143
ETH,BUY,0.9681,480588.000,2024-07-06 03:48:16.143
ETH,BUY,0.4000,480617.000,2024-07-06 03:48:16.568
ETH,BUY,0.0100,480617.000,2024-07-06 03:48:16.651
ETH,BUY,0.0100,480791.000,2024-07-06 03:53:03.385
ETH,BUY,0.1500,480820.000,2024-07-06 03:53:48.119
ETH,SELL,0.0800,480386.000,2024-07-06 03:58:38.844
ETH,SELL,0.0202,480346.000,2024-07-06 03:59:30.007
ETH,SELL,0.0626,480349.000,2024-07-06 03:59:35.423
ETH,BUY,0.0160,480414.000,2024-07-06 03:59:47.543
ETH,BUY,0.0205,480414.000,2024-07-06 03:59:48.545
ETH,BUY,0.0800,480616.000,2024-07-06 04:00:04.729
ETH,BUY,0.0800,480617.000,2024-07-06 04:00:04.729
ETH,BUY,0.0100,480604.000,2024-07-06 04:00:16.659
ETH,BUY,1.0000,480646.000,2024-07-06 04:04:08.584
ETH,BUY,0.7800,480675.000,2024-07-06 04:04:08.584
ETH,BUY,0.0121,480511.000,2024-07-06 04:06:04.292
ETH,BUY,0.0100,480551.000,2024-07-06 04:07:07.880
ETH,BUY,0.1142,480552.000,2024-07-06 04:07:10.732
ETH,BUY,0.4000,480552.000,2024-07-06 04:07:11.523
ETH,SELL,0.1000,480500.000,2024-07-06 04:07:54.341
ETH,BUY,0.1000,480305.000,2024-07-06 04:08:45.363
ETH,BUY,0.4200,480347.000,2024-07-06 04:08:45.363
ETH,BUY,0.1000,480305.000,2024-07-06 04:08:53.686
ETH,BUY,0.1000,480356.000,2024-07-06 04:09:16.204
ETH,SELL,0.1000,480305.000,2024-07-06 04:09:18.239
ETH,SELL,0.0299,480305.000,2024-07-06 04:09:26.008
ETH,SELL,0.0201,480305.000,2024-07-06 04:09:29.993
ETH,SELL,0.0700,480304.000,2024-07-06 04:09:29.993
ETH,SELL,0.0200,480000.000,2024-07-06 04:09:32.890
ETH,SELL,0.0229,480000.000,2024-07-06 04:09:32.890
ETH,SELL,0.0500,480000.000,2024-07-06 04:09:32.890
ETH,SELL,0.0071,479850.000,2024-07-06 04:09:32.890
ETH,SELL,0.0129,479850.000,2024-07-06 04:10:28.314
ETH,BUY,0.0100,479655.000,2024-07-06 04:11:37.172
ETH,BUY,0.0200,479892.000,2024-07-06 04:14:18.529
ETH,BUY,0.1000,480008.000,2024-07-06 04:14:31.985
ETH,BUY,0.0200,480124.000,2024-07-06 04:14:50.701
ETH,BUY,0.0300,480153.000,2024-07-06 04:14:52.110
ETH,BUY,0.0200,480240.000,2024-07-06 04:14:55.491
ETH,BUY,0.0100,480269.000,2024-07-06 04:14:57.086
ETH,BUY,0.1000,479964.000,2024-07-06 04:19:19.493
ETH,BUY,0.6964,479734.000,2024-07-06 04:19:41.611
ETH,BUY,0.1000,480035.000,2024-07-06 04:19:41.611
ETH,BUY,0.3036,480037.000,2024-07-06 04:19:41.611
ETH,BUY,0.1000,480037.000,2024-07-06 04:19:42.318
ETH,SELL,0.0229,479500.000,2024-07-06 04:19:51.918
ETH,SELL,0.0055,479431.000,2024-07-06 04:19:51.918
ETH,BUY,0.0100,479631.000,2024-07-06 04:20:45.648
ETH,BUY,0.1000,479776.000,2024-07-06 04:21:42.083
ETH,SELL,1.0000,479738.000,2024-07-06 04:22:23.154
ETH,SELL,0.0429,479800.000,2024-07-06 04:22:41.272
ETH,SELL,1.8700,479797.000,2024-07-06 04:22:41.272
ETH,SELL,0.0871,479796.000,2024-07-06 04:22:41.272
ETH,SELL,0.7800,479796.000,2024-07-06 04:22:53.197
ETH,SELL,0.2000,479795.000,2024-07-06 04:22:53.197
ETH,SELL,0.0200,479776.000,2024-07-06 04:22:53.197
ETH,SELL,0.0100,479775.000,2024-07-06 04:23:04.915
ETH,SELL,0.1000,479738.000,2024-07-06 04:23:04.915
ETH,SELL,0.1000,479589.000,2024-07-06 04:23:04.915
ETH,SELL,0.7900,479479.000,2024-07-06 04:23:04.915
ETH,SELL,0.1000,479599.000,2024-07-06 04:23:16.324
ETH,SELL,0.9000,479151.000,2024-07-06 04:23:16.324
ETH,BUY,0.0500,479391.000,2024-07-06 04:24:25.010
ETH,SELL,0.1000,479389.000,2024-07-06 04:24:42.276
ETH,SELL,0.1000,479160.000,2024-07-06 04:24:42.276
ETH,SELL,0.0100,479129.000,2024-07-06 04:24:42.276
ETH,SELL,0.0230,479000.000,2024-07-06 04:24:42.276
ETH,SELL,0.3000,479000.000,2024-07-06 04:24:42.276
ETH,SELL,0.4670,479000.000,2024-07-06 04:24:42.276
ETH,BUY,0.0100,479337.000,2024-07-06 04:24:51.001
ETH,SELL,0.1000,479319.000,2024-07-06 04:24:52.631
ETH,SELL,0.0100,479252.000,2024-07-06 04:24:52.631
ETH,SELL,0.0330,479000.000,2024-07-06 04:24:52.631
ETH,SELL,0.0100,479000.000,2024-07-06 04:24:52.631
ETH,SELL,0.0100,478988.000,2024-07-06 04:24:52.631
ETH,SELL,0.1000,478802.000,2024-07-06 04:24:52.631
ETH,SELL,0.7370,478801.000,2024-07-06 04:24:52.631
ETH,BUY,0.1000,478802.000,2024-07-06 04:24:56.971
ETH,SELL,0.0100,478826.000,2024-07-06 04:24:59.303
ETH,SELL,0.1000,478802.000,2024-07-06 04:24:59.303
ETH,SELL,0.4000,478801.000,2024-07-06 04:24:59.303
ETH,SELL,0.4900,478773.000,2024-07-06 04:24:59.303
ETH,SELL,0.4000,478792.000,2024-07-06 04:25:05.912
ETH,SELL,0.6000,478688.000,2024-07-06 04:25:05.912
ETH,BUY,0.1000,478790.000,2024-07-06 04:25:07.283
ETH,SELL,0.4000,478611.000,2024-07-06 04:25:12.394
ETH,SELL,0.0100,478567.000,2024-07-06 04:25:12.394
ETH,SELL,0.5900,478531.000,2024-07-06 04:25:12.394
ETH,BUY,0.0291,478935.000,2024-07-06 04:25:12.430
ETH,SELL,0.4000,478521.000,2024-07-06 04:25:18.879
ETH,SELL,0.0230,478500.000,2024-07-06 04:25:18.879
ETH,SELL,0.1000,478332.000,2024-07-06 04:25:18.879
ETH,SELL,0.4770,478331.000,2024-07-06 04:25:18.879
ETH,SELL,0.0100,478544.000,2024-07-06 04:25:25.118
ETH,SELL,0.4000,478542.000,2024-07-06 04:25:25.118
ETH,SELL,0.1000,478469.000,2024-07-06 04:25:25.118
ETH,SELL,0.4900,478468.000,2024-07-06 04:25:25.118
ETH,SELL,0.4000,478570.000,2024-07-06 04:25:31.949
ETH,SELL,0.5000,478550.000,2024-07-06 04:25:31.949
ETH,SELL,0.1000,478384.000,2024-07-06 04:25:31.949
ETH,SELL,1.0000,478280.000,2024-07-06 04:25:38.880
ETH,BUY,0.0100,478500.000,2024-07-06 04:25:46.911
ETH,BUY,0.1000,478529.000,2024-07-06 04:25:51.613
ETH,SELL,1.0000,478368.000,2024-07-06 04:25:53.792
ETH,SELL,0.4000,478367.000,2024-07-06 04:26:00.462
ETH,SELL,0.1437,478194.000,2024-07-06 04:26:00.462
ETH,SELL,0.0100,478181.000,2024-07-06 04:26:00.462
ETH,SELL,0.4463,478164.000,2024-07-06 04:26:00.462
ETH,BUY,0.5000,478219.000,2024-07-06 04:26:03.101
ETH,BUY,0.5000,478219.000,2024-07-06 04:26:03.299
ETH,SELL,1.0000,478224.000,2024-07-06 04:26:07.566
ETH,BUY,0.0891,478225.000,2024-07-06 04:26:08.528
ETH,BUY,0.0119,478240.000,2024-07-06 04:26:08.933
ETH,SELL,1.0000,478237.000,2024-07-06 04:26:13.901
ETH,SELL,0.4000,478237.000,2024-07-06 04:26:19.662
ETH,SELL,0.2000,478150.000,2024-07-06 04:26:19.662
ETH,SELL,0.4000,478149.000,2024-07-06 04:26:19.662
ETH,BUY,1.0000,478493.000,2024-07-06 04:26:25.197
ETH,BUY,5.0000,478529.000,2024-07-06 04:26:25.197
ETH,BUY,0.1000,478586.000,2024-07-06 04:26:25.197
ETH,BUY,0.7267,478616.000,2024-07-06 04:26:25.197
ETH,SELL,1.0000,478150.000,2024-07-06 04:26:26.783
ETH,SELL,0.1000,478149.000,2024-07-06 04:26:33.654
ETH,SELL,0.4000,478149.000,2024-07-06 04:26:33.654
ETH,SELL,0.5000,478093.000,2024-07-06 04:26:33.654
ETH,BUY,0.0166,478094.000,2024-07-06 04:26:37.902
ETH,SELL,0.5000,478093.000,2024-07-06 04:26:40.864
ETH,SELL,0.4000,478093.000,2024-07-06 04:26:40.864
ETH,SELL,0.1000,478009.000,2024-07-06 04:26:40.864
ETH,BUY,0.0208,478095.000,2024-07-06 04:26:42.284
ETH,SELL,1.0000,478095.000,2024-07-06 04:26:46.975
ETH,SELL,1.0000,478095.000,2024-07-06 04:26:52.367
ETH,SELL,1.0000,478095.000,2024-07-06 04:26:57.682
ETH,SELL,1.0000,478119.000,2024-07-06 04:27:03.338
ETH,SELL,1.0000,478129.000,2024-07-06 04:27:08.813
ETH,SELL,0.4000,478077.000,2024-07-06 04:27:14.801
ETH,SELL,0.6000,478062.000,2024-07-06 04:27:14.801
ETH,SELL,1.0000,478026.000,2024-07-06 04:27:20.799
ETH,SELL,1.0000,478059.000,2024-07-06 04:27:26.008
ETH,SELL,0.4000,478023.000,2024-07-06 04:27:32.503
ETH,SELL,0.6000,478013.000,2024-07-06 04:27:32.503
ETH,SELL,0.4000,478013.000,2024-07-06 04:27:33.340
ETH,SELL,0.5000,478014.000,2024-07-06 04:27:38.955
ETH,BUY,0.0288,478016.000,2024-07-06 04:27:41.291
ETH,BUY,0.4661,478255.000,2024-07-06 04:28:10.164
ETH,BUY,0.1999,478255.000,2024-07-06 04:28:10.617
ETH,BUY,0.3340,478255.000,2024-07-06 04:28:10.757
ETH,BUY,0.6660,478539.000,2024-07-06 04:28:10.757
ETH,BUY,0.3340,478539.000,2024-07-06 04:28:11.513
ETH,BUY,0.0660,478607.000,2024-07-06 04:28:11.513
ETH,BUY,0.1000,478379.000,2024-07-06 04:28:12.016
ETH,BUY,0.3000,478546.000,2024-07-06 04:28:16.259
ETH,BUY,1.0000,478819.000,2024-07-06 04:29:38.318
ETH,BUY,0.0254,478970.000,2024-07-06 04:30:16.870
ETH,BUY,0.0054,478971.000,2024-07-06 04:30:16.870
ETH,BUY,0.0240,478971.000,2024-07-06 04:30:18.941
ETH,BUY,0.0500,478812.000,2024-07-06 04:31:04.204
ETH,BUY,0.0360,478460.000,2024-07-06 04:32:56.427
ETH,BUY,0.0780,478431.000,2024-07-06 04:33:10.180
ETH,BUY,0.0779,478435.000,2024-07-06 04:33:12.142
ETH,BUY,0.0360,478541.000,2024-07-06 04:34:22.905
ETH,BUY,1.0000,478542.000,2024-07-06 04:34:22.905
ETH,BUY,1.7846,478557.000,2024-07-06 04:34:22.905
ETH,BUY,1.7992,478557.000,2024-07-06 04:34:22.905
ETH,BUY,0.6802,478558.000,2024-07-06 04:34:22.905
ETH,BUY,0.1000,478401.000,2024-07-06 04:36:45.897
ETH,BUY,0.0500,478401.000,2024-07-06 04:36:45.897
ETH,BUY,0.0500,478401.000,2024-07-06 04:38:22.145
ETH,SELL,0.0100,478400.000,2024-07-06 04:40:02.581
ETH,SELL,1.3268,478154.000,2024-07-06 04:40:02.581
ETH,SELL,0.3832,478005.000,2024-07-06 04:40:02.581
ETH,BUY,0.0300,478044.000,2024-07-06 04:41:14.894
ETH,BUY,0.0100,478040.000,2024-07-06 04:41:22.106
ETH,BUY,0.0200,478040.000,2024-07-06 04:41:28.608
ETH,BUY,0.3400,478068.000,2024-07-06 04:41:38.602
ETH,SELL,0.0230,478000.000,2024-07-06 04:41:57.851
ETH,SELL,0.0100,478000.000,2024-07-06 04:41:57.851
ETH,SELL,0.0410,477985.000,2024-07-06 04:41:57.851
ETH,BUY,0.0300,478036.000,2024-07-06 04:42:01.652
ETH,BUY,0.0100,478065.000,2024-07-06 04:42:05.083
ETH,BUY,0.0200,478148.000,2024-07-06 04:42:10.144
ETH,BUY,0.0100,478094.000,2024-07-06 04:43:33.834
ETH,BUY,0.0100,478016.000,2024-07-06 04:44:20.483
ETH,BUY,0.0500,478133.000,2024-07-06 04:44:53.772
ETH,BUY,0.0400,478151.000,2024-07-06 04:45:07.501
ETH,BUY,0.0200,478236.000,2024-07-06 04:45:30.520
ETH,BUY,0.0300,478181.000,2024-07-06 04:46:23.146
ETH,BUY,0.0100,478294.000,2024-07-06 04:48:31.169
ETH,BUY,0.1900,478295.000,2024-07-06 04:48:31.169
ETH,BUY,5.0000,478297.000,2024-07-06 04:48:31.169
ETH,BUY,1.3269,478348.000,2024-07-06 04:48:31.169
ETH,BUY,0.3031,478355.000,2024-07-06 04:48:31.169
ETH,BUY,0.2000,478384.000,2024-07-06 04:48:47.008
ETH,BUY,0.1000,478300.000,2024-07-06 04:49:07.594
ETH,BUY,0.0450,478182.000,2024-07-06 04:51:00.061
ETH,SELL,0.5000,478181.000,2024-07-06 04:53:05.730
ETH,SELL,0.5000,478181.000,2024-07-06 04:53:06.206
ETH,SELL,0.0200,478000.000,2024-07-06 04:53:18.078
ETH,SELL,0.0200,478000.000,2024-07-06 04:53:18.078
ETH,SELL,0.2829,477890.000,2024-07-06 04:53:18.451
ETH,BUY,0.0480,477889.000,2024-07-06 04:54:26.044
ETH,SELL,0.0100,477888.000,2024-07-06 04:54:41.194
ETH,SELL,0.6182,477814.000,2024-07-06 04:54:41.194
ETH,SELL,0.0476,477790.000,2024-07-06 04:55:08.928
ETH,BUY,0.0524,477791.000,2024-07-06 04:56:59.308
ETH,SELL,0.0458,477700.000,2024-07-06 04:57:09.928
ETH,SELL,0.0542,477700.000,2024-07-06 05:00:43.461
ETH,SELL,0.1040,477700.000,2024-07-06 05:00:43.461
ETH,SELL,0.0230,477500.000,2024-07-06 05:00:43.461
ETH,SELL,0.2400,477400.000,2024-07-06 05:00:43.461
ETH,SELL,0.0430,477300.000,2024-07-06 05:00:43.461
ETH,SELL,0.1832,477300.000,2024-07-06 05:00:43.461
ETH,BUY,0.4000,477580.000,2024-07-06 05:03:48.532
ETH,BUY,0.0500,477578.000,2024-07-06 05:03:50.929
ETH,BUY,0.0600,477832.000,2024-07-06 05:04:14.102
ETH,BUY,0.0200,477927.000,2024-07-06 05:07:39.177
ETH,BUY,1.0000,477822.000,2024-07-06 05:07:59.082
ETH,BUY,0.6000,477998.000,2024-07-06 05:08:02.341
ETH,BUY,0.4000,477998.000,2024-07-06 05:08:02.437
ETH,BUY,0.0230,478000.000,2024-07-06 05:08:02.437
ETH,SELL,0.2000,477705.000,2024-07-06 05:18:21.424
ETH,SELL,0.8310,477701.000,2024-07-06 05:18:21.424
ETH,BUY,0.4000,477763.000,2024-07-06 05:19:39.616
ETH,BUY,0.0148,478030.000,2024-07-06 05:19:44.768
ETH,BUY,0.2000,478348.000,2024-07-06 05:20:58.832
ETH,BUY,0.0608,478144.000,2024-07-06 05:21:20.782
ETH,BUY,0.0110,478500.000,2024-07-06 05:22:29.869
ETH,BUY,0.0120,478500.000,2024-07-06 05:22:57.885
ETH,BUY,0.0100,478653.000,2024-07-06 05:23:03.138
ETH,BUY,0.5000,478895.000,2024-07-06 05:23:21.508
ETH,BUY,0.8000,478937.000,2024-07-06 05:23:24.081
ETH,BUY,0.0100,478937.000,2024-07-06 05:23:24.163
ETH,BUY,0.4000,478858.000,2024-07-06 05:24:59.999
ETH,BUY,0.0230,479000.000,2024-07-06 05:25:15.919
ETH,BUY,0.6182,479053.000,2024-07-06 05:25:15.919
ETH,BUY,0.3588,479088.000,2024-07-06 05:25:15.919
ETH,BUY,0.0100,479086.000,2024-07-06 05:25:19.371
ETH,BUY,0.0200,479193.000,2024-07-06 05:25:37.452
ETH,BUY,0.1000,479152.000,2024-07-06 05:28:43.113
ETH,BUY,0.3500,479152.000,2024-07-06 05:28:50.807
ETH,BUY,0.0340,479152.000,2024-07-06 05:29:24.960
ETH,BUY,1.0000,479297.000,2024-07-06 05:31:58.981
ETH,BUY,0.1840,479496.000,2024-07-06 05:31:58.981
ETH,BUY,0.3660,479496.000,2024-07-06 05:31:58.981
ETH,BUY,0.0230,479500.000,2024-07-06 05:32:05.868
ETH,BUY,0.0780,479555.000,2024-07-06 05:32:05.868
ETH,BUY,0.0490,479735.000,2024-07-06 05:32:05.868
ETH,BUY,0.0100,479693.000,2024-07-06 05:32:11.032
ETH,SELL,0.1250,479693.000,2024-07-06 05:32:55.815
ETH,SELL,0.0750,479636.000,2024-07-06 05:32:55.815
ETH,BUY,0.0100,479810.000,2024-07-06 05:32:59.238
ETH,SELL,0.5000,479423.000,2024-07-06 05:33:08.823
ETH,BUY,1.0000,479219.000,2024-07-06 05:33:25.723
ETH,BUY,0.8700,479251.000,2024-07-06 05:33:29.215
ETH,BUY,0.1300,479251.000,2024-07-06 05:33:29.257
ETH,BUY,0.0250,479729.000,2024-07-06 05:34:41.416
ETH,BUY,0.2800,479865.000,2024-07-06 05:35:08.671
ETH,BUY,0.1000,479674.000,2024-07-06 05:36:13.420
ETH,BUY,0.1100,479319.000,2024-07-06 05:41:46.653
ETH,BUY,0.0600,479098.000,2024-07-06 05:42:06.495
ETH,BUY,0.0500,479112.000,2024-07-06 05:42:32.508
ETH,BUY,0.2000,479124.000,2024-07-06 05:44:48.110
ETH,BUY,0.0550,479039.000,2024-07-06 05:45:09.840
ETH,SELL,0.0126,479000.000,2024-07-06 05:46:02.021
ETH,SELL,0.0104,479000.000,2024-07-06 05:46:50.915
ETH,SELL,0.0163,479000.000,2024-07-06 05:46:50.915
ETH,BUY,0.0750,479193.000,2024-07-06 05:51:33.710
ETH,BUY,0.9250,479194.000,2024-07-06 05:51:33.710
ETH,BUY,0.1010,479152.000,2024-07-06 05:53:21.347
ETH,BUY,0.0100,479155.000,2024-07-06 05:53:53.320
ETH,BUY,0.1200,479181.000,2024-07-06 05:54:24.929
ETH,BUY,0.3800,479181.000,2024-07-06 05:54:24.929
ETH,SELL,0.0100,479000.000,2024-07-06 05:58:54.040
ETH,BUY,0.0100,479136.000,2024-07-06 05:58:55.314
ETH,SELL,0.0228,479136.000,2024-07-06 06:00:32.502
ETH,SELL,0.0404,479136.000,2024-07-06 06:01:09.427
ETH,SELL,0.1200,479199.000,2024-07-06 06:03:11.881
ETH,BUY,0.0100,479438.000,2024-07-06 06:04:51.610
ETH,BUY,0.3100,479464.000,2024-07-06 06:08:58.464
ETH,BUY,0.0230,479500.000,2024-07-06 06:09:52.534
ETH,BUY,0.0200,479900.000,2024-07-06 06:10:44.317
ETH,BUY,0.0100,479936.000,2024-07-06 06:11:03.383
ETH,BUY,0.0200,479632.000,2024-07-06 06:11:52.661
ETH,BUY,0.1038,479859.000,2024-07-06 06:13:12.722
ETH,BUY,0.0229,480000.000,2024-07-06 06:14:41.620
ETH,BUY,0.0221,480000.000,2024-07-06 06:14:41.620
ETH,BUY,0.0100,479997.000,2024-07-06 06:15:18.772
ETH,BUY,0.2084,479961.000,2024-07-06 06:15:20.152
ETH,BUY,0.4000,479791.000,2024-07-06 06:15:47.115
ETH,BUY,0.0571,479791.000,2024-07-06 06:15:47.824
ETH,BUY,0.0243,480000.000,2024-07-06 06:16:11.817
ETH,BUY,0.1536,480000.000,2024-07-06 06:16:11.865
ETH,BUY,0.2464,480060.000,2024-07-06 06:16:11.865
ETH,BUY,0.0100,480100.000,2024-07-06 06:16:17.554
ETH,BUY,0.0330,480100.000,2024-07-06 06:16:44.552
ETH,SELL,0.0340,480482.000,2024-07-06 06:18:12.295
ETH,BUY,0.4000,480385.000,2024-07-06 06:18:18.032
ETH,SELL,0.0700,480499.000,2024-07-06 06:20:18.120
ETH,SELL,0.1000,480380.000,2024-07-06 06:20:18.120
ETH,SELL,0.1000,480367.000,2024-07-06 06:20:18.120
ETH,SELL,0.7300,480349.000,2024-07-06 06:20:18.120
ETH,BUY,0.0229,480500.000,2024-07-06 06:21:03.595
ETH,BUY,0.0200,480500.000,2024-07-06 06:21:03.595
ETH,BUY,0.1200,480581.000,2024-07-06 06:21:03.595
ETH,BUY,0.2371,480662.000,2024-07-06 06:21:03.595
ETH,BUY,0.0213,481000.000,2024-07-06 06:21:48.332
ETH,BUY,0.0016,481000.000,2024-07-06 06:21:48.411
ETH,BUY,0.0084,481050.000,2024-07-06 06:21:48.411
ETH,BUY,0.0016,481050.000,2024-07-06 06:22:25.825
ETH,BUY,0.0084,481107.000,2024-07-06 06:22:25.825
ETH,BUY,0.0100,481359.000,2024-07-06 06:23:02.057
ETH,BUY,0.0250,481075.000,2024-07-06 06:28:39.435
ETH,SELL,0.0330,481444.000,2024-07-06 06:30:54.436
ETH,BUY,0.1300,481461.000,2024-07-06 06:31:15.938
ETH,BUY,0.0229,481500.000,2024-07-06 06:32:15.859
ETH,BUY,0.0228,482000.000,2024-07-06 06:36:45.322
ETH,BUY,0.5000,482199.000,2024-07-06 06:37:32.597
ETH,SELL,0.1076,482163.000,2024-07-06 06:38:11.926
ETH,BUY,0.1000,482199.000,2024-07-06 06:38:21.314
ETH,BUY,0.3000,482300.000,2024-07-06 06:38:21.314
ETH,BUY,0.1186,482478.000,2024-07-06 06:38:21.314
ETH,BUY,0.5000,482380.000,2024-07-06 06:38:44.148
ETH,SELL,0.0670,482241.000,2024-07-06 06:40:58.167
ETH,SELL,0.0330,482147.000,2024-07-06 06:40:58.167
ETH,SELL,0.1000,482184.000,2024-07-06 06:41:09.762
ETH,SELL,0.0108,482499.000,2024-07-06 06:42:05.451
ETH,SELL,0.1000,482499.000,2024-07-06 06:42:10.064
ETH,SELL,0.6300,482499.000,2024-07-06 06:42:32.968
ETH,BUY,0.0187,482500.000,2024-07-06 06:42:40.539
ETH,BUY,0.0021,482500.000,2024-07-06 06:42:54.420
ETH,SELL,0.1000,482811.000,2024-07-06 06:42:57.515
ETH,BUY,0.5000,482837.000,2024-07-06 06:43:01.281
ETH,SELL,0.1000,482444.000,2024-07-06 06:44:56.084
ETH,SELL,0.1000,482344.000,2024-07-06 06:45:17.468
ETH,BUY,0.0330,482512.000,2024-07-06 06:45:46.272
ETH,BUY,0.6670,482512.000,2024-07-06 06:45:46.272
ETH,BUY,0.0240,482452.000,2024-07-06 06:45:47.373
ETH,SELL,0.1000,482200.000,2024-07-06 06:45:50.301
ETH,SELL,1.0000,481337.000,2024-07-06 06:49:01.470
ETH,SELL,0.0100,481286.000,2024-07-06 06:49:01.470
ETH,BUY,0.4899,481286.000,2024-07-06 06:51:28.994
ETH,BUY,0.2836,481362.000,2024-07-06 06:52:05.327
ETH,BUY,0.2650,481399.000,2024-07-06 06:52:05.327
ETH,BUY,0.9514,481500.000,2024-07-06 06:52:05.327
ETH,BUY,0.0210,481684.000,2024-07-06 06:52:43.594
ETH,BUY,0.0100,481684.000,2024-07-06 06:53:19.324
ETH,BUY,0.0200,481684.000,2024-07-06 06:58:19.608
ETH,BUY,0.0490,481684.000,2024-07-06 06:58:56.693
ETH,BUY,0.0271,482177.000,2024-07-06 06:59:42.922
ETH,BUY,0.0499,482215.000,2024-07-06 07:02:05.368
ETH,BUY,0.4000,482700.000,2024-07-06 07:04:39.696
ETH,BUY,0.0104,483000.000,2024-07-06 07:05:05.084
ETH,BUY,0.0213,483000.000,2024-07-06 07:05:12.936
ETH,BUY,0.0683,483000.000,2024-07-06 07:05:19.515
ETH,BUY,0.0420,483200.000,2024-07-06 07:05:24.175
ETH,BUY,0.0106,483800.000,2024-07-06 07:05:47.237
ETH,BUY,0.2894,483800.000,2024-07-06 07:05:49.030
ETH,BUY,0.0100,483936.000,2024-07-06 07:05:53.222
ETH,BUY,0.0130,484000.000,2024-07-06 07:05:59.135
ETH,BUY,1.0000,484064.000,2024-07-06 07:06:17.866
ETH,BUY,0.3750,484307.000,2024-07-06 07:08:27.408
ETH,BUY,0.0200,484307.000,2024-07-06 07:08:27.471
ETH,BUY,0.0200,484307.000,2024-07-06 07:08:27.532
ETH,BUY,0.3375,484307.000,2024-07-06 07:08:27.534
ETH,BUY,0.0200,484307.000,2024-07-06 07:08:27.597
ETH,BUY,0.4475,484307.000,2024-07-06 07:08:29.412
ETH,BUY,0.2895,484343.000,2024-07-06 07:08:29.412
ETH,BUY,0.1510,484790.000,2024-07-06 07:08:29.412
ETH,BUY,0.1120,484792.000,2024-07-06 07:08:29.412
ETH,BUY,0.5000,484009.000,2024-07-06 07:09:13.316
ETH,BUY,0.0400,485017.000,2024-07-06 07:09:55.082
ETH,SELL,0.1000,484433.000,2024-07-06 07:10:26.307
ETH,BUY,1.0000,484683.000,2024-07-06 07:11:01.429
ETH,BUY,0.2887,484869.000,2024-07-06 07:11:01.429
ETH,BUY,2.3000,485112.000,2024-07-06 07:11:01.429
ETH,BUY,0.3000,485200.000,2024-07-06 07:11:01.429
ETH,BUY,0.2521,485228.000,2024-07-06 07:11:01.429
ETH,BUY,0.0200,484341.000,2024-07-06 07:11:27.661
ETH,BUY,0.0500,484341.000,2024-07-06 07:11:46.621
ETH,BUY,0.1000,484486.000,2024-07-06 07:13:38.978
ETH,BUY,0.0501,484707.000,2024-07-06 07:13:38.978
ETH,BUY,0.0187,484726.000,2024-07-06 07:13:38.978
ETH,BUY,0.0312,485460.000,2024-07-06 07:13:38.978
ETH,BUY,0.1000,484818.000,2024-07-06 07:15:18.111
ETH,BUY,0.0200,485663.000,2024-07-06 07:15:18.111
ETH,BUY,0.8800,485692.000,2024-07-06 07:15:18.111
ETH,BUY,0.1000,485740.000,2024-07-06 07:15:43.625
ETH,SELL,0.0100,484950.000,2024-07-06 07:16:16.655
ETH,BUY,1.0000,485228.000,2024-07-06 07:18:13.272
ETH,BUY,0.8500,485502.000,2024-07-06 07:18:27.601
ETH,BUY,0.1500,485502.000,2024-07-06 07:18:28.122
ETH,BUY,0.0300,485888.000,2024-07-06 07:19:47.017
ETH,SELL,0.0100,485630.000,2024-07-06 07:19:58.286
ETH,BUY,0.0100,485882.000,2024-07-06 07:22:19.091
ETH,BUY,0.0610,485856.000,2024-07-06 07:22:28.247
ETH,BUY,0.2030,485621.000,2024-07-06 07:23:07.114
ETH,BUY,0.0174,485450.000,2024-07-06 07:23:24.049
ETH,BUY,0.0103,485000.000,2024-07-06 07:24:05.731
ETH,BUY,0.4000,485000.000,2024-07-06 07:24:21.587
ETH,BUY,0.1000,485000.000,2024-07-06 07:24:23.113
ETH,SELL,0.1000,484945.000,2024-07-06 07:24:41.174
ETH,BUY,0.1000,485000.000,2024-07-06 07:25:28.484
ETH,SELL,0.1000,484999.000,2024-07-06 07:25:37.560
ETH,BUY,0.0950,484978.000,2024-07-06 07:26:12.334
ETH,BUY,0.0359,484764.000,2024-07-06 07:30:34.781
ETH,BUY,0.0097,485000.000,2024-07-06 07:32:01.440
ETH,BUY,0.3700,484752.000,2024-07-06 07:33:05.381
ETH,BUY,0.6300,484752.000,2024-07-06 07:33:06.308
ETH,SELL,0.4030,484732.000,2024-07-06 07:33:40.918
ETH,BUY,0.0650,485284.000,2024-07-06 07:34:10.449
ETH,BUY,0.0400,485058.000,2024-07-06 07:35:40.695
ETH,BUY,0.0115,485490.000,2024-07-06 07:36:03.554
ETH,BUY,0.4894,485056.000,2024-07-06 07:36:33.063
ETH,BUY,0.2500,485056.000,2024-07-06 07:36:33.548
ETH,BUY,0.0600,485316.000,2024-07-06 07:37:16.296
ETH,BUY,0.0100,485447.000,2024-07-06 07:37:59.518
ETH,BUY,0.0100,485739.000,2024-07-06 07:38:50.278
ETH,BUY,0.0100,485745.000,2024-07-06 07:39:18.850
ETH,BUY,0.1250,485177.000,2024-07-06 07:41:01.909
ETH,BUY,0.2519,485205.000,2024-07-06 07:42:12.770
ETH,BUY,0.1250,485039.000,2024-07-06 07:44:32.831
ETH,BUY,0.1500,484152.000,2024-07-06 07:47:24.746
ETH,SELL,1.0000,484149.000,2024-07-06 07:47:50.596
ETH,BUY,0.4120,484149.000,2024-07-06 07:53:33.960
ETH,BUY,0.0880,484192.000,2024-07-06 07:53:33.960
ETH,BUY,0.0200,484377.000,2024-07-06 07:57:06.503
ETH,BUY,0.0205,484299.000,2024-07-06 08:00:12.330
ETH,BUY,0.0205,484296.000,2024-07-06 08:00:22.384
ETH,BUY,0.0206,484249.000,2024-07-06 08:00:32.394
ETH,BUY,0.0206,484299.000,2024-07-06 08:01:12.452
ETH,BUY,0.0205,484305.000,2024-07-06 08:01:22.343
ETH,BUY,0.0206,484290.000,2024-07-06 08:02:02.265
ETH,SELL,0.0150,484000.000,2024-07-06 08:04:36.110
ETH,SELL,0.0422,484000.000,2024-07-06 08:05:15.459
ETH,SELL,0.0321,484000.000,2024-07-06 08:05:19.792
ETH,SELL,0.0007,484000.000,2024-07-06 08:05:20.537
ETH,SELL,0.0100,484000.000,2024-07-06 08:05:20.537
ETH,SELL,0.0093,484000.000,2024-07-06 08:05:20.537
ETH,SELL,0.0907,484000.000,2024-07-06 08:05:27.371
ETH,SELL,0.9493,483505.000,2024-07-06 08:05:27.371
ETH,SELL,0.0100,483505.000,2024-07-06 08:05:27.466
ETH,BUY,0.2000,483745.000,2024-07-06 08:05:36.792
ETH,BUY,0.1000,483668.000,2024-07-06 08:05:49.139
ETH,SELL,1.8700,483534.000,2024-07-06 08:07:01.328
ETH,SELL,0.1300,483501.000,2024-07-06 08:07:01.328
ETH,BUY,0.2000,483778.000,2024-07-06 08:07:14.971
ETH,SELL,0.1000,483900.000,2024-07-06 08:07:39.064
ETH,BUY,0.0500,483899.000,2024-07-06 08:07:59.617
ETH,SELL,0.0100,483680.000,2024-07-06 08:10:06.477
ETH,BUY,0.1000,483893.000,2024-07-06 08:11:12.441
ETH,BUY,0.0300,483535.000,2024-07-06 08:12:06.583
ETH,BUY,0.0500,483604.000,2024-07-06 08:17:07.045
ETH,BUY,0.0500,483604.000,2024-07-06 08:17:56.877
ETH,BUY,0.0100,483943.000,2024-07-06 08:18:10.299
ETH,BUY,0.0700,483959.000,2024-07-06 08:19:20.589
ETH,BUY,1.0000,484127.000,2024-07-06 08:20:25.591
ETH,BUY,0.5800,484147.000,2024-07-06 08:20:27.741
ETH,BUY,0.4200,484147.000,2024-07-06 08:20:28.797
ETH,BUY,0.0400,484169.000,2024-07-06 08:20:31.208
ETH,BUY,0.0900,484169.000,2024-07-06 08:20:31.388
ETH,BUY,0.1000,484232.000,2024-07-06 08:20:40.073
ETH,BUY,0.0104,484337.000,2024-07-06 08:21:54.140
ETH,BUY,0.0100,484701.000,2024-07-06 08:22:11.100
ETH,BUY,0.0200,484839.000,2024-07-06 08:23:57.194
ETH,BUY,0.1000,484879.000,2024-07-06 08:24:00.605
ETH,BUY,0.2000,484930.000,2024-07-06 08:24:34.350
ETH,BUY,0.2000,484976.000,2024-07-06 08:24:46.118
ETH,BUY,0.1900,484996.000,2024-07-06 08:25:02.376
ETH,BUY,0.2000,484987.000,2024-07-06 08:25:04.323
ETH,BUY,0.0700,484947.000,2024-07-06 08:25:27.305
ETH,BUY,0.0100,484866.000,2024-07-06 08:25:40.218
ETH,BUY,0.3200,484881.000,2024-07-06 08:26:09.372
ETH,BUY,0.2819,484880.000,2024-07-06 08:26:10.131
ETH,BUY,0.1181,484988.000,2024-07-06 08:26:10.131
ETH,BUY,0.0100,485000.000,2024-07-06 08:26:17.700
ETH,BUY,0.0007,485316.000,2024-07-06 08:26:17.700
ETH,BUY,0.0100,485356.000,2024-07-06 08:26:18.623
ETH,BUY,0.2000,485356.000,2024-07-06 08:26:19.773
ETH,BUY,0.1000,485259.000,2024-07-06 08:26:47.150
ETH,BUY,0.0500,484983.000,2024-07-06 08:27:12.008
ETH,BUY,0.4693,485319.000,2024-07-06 08:27:13.138
ETH,BUY,0.0307,485371.000,2024-07-06 08:27:13.138
ETH,BUY,0.1000,485395.000,2024-07-06 08:27:21.599
ETH,BUY,0.2000,485436.000,2024-07-06 08:27:44.789
ETH,BUY,0.3200,485539.000,2024-07-06 08:28:36.317
ETH,BUY,0.4000,485193.000,2024-07-06 08:28:36.605
ETH,SELL,0.1000,485312.000,2024-07-06 08:28:46.267
ETH,SELL,0.3953,485311.000,2024-07-06 08:28:46.267
ETH,BUY,0.0100,485587.000,2024-07-06 08:29:32.070
ETH,BUY,0.0200,485336.000,2024-07-06 08:30:26.692
ETH,BUY,0.0600,485195.000,2024-07-06 08:30:40.873
ETH,BUY,0.0100,485045.000,2024-07-06 08:34:40.011
ETH,BUY,0.0600,485580.000,2024-07-06 08:36:37.587
ETH,BUY,0.3953,485581.000,2024-07-06 08:36:37.587
ETH,BUY,0.0447,485655.000,2024-07-06 08:36:37.587
ETH,BUY,0.5000,485646.000,2024-07-06 08:36:50.379
ETH,BUY,0.2000,485592.000,2024-07-06 08:37:14.143
ETH,BUY,0.1000,485571.000,2024-07-06 08:37:23.769
ETH,BUY,0.4120,485281.000,2024-07-06 08:38:39.011
ETH,SELL,0.1922,485250.000,2024-07-06 08:38:51.306
ETH,SELL,0.0434,485250.000,2024-07-06 08:39:10.583
ETH,SELL,0.0240,485250.000,2024-07-06 08:39:19.331
ETH,SELL,0.0159,485250.000,2024-07-06 08:39:23.025
ETH,SELL,0.0267,485250.000,2024-07-06 08:39:24.840
ETH,SELL,0.6228,485250.000,2024-07-06 08:39:26.996
ETH,SELL,0.1000,485217.000,2024-07-06 08:39:27.613
ETH,SELL,0.0114,485000.000,2024-07-06 08:39:28.417
ETH,SELL,0.0086,485000.000,2024-07-06 08:39:32.151
ETH,SELL,0.0037,485000.000,2024-07-06 08:39:32.151
ETH,SELL,0.0375,485000.000,2024-07-06 08:39:33.956
ETH,SELL,0.0200,484800.000,2024-07-06 08:42:37.177
ETH,SELL,0.0042,484800.000,2024-07-06 08:42:37.177
ETH,BUY,0.0100,484805.000,2024-07-06 08:43:32.448
ETH,SELL,0.0958,484800.000,2024-07-06 08:43:54.182
ETH,SELL,0.1002,484800.000,2024-07-06 08:43:54.182
ETH,BUY,0.0200,484822.000,2024-07-06 08:44:09.099
ETH,SELL,0.0241,484800.000,2024-07-06 08:44:48.255
ETH,SELL,0.0186,484800.000,2024-07-06 08:44:49.002
ETH,SELL,0.0468,484800.000,2024-07-06 08:45:00.918
ETH,SELL,0.0165,484800.000,2024-07-06 08:45:05.260
ETH,SELL,0.0200,484800.000,2024-07-06 08:45:05.260
ETH,SELL,0.1030,484800.000,2024-07-06 08:45:05.260
ETH,SELL,0.0605,484278.000,2024-07-06 08:45:05.260
ETH,SELL,0.0100,484279.000,2024-07-06 08:45:06.429
ETH,SELL,0.1000,484279.000,2024-07-06 08:45:06.465
ETH,SELL,0.1000,484250.000,2024-07-06 08:46:02.516
ETH,SELL,0.9000,484183.000,2024-07-06 08:46:02.516
ETH,SELL,0.0100,483981.000,2024-07-06 08:46:10.505
ETH,BUY,0.0200,484125.000,2024-07-06 08:47:40.416
ETH,SELL,0.0100,483943.000,2024-07-06 08:48:05.431
ETH,SELL,0.0090,483943.000,2024-07-06 08:54:06.528
ETH,SELL,0.0081,483900.000,2024-07-06 08:54:06.528
ETH,BUY,0.0100,483955.000,2024-07-06 08:54:36.281
ETH,BUY,0.0500,484010.000,2024-07-06 09:00:54.260
ETH,BUY,0.0100,484097.000,2024-07-06 09:01:15.400
ETH,SELL,0.0019,483900.000,2024-07-06 09:05:04.505
ETH,SELL,0.0095,483800.000,2024-07-06 09:05:04.505
ETH,SELL,0.0909,483800.000,2024-07-06 09:05:11.446
ETH,SELL,0.0096,483800.000,2024-07-06 09:05:38.636
ETH,SELL,0.1000,483576.000,2024-07-06 09:05:38.636
ETH,SELL,0.0904,483089.000,2024-07-06 09:05:38.636
ETH,SELL,0.1000,483088.000,2024-07-06 09:05:40.529
ETH,SELL,0.0141,483122.000,2024-07-06 09:05:41.438
ETH,BUY,0.0220,483168.000,2024-07-06 09:06:05.872
ETH,BUY,0.0413,483255.000,2024-07-06 09:06:28.729
ETH,SELL,0.1000,483129.000,2024-07-06 09:06:32.699
ETH,SELL,0.0108,483099.000,2024-07-06 09:07:14.917
ETH,SELL,0.0179,483099.000,2024-07-06 09:07:19.916
ETH,SELL,0.0400,483098.000,2024-07-06 09:08:03.658
ETH,BUY,0.1187,483095.000,2024-07-06 09:08:39.916
ETH,BUY,0.0971,483096.000,2024-07-06 09:08:39.916
ETH,BUY,0.1300,483098.000,2024-07-06 09:08:39.916
ETH,BUY,1.3900,483111.000,2024-07-06 09:08:43.149
ETH,BUY,0.5000,483111.000,2024-07-06 09:08:43.171
ETH,SELL,0.0115,483087.000,2024-07-06 09:08:43.434
ETH,SELL,0.0294,483087.000,2024-07-06 09:08:48.923
ETH,BUY,0.1000,483109.000,2024-07-06 09:10:30.501
ETH,BUY,0.1000,483107.000,2024-07-06 09:11:03.735
ETH,BUY,1.6700,483108.000,2024-07-06 09:11:03.735
ETH,BUY,0.1877,483109.000,2024-07-06 09:11:03.735
ETH,BUY,2.0423,483140.000,2024-07-06 09:11:03.735
ETH,BUY,0.0606,483168.000,2024-07-06 09:11:36.785
ETH,BUY,2.0444,483169.000,2024-07-06 09:11:36.785
ETH,BUY,0.0100,483225.000,2024-07-06 09:12:18.827
ETH,SELL,0.0200,483087.000,2024-07-06 09:15:24.511
ETH,SELL,0.0300,483088.000,2024-07-06 09:17:20.540
ETH,SELL,0.0700,483087.000,2024-07-06 09:17:20.540
ETH,SELL,0.0300,483087.000,2024-07-06 09:17:24.231
ETH,SELL,0.0391,483087.000,2024-07-06 09:17:24.289
ETH,SELL,0.0420,483000.000,2024-07-06 09:17:24.289
ETH,SELL,0.0420,482900.000,2024-07-06 09:17:24.289
ETH,SELL,0.0769,482675.000,2024-07-06 09:17:24.289
ETH,SELL,0.2000,482369.000,2024-07-06 09:17:26.715
ETH,SELL,0.0125,482369.000,2024-07-06 09:17:26.916
ETH,BUY,0.3000,482850.000,2024-07-06 09:18:07.792
ETH,BUY,0.1206,482879.000,2024-07-06 09:19:28.378
ETH,BUY,0.0100,482966.000,2024-07-06 09:19:46.188
ETH,BUY,0.0400,482212.000,2024-07-06 09:23:32.524
ETH,BUY,0.1200,482226.000,2024-07-06 09:23:39.056
ETH,BUY,0.3500,482328.000,2024-07-06 09:24:08.673
ETH,BUY,0.1110,482357.000,2024-07-06 09:28:58.800
ETH,BUY,0.0100,482414.000,2024-07-06 09:29:13.625
ETH,BUY,0.5000,482436.000,2024-07-06 09:29:26.965
ETH,BUY,0.0210,482438.000,2024-07-06 09:29:38.740
ETH,BUY,0.5000,482338.000,2024-07-06 09:30:23.404
ETH,SELL,0.0100,482200.000,2024-07-06 09:33:27.030
ETH,SELL,0.0100,482000.000,2024-07-06 09:33:28.010
ETH,SELL,0.0079,482000.000,2024-07-06 09:33:28.010
ETH,SELL,0.0921,482000.000,2024-07-06 09:33:29.066
ETH,SELL,0.0079,481089.000,2024-07-06 09:33:29.066
ETH,SELL,0.0100,481579.000,2024-07-06 09:34:48.905
ETH,BUY,0.1744,481951.000,2024-07-06 09:36:31.485
ETH,SELL,0.1000,481190.000,2024-07-06 09:36:48.952
ETH,BUY,0.0250,481951.000,2024-07-06 09:36:51.664
ETH,SELL,0.0100,481628.000,2024-07-06 09:38:57.207
ETH,BUY,0.0220,481775.000,2024-07-06 09:40:42.132
ETH,SELL,1.7100,481388.000,2024-07-06 09:41:06.588
ETH,BUY,0.0820,481812.000,2024-07-06 09:42:06.410
ETH,BUY,0.5000,481805.000,2024-07-06 09:43:01.635
ETH,BUY,0.5000,481795.000,2024-07-06 09:43:10.886
ETH,BUY,0.0400,481795.000,2024-07-06 09:43:10.959
ETH,BUY,0.4600,481795.000,2024-07-06 09:43:12.011
ETH,BUY,1.0000,481935.000,2024-07-06 09:43:16.618
ETH,BUY,0.5500,482676.000,2024-07-06 09:43:16.618
ETH,BUY,0.0669,482762.000,2024-07-06 09:43:26.221
ETH,BUY,0.0731,482763.000,2024-07-06 09:43:26.221
ETH,BUY,0.0200,482763.000,2024-07-06 09:43:30.779
ETH,BUY,0.0210,482707.000,2024-07-06 09:47:18.703
ETH,BUY,0.0300,482544.000,2024-07-06 09:47:42.927
ETH,SELL,0.2747,482187.000,2024-07-06 09:50:56.662
ETH,BUY,0.5500,482319.000,2024-07-06 09:52:21.763
ETH,BUY,0.0650,482622.000,2024-07-06 09:52:52.997
ETH,BUY,0.1000,483623.000,2024-07-06 09:56:38.632
ETH,BUY,0.1000,483707.000,2024-07-06 09:56:57.861
ETH,BUY,0.1000,483668.000,2024-07-06 09:57:17.354
ETH,SELL,0.0100,483622.000,2024-07-06 09:57:29.065
ETH,SELL,0.0900,483385.000,2024-07-06 09:57:29.065
ETH,BUY,0.3000,483708.000,2024-07-06 09:57:37.644
ETH,BUY,1.0000,484210.000,2024-07-06 09:58:52.936
ETH,SELL,0.0168,484000.000,2024-07-06 10:00:51.542
ETH,SELL,0.0332,484000.000,2024-07-06 10:00:51.942
ETH,SELL,0.0300,483521.000,2024-07-06 10:00:53.322
ETH,BUY,0.1000,483790.000,2024-07-06 10:02:29.304
ETH,BUY,0.0100,483729.000,2024-07-06 10:02:31.375
ETH,BUY,0.0200,484058.000,2024-07-06 10:04:00.777
ETH,BUY,0.0100,484503.000,2024-07-06 10:05:30.191
ETH,BUY,0.1000,484704.000,2024-07-06 10:06:07.446
ETH,BUY,0.1000,484783.000,2024-07-06 10:06:11.175
ETH,BUY,0.0200,484729.000,2024-07-06 10:06:16.461
ETH,BUY,0.0900,484595.000,2024-07-06 10:07:15.414
ETH,BUY,0.0785,484595.000,2024-07-06 10:07:15.414
ETH,BUY,0.3315,484597.000,2024-07-06 10:07:15.414
ETH,BUY,0.0930,484633.000,2024-07-06 10:07:47.604
ETH,BUY,0.0397,484818.000,2024-07-06 10:09:19.275
ETH,BUY,0.1491,484887.000,2024-07-06 10:09:19.275
ETH,BUY,0.8112,485025.000,2024-07-06 10:09:19.275
ETH,BUY,0.1000,485025.000,2024-07-06 10:09:19.466
ETH,SELL,0.0150,484890.000,2024-07-06 10:11:14.947
ETH,BUY,0.1000,484869.000,2024-07-06 10:11:23.858
ETH,BUY,0.0200,484909.000,2024-07-06 10:13:16.925
ETH,SELL,0.0182,484516.000,2024-07-06 10:18:32.421
ETH,SELL,0.0120,484516.000,2024-07-06 10:18:37.922
ETH,SELL,0.0100,484533.000,2024-07-06 10:19:44.703
ETH,SELL,0.0187,484623.000,2024-07-06 10:20:26.917
ETH,BUY,0.2000,484730.000,2024-07-06 10:20:58.764
ETH,BUY,0.0188,484734.000,2024-07-06 10:20:58.764
ETH,BUY,4.0000,484735.000,2024-07-06 10:20:58.764
ETH,BUY,0.0100,484736.000,2024-07-06 10:20:58.764
ETH,BUY,5.0000,484764.000,2024-07-06 10:20:58.764
ETH,BUY,0.7712,484851.000,2024-07-06 10:20:58.764
ETH,BUY,0.0500,484831.000,2024-07-06 10:21:12.250
ETH,BUY,4.9500,484938.000,2024-07-06 10:21:12.250
ETH,BUY,0.0157,484753.000,2024-07-06 10:21:28.059
ETH,BUY,2.9843,484967.000,2024-07-06 10:21:28.059
ETH,BUY,0.0144,485025.000,2024-07-06 10:21:30.973
ETH,BUY,0.0100,485005.000,2024-07-06 10:21:36.826
ETH,BUY,0.7900,485005.000,2024-07-06 10:21:36.826
ETH,BUY,0.0100,485005.000,2024-07-06 10:21:52.419
ETH,BUY,0.1400,485005.000,2024-07-06 10:21:52.419
ETH,BUY,0.0200,485025.000,2024-07-06 10:22:14.460
ETH,BUY,0.0100,484837.000,2024-07-06 10:22:24.591
ETH,BUY,0.0100,484938.000,2024-07-06 10:22:27.488
ETH,BUY,0.0199,484866.000,2024-07-06 10:24:07.856
ETH,BUY,0.0801,484972.000,2024-07-06 10:24:07.856
ETH,BUY,0.0199,484995.000,2024-07-06 10:24:15.965
ETH,BUY,0.1000,485020.000,2024-07-06 10:25:25.459
ETH,SELL,0.0180,484523.000,2024-07-06 10:25:47.614
ETH,BUY,0.0206,484561.000,2024-07-06 10:26:20.909
ETH,BUY,0.0210,484619.000,2024-07-06 10:26:59.435
ETH,SELL,0.8299,484561.000,2024-07-06 10:27:42.417
ETH,SELL,0.0001,484561.000,2024-07-06 10:27:49.734
ETH,SELL,0.0099,484516.000,2024-07-06 10:27:49.734
ETH,SELL,0.0399,484516.000,2024-07-06 10:27:50.103
ETH,SELL,0.0200,484511.000,2024-07-06 10:27:50.103
ETH,SELL,0.1000,484500.000,2024-07-06 10:27:50.103
ETH,SELL,0.3401,484434.000,2024-07-06 10:27:50.103
ETH,BUY,0.0100,484561.000,2024-07-06 10:29:22.075
ETH,SELL,0.0102,484561.000,2024-07-06 10:32:38.053
ETH,SELL,0.0164,484420.000,2024-07-06 10:32:44.952
ETH,BUY,0.0180,484412.000,2024-07-06 10:35:59.716
ETH,BUY,0.1820,484462.000,2024-07-06 10:35:59.716
ETH,BUY,0.0200,484502.000,2024-07-06 10:36:08.818
ETH,BUY,0.0700,485054.000,2024-07-06 10:39:26.070
ETH,SELL,0.1000,484950.000,2024-07-06 10:39:58.564
ETH,SELL,0.2000,484591.000,2024-07-06 10:39:58.564
ETH,BUY,0.2000,484818.000,2024-07-06 10:44:11.262
ETH,BUY,0.1381,484821.000,2024-07-06 10:44:11.262
ETH,BUY,0.6619,484822.000,2024-07-06 10:44:11.262
ETH,BUY,0.0420,485300.000,2024-07-06 10:50:54.429
ETH,BUY,0.0180,485373.000,2024-07-06 10:50:54.429
ETH,BUY,0.0100,485400.000,2024-07-06 10:51:15.295
ETH,BUY,0.0320,485400.000,2024-07-06 10:52:55.929
ETH,BUY,0.0600,485779.000,2024-07-06 10:58:09.095
ETH,BUY,0.0680,485866.000,2024-07-06 10:58:11.516
ETH,BUY,0.0100,485862.000,2024-07-06 11:02:52.514
ETH,BUY,0.0271,485619.000,2024-07-06 11:02:53.326
ETH,BUY,0.1600,485862.000,2024-07-06 11:02:53.326
ETH,BUY,0.1000,485950.000,2024-07-06 11:02:53.326
ETH,BUY,0.5129,485953.000,2024-07-06 11:02:53.326
ETH,BUY,0.0271,485982.000,2024-07-06 11:02:56.042
ETH,SELL,0.0300,485757.000,2024-07-06 11:03:37.026
ETH,SELL,0.0200,485060.000,2024-07-06 11:03:37.285
ETH,BUY,0.0600,485170.000,2024-07-06 11:05:19.375
ETH,BUY,0.1000,485286.000,2024-07-06 11:05:58.576
ETH,BUY,0.0500,485344.000,2024-07-06 11:06:02.688
ETH,BUY,0.0100,485373.000,2024-07-06 11:10:31.960
ETH,BUY,0.5000,485924.000,2024-07-06 11:16:39.926
ETH,BUY,0.0130,486000.000,2024-07-06 11:17:24.188
ETH,SELL,0.0745,486010.000,2024-07-06 11:17:56.257
ETH,SELL,0.0100,486010.000,2024-07-06 11:17:58.630
ETH,SELL,0.0155,486010.000,2024-07-06 11:17:59.646
ETH,SELL,0.0845,486000.000,2024-07-06 11:17:59.646
ETH,BUY,0.0400,486098.000,2024-07-06 11:19:11.907
ETH,SELL,1.8500,486002.000,2024-07-06 11:19:44.578
ETH,SELL,0.1498,486002.000,2024-07-06 11:19:44.578
ETH,SELL,0.4442,486001.000,2024-07-06 11:20:23.440
ETH,SELL,0.0055,486001.000,2024-07-06 11:21:47.296
ETH,BUY,0.0200,485999.000,2024-07-06 11:22:02.224
ETH,BUY,0.0700,485423.000,2024-07-06 11:22:51.607
ETH,SELL,0.0475,485316.000,2024-07-06 11:22:58.781
ETH,SELL,0.0334,485316.000,2024-07-06 11:23:16.923
ETH,SELL,0.2050,485316.000,2024-07-06 11:23:26.989
ETH,BUY,0.0200,485373.000,2024-07-06 11:24:17.712
ETH,BUY,0.1000,485402.000,2024-07-06 11:24:47.393
ETH,SELL,0.0001,485316.000,2024-07-06 11:26:50.507
ETH,SELL,0.0999,485316.000,2024-07-06 11:26:50.507
ETH,BUY,0.0620,485344.000,2024-07-06 11:27:48.182
ETH,BUY,0.5000,485373.000,2024-07-06 11:27:55.421
ETH,BUY,0.0200,485402.000,2024-07-06 11:28:58.927
ETH,BUY,0.0100,485431.000,2024-07-06 11:29:31.812
ETH,BUY,0.4000,485489.000,2024-07-06 11:32:05.962
ETH,SELL,1.7000,485473.000,2024-07-06 11:33:17.205
ETH,SELL,0.1061,485316.000,2024-07-06 11:33:17.205
ETH,SELL,0.1000,485050.000,2024-07-06 11:33:17.205
ETH,SELL,0.0921,485047.000,2024-07-06 11:33:17.205
ETH,SELL,0.0018,485047.000,2024-07-06 11:33:17.205
ETH,BUY,0.1000,485575.000,2024-07-06 11:33:31.013
ETH,BUY,0.9000,485576.000,2024-07-06 11:33:31.013
ETH,BUY,0.0600,485530.000,2024-07-06 11:36:00.142
ETH,BUY,0.0200,485605.000,2024-07-06 11:38:09.909
ETH,SELL,0.0100,485438.000,2024-07-06 11:38:37.560
ETH,BUY,0.2000,485518.000,2024-07-06 11:38:45.480
ETH,SELL,0.1920,485095.000,2024-07-06 11:39:20.847
ETH,SELL,1.9398,485200.000,2024-07-06 11:42:46.503
ETH,BUY,0.0400,485201.000,2024-07-06 11:42:47.905
ETH,SELL,0.0002,485200.000,2024-07-06 11:43:06.950
ETH,SELL,0.2099,485095.000,2024-07-06 11:43:06.950
ETH,SELL,0.2101,485095.000,2024-07-06 11:44:29.174
ETH,SELL,0.0500,485095.000,2024-07-06 11:44:29.174
ETH,SELL,0.0408,485000.000,2024-07-06 11:44:29.447
ETH,SELL,0.0130,484950.000,2024-07-06 11:44:29.447
ETH,SELL,0.1000,484131.000,2024-07-06 11:44:29.447
ETH,SELL,0.1062,484131.000,2024-07-06 11:44:29.447
ETH,SELL,0.9134,484656.000,2024-07-06 11:45:27.808
ETH,SELL,0.1950,484666.000,2024-07-06 11:45:28.665
ETH,SELL,0.1250,484666.000,2024-07-06 11:45:29.220
ETH,SELL,0.0700,484666.000,2024-07-06 11:45:29.220
ETH,SELL,0.2822,484656.000,2024-07-06 11:45:29.220
ETH,SELL,0.4222,484656.000,2024-07-06 11:45:30.243
ETH,SELL,0.2111,484656.000,2024-07-06 11:45:31.229
ETH,BUY,0.0200,484876.000,2024-07-06 11:46:04.326
ETH,BUY,0.0186,484975.000,2024-07-06 11:46:24.383
ETH,BUY,0.0814,484958.000,2024-07-06 11:47:40.936
ETH,BUY,0.0880,484959.000,2024-07-06 11:47:40.936
ETH,BUY,0.3842,484961.000,2024-07-06 11:47:40.936
ETH,BUY,0.4464,484964.000,2024-07-06 11:47:40.936
ETH,BUY,0.2000,484870.000,2024-07-06 11:48:33.819
ETH,SELL,0.0187,485036.000,2024-07-06 11:56:39.726
ETH,BUY,0.0100,484978.000,2024-07-06 11:57:38.187
ETH,BUY,0.1030,485054.000,2024-07-06 12:02:09.736
ETH,BUY,0.0900,485141.000,2024-07-06 12:02:43.989
ETH,SELL,0.0500,484861.000,2024-07-06 12:05:41.703
ETH,BUY,0.0100,484966.000,2024-07-06 12:06:51.503
ETH,BUY,0.0250,484973.000,2024-07-06 12:07:27.316
ETH,BUY,0.4000,484930.000,2024-07-06 12:07:29.775
ETH,BUY,0.0200,484963.000,2024-07-06 12:08:52.272
ETH,BUY,1.0000,485054.000,2024-07-06 12:09:39.916
ETH,BUY,0.0100,485083.000,2024-07-06 12:11:10.336
ETH,SELL,0.0100,484860.000,2024-07-06 12:12:01.540
ETH,SELL,0.4900,484675.000,2024-07-06 12:12:01.540
ETH,SELL,0.0200,484672.000,2024-07-06 12:13:07.321
ETH,BUY,0.0500,484899.000,2024-07-06 12:15:27.273
ETH,BUY,0.0210,485001.000,2024-07-06 12:16:05.250
ETH,BUY,0.0300,485052.000,2024-07-06 12:17:04.856
ETH,BUY,0.0100,485141.000,2024-07-06 12:17:49.881
ETH,BUY,0.0100,485141.000,2024-07-06 12:18:50.309
ETH,BUY,0.0106,485200.000,2024-07-06 12:18:50.309
ETH,BUY,0.0150,485183.000,2024-07-06 12:19:41.110
ETH,BUY,0.0050,485200.000,2024-07-06 12:19:41.110
ETH,BUY,0.0985,485200.000,2024-07-06 12:20:08.899
ETH,SELL,0.1000,485201.000,2024-07-06 12:21:04.765
ETH,BUY,0.0200,485201.000,2024-07-06 12:23:45.901
ETH,SELL,0.0265,485200.000,2024-07-06 12:23:52.826
ETH,BUY,0.0285,484708.000,2024-07-06 12:26:56.575
ETH,BUY,0.1000,484757.000,2024-07-06 12:32:53.197
ETH,BUY,0.0400,484744.000,2024-07-06 12:34:24.353
ETH,SELL,0.0300,484670.000,2024-07-06 12:34:46.708
ETH,BUY,0.0500,484601.000,2024-07-06 12:35:07.477
ETH,SELL,0.1032,484600.000,2024-07-06 12:35:11.789
ETH,SELL,0.5000,484500.000,2024-07-06 12:35:11.789
ETH,SELL,0.2000,484115.000,2024-07-06 12:35:11.789
ETH,SELL,0.1968,484110.000,2024-07-06 12:35:11.789
ETH,BUY,0.0206,484356.000,2024-07-06 12:36:23.698
ETH,SELL,0.1435,484235.000,2024-07-06 12:36:47.785
ETH,BUY,0.1000,484329.000,2024-07-06 12:37:10.624
ETH,SELL,0.2700,484111.000,2024-07-06 12:38:31.762
ETH,SELL,0.0400,484110.000,2024-07-06 12:38:31.762
ETH,BUY,0.1000,484115.000,2024-07-06 12:41:47.761
ETH,SELL,0.2814,484110.000,2024-07-06 12:42:02.900
ETH,SELL,0.2810,484110.000,2024-07-06 12:42:09.010
ETH,SELL,0.9999,484110.000,2024-07-06 12:42:20.222
ETH,SELL,0.0145,484110.000,2024-07-06 12:42:22.804
ETH,SELL,0.0228,484110.000,2024-07-06 12:42:28.374
ETH,SELL,1.4634,484110.000,2024-07-06 12:42:32.750
ETH,SELL,0.0002,484110.000,2024-07-06 12:42:34.080
ETH,SELL,0.0106,484102.000,2024-07-06 12:42:51.609
ETH,SELL,0.0269,484102.000,2024-07-06 12:42:56.049
ETH,SELL,0.1055,484102.000,2024-07-06 12:42:56.148
ETH,SELL,0.0100,484000.000,2024-07-06 12:42:57.003
ETH,SELL,0.7999,484000.000,2024-07-06 12:42:57.003
ETH,SELL,0.0001,484000.000,2024-07-06 12:43:38.148
ETH,SELL,0.0100,483900.000,2024-07-06 12:43:39.331
ETH,BUY,0.1200,483634.000,2024-07-06 12:44:34.400
ETH,SELL,0.2073,483500.000,2024-07-06 12:44:40.700
ETH,SELL,0.2127,483126.000,2024-07-06 12:44:40.700
ETH,BUY,0.8100,483198.000,2024-07-06 12:44:43.496
ETH,BUY,0.0100,483198.000,2024-07-06 12:44:43.562
ETH,SELL,0.0207,483100.000,2024-07-06 12:46:58.390
ETH,SELL,0.0740,483100.000,2024-07-06 12:47:04.249
ETH,SELL,0.0453,483100.000,2024-07-06 12:47:12.637
ETH,SELL,0.2657,483039.000,2024-07-06 12:47:12.637
ETH,SELL,0.0774,483039.000,2024-07-06 12:47:18.879
ETH,SELL,0.3368,483039.000,2024-07-06 12:48:35.718
ETH,BUY,0.0200,483517.000,2024-07-06 12:50:53.445
ETH,BUY,0.0100,483720.000,2024-07-06 12:56:15.818
ETH,BUY,0.2000,483952.000,2024-07-06 12:56:31.271
ETH,BUY,0.0158,484126.000,2024-07-06 12:56:36.271
ETH,SELL,0.0200,484126.000,2024-07-06 13:02:49.988
ETH,SELL,0.0500,484126.000,2024-07-06 13:02:49.988
ETH,BUY,0.2500,483802.000,2024-07-06 13:05:12.408
ETH,BUY,0.0500,483923.000,2024-07-06 13:05:39.534
ETH,BUY,0.0200,483923.000,2024-07-06 13:05:57.924
ETH,BUY,0.0100,483921.000,2024-07-06 13:05:59.654
ETH,BUY,0.0210,483803.000,2024-07-06 13:07:25.600
ETH,BUY,0.0200,483803.000,2024-07-06 13:07:54.898
ETH,BUY,0.0300,483803.000,2024-07-06 13:08:33.314
ETH,BUY,0.9460,483803.000,2024-07-06 13:10:47.769
ETH,BUY,0.0511,483835.000,2024-07-06 13:11:16.896
ETH,BUY,0.0089,483836.000,2024-07-06 13:11:16.896
ETH,BUY,0.5000,483894.000,2024-07-06 13:12:23.884
ETH,SELL,0.0220,483803.000,2024-07-06 13:12:42.264
ETH,SELL,0.0200,483803.000,2024-07-06 13:17:01.890
ETH,SELL,0.1900,483803.000,2024-07-06 13:17:41.918
ETH,BUY,0.0400,483815.000,2024-07-06 13:18:11.057
ETH,BUY,0.0600,483856.000,2024-07-06 13:18:11.057
ETH,BUY,0.0110,483952.000,2024-07-06 13:20:43.902
ETH,BUY,0.0500,484126.000,2024-07-06 13:23:09.178
ETH,BUY,0.0100,484329.000,2024-07-06 13:28:17.083
ETH,BUY,0.0800,484416.000,2024-07-06 13:29:01.334
ETH,BUY,1.0000,484477.000,2024-07-06 13:30:12.136
ETH,BUY,0.1000,484466.000,2024-07-06 13:33:34.173
ETH,BUY,0.0100,484477.000,2024-07-06 13:36:59.803
ETH,BUY,0.0930,484626.000,2024-07-06 13:37:15.805
ETH,BUY,0.1004,484467.000,2024-07-06 13:40:19.261
ETH,BUY,0.3000,484588.000,2024-07-06 13:41:54.759
ETH,SELL,0.0941,484301.000,2024-07-06 13:45:30.791
ETH,BUY,0.0200,484684.000,2024-07-06 13:46:06.725
ETH,BUY,0.0100,484986.000,2024-07-06 13:47:55.117
ETH,BUY,0.0941,485604.000,2024-07-06 13:49:16.528
ETH,BUY,0.1750,485858.000,2024-07-06 13:49:17.390
ETH,BUY,0.2004,485858.000,2024-07-06 13:49:18.419
ETH,BUY,0.1000,485858.000,2024-07-06 13:49:18.585
ETH,BUY,0.6067,486116.000,2024-07-06 13:49:18.697
ETH,BUY,0.1000,486116.000,2024-07-06 13:49:19.004
ETH,BUY,0.9900,485917.000,2024-07-06 13:49:21.054
ETH,BUY,0.0100,485917.000,2024-07-06 13:49:21.253
ETH,BUY,0.2146,485801.000,2024-07-06 13:50:11.428
ETH,BUY,0.0200,485801.000,2024-07-06 13:50:11.653
ETH,BUY,0.0905,485801.000,2024-07-06 13:50:12.286
ETH,BUY,0.0095,486340.000,2024-07-06 13:50:12.286
ETH,BUY,0.1000,486353.000,2024-07-06 13:50:12.296
ETH,BUY,0.1000,486353.000,2024-07-06 13:50:12.405
ETH,BUY,0.1000,486060.000,2024-07-06 13:50:46.684
ETH,BUY,0.1000,485739.000,2024-07-06 13:53:46.819
ETH,BUY,0.0107,485556.000,2024-07-06 13:53:49.435
ETH,BUY,0.0200,485448.000,2024-07-06 13:53:56.762
ETH,BUY,0.0196,485495.000,2024-07-06 13:53:57.379
ETH,SELL,1.3482,485614.000,2024-07-06 13:54:56.510
ETH,SELL,0.2100,485612.000,2024-07-06 13:54:56.510
ETH,SELL,0.4702,485608.000,2024-07-06 13:54:56.510
ETH,BUY,0.0500,485773.000,2024-07-06 13:55:03.318
ETH,BUY,0.2000,486033.000,2024-07-06 13:55:49.314
ETH,BUY,0.1488,485991.000,2024-07-06 13:56:25.940
ETH,BUY,0.4512,486127.000,2024-07-06 13:56:25.940
ETH,BUY,0.0488,486127.000,2024-07-06 13:56:26.032
ETH,SELL,1.0000,485286.000,2024-07-06 13:57:41.082
ETH,SELL,0.0900,485052.000,2024-07-06 14:00:08.364
ETH,BUY,0.6181,485424.000,2024-07-06 14:00:49.602
ETH,SELL,0.0190,485960.000,2024-07-06 14:02:29.240
ETH,SELL,0.0160,485500.000,2024-07-06 14:05:03.802
ETH,SELL,0.0526,484886.000,2024-07-06 14:05:03.802
ETH,SELL,0.0553,484799.000,2024-07-06 14:06:29.695
ETH,SELL,0.0268,484799.000,2024-07-06 14:06:34.156
ETH,SELL,0.0179,484799.000,2024-07-06 14:06:34.610
ETH,SELL,0.0300,484072.000,2024-07-06 14:07:02.519
ETH,BUY,0.1000,484126.000,2024-07-06 14:07:23.673
ETH,BUY,0.0300,484184.000,2024-07-06 14:07:43.444
ETH,SELL,0.0100,484000.000,2024-07-06 14:08:04.480
ETH,SELL,0.0100,483932.000,2024-07-06 14:08:04.480
ETH,SELL,0.8870,483803.000,2024-07-06 14:08:04.480
ETH,SELL,0.0330,483802.000,2024-07-06 14:08:04.480
ETH,SELL,0.1000,483800.000,2024-07-06 14:08:04.480
ETH,SELL,0.8000,483800.000,2024-07-06 14:08:04.480
ETH,SELL,0.1000,483528.000,2024-07-06 14:08:04.480
ETH,SELL,0.0600,483528.000,2024-07-06 14:08:04.480
ETH,SELL,0.0500,483875.000,2024-07-06 14:08:54.411
ETH,BUY,0.1000,483468.000,2024-07-06 14:11:45.050
ETH,BUY,0.1000,483469.000,2024-07-06 14:11:45.050
ETH,BUY,0.2000,483538.000,2024-07-06 14:12:00.506
ETH,BUY,1.0000,483836.000,2024-07-06 14:12:19.076
ETH,SELL,0.0500,483766.000,2024-07-06 14:12:30.343
ETH,BUY,0.1000,483501.000,2024-07-06 14:13:15.116
ETH,BUY,0.1000,483637.000,2024-07-06 14:13:15.116
ETH,SELL,0.0107,483411.000,2024-07-06 14:16:27.853
ETH,BUY,0.0200,483702.000,2024-07-06 14:25:52.028
ETH,BUY,0.0206,483994.000,2024-07-06 14:31:51.363
ETH,BUY,0.1794,483994.000,2024-07-06 14:31:52.235
ETH,BUY,0.0200,484029.000,2024-07-06 14:32:24.716
ETH,BUY,0.0200,484078.000,2024-07-06 14:32:27.357
ETH,BUY,0.2000,484216.000,2024-07-06 14:33:07.026
ETH,BUY,0.0832,484290.000,2024-07-06 14:38:17.372
ETH,BUY,0.0400,484334.000,2024-07-06 14:38:33.635
ETH,BUY,0.1900,485878.000,2024-07-06 14:43:12.936
ETH,BUY,0.0170,485486.000,2024-07-06 14:43:34.798
ETH,BUY,0.4752,485065.000,2024-07-06 14:45:09.718
ETH,BUY,0.3323,485151.000,2024-07-06 14:45:09.718
ETH,BUY,0.1925,485276.000,2024-07-06 14:45:09.718
ETH,BUY,0.0284,485042.000,2024-07-06 14:48:45.434
ETH,BUY,0.0284,485482.000,2024-07-06 14:48:49.492
ETH,SELL,0.2000,485090.000,2024-07-06 14:49:10.623
ETH,SELL,0.3000,485087.000,2024-07-06 14:49:10.623
ETH,BUY,0.0716,485488.000,2024-07-06 14:50:34.085
ETH,BUY,0.5945,486004.000,2024-07-06 14:53:55.244
ETH,BUY,0.4055,486096.000,2024-07-06 14:53:55.244
ETH,BUY,0.0300,486201.000,2024-07-06 14:55:49.629
ETH,SELL,0.0100,486200.000,2024-07-06 14:57:18.403
ETH,SELL,0.0200,485596.000,2024-07-06 14:57:18.403
ETH,BUY,0.1500,485924.000,2024-07-06 14:58:59.241
ETH,BUY,0.0200,485942.000,2024-07-06 15:09:44.170
ETH,BUY,0.1186,485944.000,2024-07-06 15:09:44.170
ETH,BUY,0.1000,485950.000,2024-07-06 15:09:44.170
ETH,BUY,0.2614,485953.000,2024-07-06 15:09:44.170
ETH,SELL,1.1198,486000.000,2024-07-06 15:10:35.054
ETH,SELL,1.9998,486000.000,2024-07-06 15:10:43.845
ETH,SELL,0.9799,486000.000,2024-07-06 15:10:49.730
ETH,SELL,1.3003,486000.000,2024-07-06 15:11:05.914
ETH,SELL,0.0002,486000.000,2024-07-06 15:11:06.640
ETH,SELL,0.2841,485477.000,2024-07-06 15:11:07.089
ETH,BUY,0.0430,485749.000,2024-07-06 15:11:15.909
ETH,BUY,0.0107,485836.000,2024-07-06 15:11:18.136
ETH,SELL,0.0500,485025.000,2024-07-06 15:12:19.761
ETH,BUY,0.0500,485802.000,2024-07-06 15:14:16.052
ETH,BUY,1.9500,485808.000,2024-07-06 15:14:16.052
ETH,BUY,0.0500,485894.000,2024-07-06 15:14:50.637
ETH,SELL,0.0100,485644.000,2024-07-06 15:17:41.304
ETH,SELL,0.0500,485815.000,2024-07-06 15:18:33.379
ETH,BUY,0.1804,486416.000,2024-07-06 15:22:12.928
ETH,BUY,0.5296,486417.000,2024-07-06 15:22:12.928
ETH,SELL,0.0100,486250.000,2024-07-06 15:23:15.560
ETH,BUY,0.0100,486500.000,2024-07-06 15:26:53.752
ETH,BUY,0.0950,486620.000,2024-07-06 15:26:53.752
ETH,BUY,0.0100,486840.000,2024-07-06 15:29:23.961
ETH,BUY,0.0298,487000.000,2024-07-06 15:30:27.708
ETH,BUY,0.0702,487000.000,2024-07-06 15:30:28.237
ETH,BUY,0.0200,487608.000,2024-07-06 15:30:37.651
ETH,BUY,0.0200,487609.000,2024-07-06 15:31:05.405
ETH,SELL,0.1667,487522.000,2024-07-06 15:31:26.184
ETH,BUY,0.0180,487701.000,2024-07-06 15:31:57.027
ETH,BUY,0.0500,487451.000,2024-07-06 15:34:00.376
ETH,BUY,0.0100,487547.000,2024-07-06 15:35:26.768
ETH,BUY,0.0200,487867.000,2024-07-06 15:35:26.768
ETH,BUY,0.4500,487896.000,2024-07-06 15:35:56.328
ETH,BUY,0.3900,487925.000,2024-07-06 15:36:58.846
ETH,BUY,0.0130,488000.000,2024-07-06 15:39:14.456
ETH,BUY,0.4870,488041.000,2024-07-06 15:39:14.456
ETH,SELL,0.0200,488000.000,2024-07-06 15:43:08.606
ETH,SELL,0.0161,487925.000,2024-07-06 15:43:08.606
ETH,SELL,0.9639,487905.000,2024-07-06 15:43:08.606
ETH,BUY,1.0000,488157.000,2024-07-06 15:44:09.181
ETH,BUY,0.0420,488300.000,2024-07-06 15:44:56.660
ETH,BUY,0.2100,488707.000,2024-07-06 15:48:00.417
ETH,SELL,0.0100,488521.000,2024-07-06 15:49:01.714
ETH,SELL,1.9998,488521.000,2024-07-06 15:49:23.060
ETH,SELL,0.1000,488521.000,2024-07-06 15:49:23.817
ETH,SELL,0.0314,488521.000,2024-07-06 15:50:22.178
ETH,SELL,1.1388,488521.000,2024-07-06 15:50:22.588
ETH,SELL,0.0312,487350.000,2024-07-06 15:50:22.588
ETH,SELL,0.1000,487351.000,2024-07-06 15:50:22.687
ETH,SELL,0.4000,487350.000,2024-07-06 15:50:22.687
ETH,SELL,0.0300,487350.000,2024-07-06 15:50:23.122
ETH,SELL,0.3200,487350.000,2024-07-06 15:50:23.329
ETH,SELL,0.0100,487350.000,2024-07-06 15:50:23.456
ETH,SELL,0.2000,487351.000,2024-07-06 15:50:23.530
ETH,SELL,0.5500,487351.000,2024-07-06 15:50:24.077
ETH,BUY,1.1300,487780.000,2024-07-06 15:50:24.510
ETH,BUY,0.7912,487947.000,2024-07-06 15:50:46.409
ETH,BUY,0.0110,487983.000,2024-07-06 15:50:46.551
ETH,BUY,0.0100,488011.000,2024-07-06 15:51:06.130
ETH,SELL,0.0100,487944.000,2024-07-06 15:51:20.009
ETH,BUY,0.0100,488011.000,2024-07-06 15:52:05.083
ETH,SELL,0.0001,487905.000,2024-07-06 15:54:12.556
ETH,SELL,0.0993,487013.000,2024-07-06 15:54:12.556
ETH,BUY,0.0800,487402.000,2024-07-06 15:54:39.620
ETH,BUY,0.1100,487403.000,2024-07-06 15:54:39.620
ETH,BUY,0.0200,487513.000,2024-07-06 15:54:48.953
ETH,SELL,0.0684,487400.000,2024-07-06 15:55:32.245
ETH,SELL,0.0216,487400.000,2024-07-06 15:55:33.775
ETH,SELL,1.0400,486690.000,2024-07-06 15:55:55.672
ETH,SELL,0.4100,486451.000,2024-07-06 15:55:55.672
ETH,BUY,0.1000,486489.000,2024-07-06 15:56:27.961
ETH,BUY,0.1000,486907.000,2024-07-06 15:56:31.030
ETH,SELL,0.0107,486753.000,2024-07-06 15:58:28.012
ETH,BUY,0.0500,486996.000,2024-07-06 16:01:32.069
ETH,SELL,0.1500,486699.000,2024-07-06 16:01:39.551
ETH,SELL,0.1800,486699.000,2024-07-06 16:01:39.551
ETH,SELL,0.6700,486699.000,2024-07-06 16:01:39.551
ETH,BUY,0.0100,486700.000,2024-07-06 16:02:02.717
ETH,BUY,0.0200,486700.000,2024-07-06 16:03:13.603
ETH,BUY,0.1700,486700.000,2024-07-06 16:03:14.531
ETH,BUY,0.0180,486650.000,2024-07-06 16:06:37.355
ETH,BUY,0.0100,486700.000,2024-07-06 16:09:22.944
ETH,BUY,1.0000,486700.000,2024-07-06 16:09:43.882
ETH,BUY,0.1400,486700.000,2024-07-06 16:10:19.946
ETH,BUY,0.1500,486700.000,2024-07-06 16:12:38.495
ETH,BUY,0.0500,486966.000,2024-07-06 16:12:38.495
ETH,BUY,0.7339,486975.000,2024-07-06 16:13:18.295
ETH,BUY,0.2661,486977.000,2024-07-06 16:13:18.295
ETH,BUY,0.0100,487083.000,2024-07-06 16:15:22.263
ETH,BUY,0.1442,488446.000,2024-07-06 16:20:20.626
ETH,BUY,0.0995,488446.000,2024-07-06 16:20:21.312
ETH,BUY,0.2000,488908.000,2024-07-06 16:20:23.242
ETH,BUY,0.0107,488908.000,2024-07-06 16:20:24.099
ETH,BUY,0.0106,489394.000,2024-07-06 16:21:10.111
ETH,BUY,0.0106,489394.000,2024-07-06 16:21:10.449
ETH,SELL,0.3000,489190.000,2024-07-06 16:21:35.164
ETH,BUY,0.1000,488866.000,2024-07-06 16:22:49.636
ETH,BUY,0.0200,488904.000,2024-07-06 16:25:09.185
ETH,SELL,0.0200,489544.000,2024-07-06 16:25:51.115
ETH,SELL,0.0200,489544.000,2024-07-06 16:25:57.042
ETH,SELL,0.0200,489544.000,2024-07-06 16:26:03.142
ETH,SELL,0.0200,489386.000,2024-07-06 16:26:12.166
ETH,SELL,0.0200,489400.000,2024-07-06 16:26:18.201
ETH,SELL,0.0200,489411.000,2024-07-06 16:26:24.116
ETH,SELL,0.0200,489465.000,2024-07-06 16:26:30.173
ETH,SELL,0.0200,489480.000,2024-07-06 16:26:36.048
ETH,SELL,0.0200,489495.000,2024-07-06 16:26:42.058
ETH,SELL,0.0200,489515.000,2024-07-06 16:26:48.120
ETH,SELL,0.0200,489530.000,2024-07-06 16:26:54.058
ETH,SELL,0.0200,489603.000,2024-07-06 16:27:00.051
ETH,SELL,0.0200,489760.000,2024-07-06 16:27:09.090
ETH,BUY,0.0100,489761.000,2024-07-06 16:27:30.789
ETH,BUY,0.0210,490000.000,2024-07-06 16:28:26.502
ETH,BUY,0.0300,490000.000,2024-07-06 16:28:26.502
ETH,BUY,0.0130,490000.000,2024-07-06 16:28:26.502
ETH,SELL,0.1400,489942.000,2024-07-06 16:32:15.888
ETH,SELL,0.8600,489576.000,2024-07-06 16:32:15.888
ETH,BUY,0.0500,490300.000,2024-07-06 16:32:52.204
ETH,BUY,0.6200,490882.000,2024-07-06 16:33:27.076
ETH,BUY,0.0200,490876.000,2024-07-06 16:33:36.180
ETH,BUY,0.1800,490877.000,2024-07-06 16:33:36.180
ETH,BUY,0.0159,490947.000,2024-07-06 16:33:47.742
ETH,SELL,0.0600,490575.000,2024-07-06 16:36:38.599
ETH,BUY,0.0141,490960.000,2024-07-06 16:37:35.132
ETH,BUY,0.0153,490977.000,2024-07-06 16:37:35.974
ETH,BUY,0.1947,491000.000,2024-07-06 16:37:35.974
ETH,BUY,0.2600,491000.000,2024-07-06 16:37:37.565
ETH,BUY,0.1453,491000.000,2024-07-06 16:37:38.509
ETH,SELL,0.2421,491006.000,2024-07-06 16:37:40.748
ETH,BUY,0.0110,491600.000,2024-07-06 16:39:08.169
ETH,BUY,0.0210,491417.000,2024-07-06 16:40:22.331
ETH,BUY,0.5000,491422.000,2024-07-06 16:41:13.573
ETH,BUY,0.0110,491599.000,2024-07-06 16:41:44.895
ETH,SELL,0.0283,491204.000,2024-07-06 16:42:46.702
ETH,BUY,0.0310,491600.000,2024-07-06 16:43:10.598
ETH,BUY,0.1490,491619.000,2024-07-06 16:43:10.598
ETH,BUY,0.0412,492000.000,2024-07-06 16:43:26.714
ETH,BUY,0.0588,492000.000,2024-07-06 16:43:26.903
ETH,BUY,0.0120,492000.000,2024-07-06 16:43:26.903
ETH,BUY,0.0200,492000.000,2024-07-06 16:43:26.903
ETH,BUY,0.0230,492000.000,2024-07-06 16:43:26.903
ETH,BUY,0.0284,492000.000,2024-07-06 16:43:29.459
ETH,BUY,0.0100,492000.000,2024-07-06 16:43:37.457
ETH,BUY,0.1386,492000.000,2024-07-06 16:43:50.658
ETH,BUY,0.1814,492000.000,2024-07-06 16:43:50.658
ETH,BUY,0.1300,492000.000,2024-07-06 16:43:51.536
ETH,BUY,0.2000,492000.000,2024-07-06 16:43:52.435
ETH,BUY,0.0863,492000.000,2024-07-06 16:43:52.495
ETH,BUY,0.2700,492000.000,2024-07-06 16:43:53.392
ETH,BUY,0.1323,492000.000,2024-07-06 16:43:53.931
ETH,BUY,0.0100,492126.000,2024-07-06 16:43:55.286
ETH,BUY,0.7700,492126.000,2024-07-06 16:43:56.439
ETH,BUY,0.2200,492126.000,2024-07-06 16:43:56.740
ETH,BUY,0.4000,492185.000,2024-07-06 16:43:57.557
ETH,BUY,0.0200,492185.000,2024-07-06 16:43:57.648
ETH,BUY,0.2000,492185.000,2024-07-06 16:43:57.664
ETH,BUY,0.3200,492185.000,2024-07-06 16:43:58.035
ETH,BUY,0.0600,492185.000,2024-07-06 16:43:58.108
ETH,BUY,0.0100,492699.000,2024-07-06 16:43:58.108
ETH,BUY,0.2200,492736.000,2024-07-06 16:43:58.108
ETH,BUY,0.2000,492656.000,2024-07-06 16:44:07.638
ETH,BUY,0.5500,492782.000,2024-07-06 16:44:24.407
ETH,SELL,1.0000,492178.000,2024-07-06 16:45:38.162
ETH,BUY,0.1000,491958.000,2024-07-06 16:45:58.187
ETH,SELL,0.0400,491824.000,2024-07-06 16:46:22.553
ETH,BUY,0.0100,491958.000,2024-07-06 16:46:33.774
ETH,BUY,0.3200,492753.000,2024-07-06 16:47:37.364
ETH,BUY,0.2000,492885.000,2024-07-06 16:47:38.739
ETH,BUY,0.4847,492928.000,2024-07-06 16:47:46.864
ETH,BUY,0.6047,492996.000,2024-07-06 16:47:46.864
ETH,BUY,0.2101,493298.000,2024-07-06 16:47:46.864
ETH,BUY,0.1826,493317.000,2024-07-06 16:47:46.864
ETH,BUY,0.4000,493317.000,2024-07-06 16:47:46.893
ETH,BUY,0.3200,493317.000,2024-07-06 16:47:47.239
ETH,BUY,0.1000,492974.000,2024-07-06 16:47:48.275
ETH,BUY,0.9000,492974.000,2024-07-06 16:47:50.370
ETH,BUY,1.0000,493100.000,2024-07-06 16:47:53.679
ETH,BUY,0.9200,493128.000,2024-07-06 16:47:55.017
ETH,BUY,0.0800,493128.000,2024-07-06 16:47:55.458
ETH,SELL,1.0000,493341.000,2024-07-06 16:48:31.416
ETH,SELL,0.5500,493035.000,2024-07-06 16:49:07.174
ETH,SELL,0.1000,492688.000,2024-07-06 16:49:13.070
ETH,BUY,0.0202,492526.000,2024-07-06 16:50:34.331
ETH,BUY,0.0100,492123.000,2024-07-06 16:55:14.091
ETH,BUY,0.0250,492335.000,2024-07-06 16:56:18.854
ETH,BUY,0.0920,492112.000,2024-07-06 16:56:37.007
ETH,BUY,0.0110,491693.000,2024-07-06 17:04:58.016
ETH,SELL,0.0999,491191.000,2024-07-06 17:08:12.722
ETH,SELL,0.0420,491100.000,2024-07-06 17:08:26.368
ETH,SELL,0.1000,491000.000,2024-07-06 17:08:26.368
ETH,SELL,1.3335,490959.000,2024-07-06 17:08:26.368
ETH,SELL,1.0000,490891.000,2024-07-06 17:08:26.368
ETH,SELL,0.1000,490547.000,2024-07-06 17:08:26.368
ETH,SELL,0.1000,490488.000,2024-07-06 17:08:26.368
ETH,SELL,1.0000,490487.000,2024-07-06 17:08:26.368
ETH,SELL,0.3245,490437.000,2024-07-06 17:08:26.368
ETH,BUY,0.7500,490450.000,2024-07-06 17:09:26.545
ETH,BUY,0.0900,490450.000,2024-07-06 17:09:28.583
ETH,SELL,0.0106,490469.000,2024-07-06 17:11:10.934
ETH,BUY,0.0400,490720.000,2024-07-06 17:12:16.273
ETH,BUY,0.0100,490720.000,2024-07-06 17:12:22.337
ETH,BUY,0.1000,490718.000,2024-07-06 17:12:31.096
ETH,BUY,0.1500,490719.000,2024-07-06 17:12:31.096
ETH,SELL,0.1000,490450.000,2024-07-06 17:14:46.854
ETH,BUY,0.0100,490664.000,2024-07-06 17:16:06.936
ETH,BUY,0.1200,490314.000,2024-07-06 17:16:11.314
ETH,BUY,0.0200,490550.000,2024-07-06 17:16:13.658
ETH,BUY,0.3200,490949.000,2024-07-06 17:16:14.196
ETH,BUY,0.4000,490550.000,2024-07-06 17:16:14.359
ETH,BUY,0.2115,490949.000,2024-07-06 17:16:14.608
ETH,BUY,0.1885,491019.000,2024-07-06 17:16:14.608
ETH,BUY,0.4000,491357.000,2024-07-06 17:18:39.766
ETH,BUY,0.3200,491436.000,2024-07-06 17:18:42.316
ETH,BUY,0.7000,491641.000,2024-07-06 17:18:47.504
ETH,BUY,0.7100,490919.000,2024-07-06 17:21:04.571
ETH,BUY,0.0100,490919.000,2024-07-06 17:21:06.614
ETH,BUY,0.1000,491000.000,2024-07-06 17:31:41.269
ETH,BUY,0.4000,491000.000,2024-07-06 17:31:41.619
ETH,BUY,0.1000,491000.000,2024-07-06 17:31:53.304
ETH,BUY,1.4000,491000.000,2024-07-06 17:32:31.637
ETH,BUY,0.2950,491135.000,2024-07-06 17:32:31.637
ETH,BUY,0.3050,491226.000,2024-07-06 17:32:31.637
ETH,BUY,0.0900,491913.000,2024-07-06 17:35:45.576
ETH,BUY,0.0105,492158.000,2024-07-06 17:37:48.051
ETH,SELL,0.0200,491946.000,2024-07-06 17:42:47.361
ETH,BUY,1.7401,491545.000,2024-07-06 17:48:46.185
ETH,BUY,0.2599,491546.000,2024-07-06 17:48:46.185
ETH,BUY,0.5700,491378.000,2024-07-06 17:50:10.779
ETH,BUY,0.4300,491378.000,2024-07-06 17:50:11.249
ETH,BUY,0.1600,491862.000,2024-07-06 17:52:33.112
ETH,BUY,0.3200,491812.000,2024-07-06 17:52:34.088
ETH,BUY,0.2000,491720.000,2024-07-06 17:54:30.718
ETH,BUY,1.6626,491729.000,2024-07-06 17:54:30.718
ETH,BUY,0.1099,491731.000,2024-07-06 17:54:30.718
ETH,BUY,0.0275,492005.000,2024-07-06 17:54:30.718
ETH,BUY,0.2000,492237.000,2024-07-06 18:00:32.782
ETH,BUY,0.1000,491751.000,2024-07-06 18:01:47.336
ETH,BUY,0.5784,491751.000,2024-07-06 18:01:47.336
ETH,BUY,0.3216,492089.000,2024-07-06 18:01:47.336
ETH,BUY,0.6000,491971.000,2024-07-06 18:05:56.035
ETH,BUY,0.5800,492109.000,2024-07-06 18:26:02.226
ETH,BUY,0.0100,492196.000,2024-07-06 18:26:30.296
ETH,SELL,0.2000,492779.000,2024-07-06 18:43:58.849
ETH,BUY,0.5000,492938.000,2024-07-06 18:46:17.012
ETH,SELL,0.0200,492280.000,2024-07-06 18:57:08.698
ETH,SELL,0.1000,492278.000,2024-07-06 18:57:08.698
ETH,SELL,0.4700,492278.000,2024-07-06 18:57:08.698
ETH,SELL,0.0700,492407.000,2024-07-06 19:02:30.330
ETH,SELL,0.2153,492395.000,2024-07-06 19:02:34.178
ETH,SELL,0.1434,492395.000,2024-07-06 19:02:38.629
ETH,BUY,0.2154,492131.000,2024-07-06 19:13:32.173
ETH,BUY,0.3746,492142.000,2024-07-06 19:13:48.329
ETH,BUY,0.0200,492084.000,2024-07-06 19:14:19.128
ETH,SELL,0.2000,492314.000,2024-07-06 19:17:59.076
ETH,BUY,0.0200,492420.000,2024-07-06 19:18:03.263
ETH,SELL,0.3000,492365.000,2024-07-06 19:19:14.753
ETH,BUY,0.0100,492365.000,2024-07-06 19:27:04.154
ETH,BUY,0.0206,492316.000,2024-07-06 19:33:41.787
ETH,BUY,0.0400,492912.000,2024-07-06 19:48:23.901
ETH,BUY,0.0100,493344.000,2024-07-06 19:52:20.664
ETH,BUY,0.0400,493376.000,2024-07-06 19:53:03.593
ETH,BUY,0.1600,493464.000,2024-07-06 19:53:03.593
ETH,BUY,0.0500,493397.000,2024-07-06 19:53:16.637
ETH,BUY,0.1000,493346.000,2024-07-06 19:53:46.788
ETH,BUY,0.0420,493500.000,2024-07-06 19:56:18.516
ETH,BUY,0.0820,493940.000,2024-07-06 19:56:18.516
ETH,BUY,0.0500,493867.000,2024-07-06 19:56:36.921
ETH,BUY,0.0100,493798.000,2024-07-06 19:56:55.183
ETH,BUY,0.0262,493251.000,2024-07-06 20:00:17.706
ETH,SELL,0.5812,493700.000,2024-07-06 20:00:24.402
ETH,SELL,0.0001,493700.000,2024-07-06 20:00:24.753
ETH,SELL,0.0999,493002.000,2024-07-06 20:00:24.753
ETH,SELL,0.0300,493002.000,2024-07-06 20:00:24.783
ETH,SELL,0.0100,493002.000,2024-07-06 20:00:24.855
ETH,SELL,0.0100,493000.000,2024-07-06 20:00:25.117
ETH,SELL,0.3100,492892.000,2024-07-06 20:00:25.117
ETH,SELL,0.2000,492677.000,2024-07-06 20:00:25.154
ETH,SELL,0.0300,492893.000,2024-07-06 20:00:26.158
ETH,SELL,0.1000,492631.000,2024-07-06 20:00:27.570
ETH,BUY,0.1800,493427.000,2024-07-06 20:11:28.795
ETH,BUY,0.3200,493427.000,2024-07-06 20:11:29.989
ETH,BUY,0.0110,493437.000,2024-07-06 20:13:25.546
ETH,BUY,1.0000,493411.000,2024-07-06 20:14:01.363
ETH,BUY,1.1500,493438.000,2024-07-06 20:14:11.529
ETH,BUY,0.0100,493997.000,2024-07-06 20:19:42.287
ETH,BUY,0.0200,493919.000,2024-07-06 20:22:36.846
ETH,SELL,0.1200,493690.000,2024-07-06 20:23:22.574
ETH,BUY,0.0120,494000.000,2024-07-06 20:28:59.986
ETH,BUY,0.1000,493999.000,2024-07-06 20:29:00.671
ETH,BUY,0.4000,494479.000,2024-07-06 20:29:08.911
ETH,BUY,0.0728,494566.000,2024-07-06 20:29:09.849
ETH,BUY,0.0118,495180.000,2024-07-06 20:35:05.742
ETH,BUY,0.0100,495209.000,2024-07-06 20:35:06.717
ETH,BUY,0.0100,495656.000,2024-07-06 20:35:06.958
ETH,BUY,0.0118,495732.000,2024-07-06 20:35:06.958
ETH,BUY,0.0782,495754.000,2024-07-06 20:35:06.958
ETH,BUY,0.0100,495751.000,2024-07-06 20:35:10.961
ETH,BUY,0.3100,495531.000,2024-07-06 20:35:57.954
ETH,BUY,0.0100,495532.000,2024-07-06 20:35:57.954
ETH,BUY,0.8629,495767.000,2024-07-06 20:35:57.954
ETH,BUY,0.8171,495813.000,2024-07-06 20:35:57.954
ETH,SELL,0.1000,495500.000,2024-07-06 20:38:49.321
ETH,SELL,0.2847,493859.000,2024-07-06 20:41:39.345
ETH,SELL,0.1000,493859.000,2024-07-06 20:41:40.030
ETH,BUY,0.0290,493899.000,2024-07-06 20:42:19.394
ETH,BUY,0.3847,494053.000,2024-07-06 20:49:06.612
ETH,BUY,1.6153,494073.000,2024-07-06 20:49:06.612
ETH,BUY,0.1200,494885.000,2024-07-06 20:52:42.227
ETH,SELL,0.1000,493959.000,2024-07-06 20:59:25.567
