symbol,side,size,price,timestamp
BTC,SELL,0.0050,9661000.000,2024-07-03 21:00:18.741
BTC,BUY,0.0008,9665198.000,2024-07-03 21:00:25.875
BTC,BUY,0.0002,9665749.000,2024-07-03 21:00:44.458
BTC,BUY,0.0004,9664450.000,2024-07-03 21:01:19.949
BTC,BUY,0.0001,9663500.000,2024-07-03 21:01:26.412
BTC,SELL,0.0013,9661000.000,2024-07-03 21:01:41.804
BTC,SELL,0.0011,9660500.000,2024-07-03 21:01:41.804
BTC,SELL,0.0020,9660001.000,2024-07-03 21:01:41.804
BTC,SELL,0.0003,9660000.000,2024-07-03 21:01:41.804
BTC,SELL,0.0001,9660000.000,2024-07-03 21:01:41.804
BTC,SELL,0.0020,9660000.000,2024-07-03 21:01:41.804
BTC,SELL,0.0010,9660000.000,2024-07-03 21:01:41.804
BTC,SELL,0.0010,9660000.000,2024-07-03 21:01:41.804
BTC,SELL,0.0010,9660000.000,2024-07-03 21:01:41.804
BTC,SELL,0.0100,9660000.000,2024-07-03 21:01:41.804
BTC,SELL,0.0001,9660000.000,2024-07-03 21:01:41.804
BTC,SELL,0.0100,9660000.000,2024-07-03 21:01:41.804
BTC,SELL,0.0001,9660000.000,2024-07-03 21:01:41.804
BTC,SELL,0.0001,9660000.000,2024-07-03 21:01:41.893
BTC,SELL,0.0002,9660000.000,2024-07-03 21:01:41.893
BTC,SELL,0.0003,9659800.000,2024-07-03 21:01:41.893
BTC,SELL,0.0010,9659000.000,2024-07-03 21:01:41.893
BTC,SELL,0.0005,9658541.000,2024-07-03 21:01:41.893
BTC,SELL,0.0100,9655900.000,2024-07-03 21:01:41.893
BTC,SELL,0.0006,9655555.000,2024-07-03 21:01:41.893
BTC,SELL,0.0010,9655000.000,2024-07-03 21:01:41.893
BTC,SELL,0.0010,9654738.000,2024-07-03 21:01:41.893
BTC,SELL,0.0020,9654400.000,2024-07-03 21:01:41.893
BTC,SELL,0.0005,9654321.000,2024-07-03 21:01:41.893
BTC,SELL,0.0128,9652755.000,2024-07-03 21:01:41.893
BTC,SELL,0.0070,9652755.000,2024-07-03 21:01:41.906
BTC,SELL,0.0502,9652756.000,2024-07-03 21:01:42.137
BTC,SELL,0.0100,9651001.000,2024-07-03 21:01:42.137
BTC,SELL,0.0280,9651000.000,2024-07-03 21:01:42.137
BTC,SELL,0.0003,9650120.000,2024-07-03 21:01:42.137
BTC,SELL,0.0020,9650100.000,2024-07-03 21:01:42.137
BTC,SELL,0.0080,9650003.000,2024-07-03 21:01:42.137
BTC,SELL,0.0001,9650000.000,2024-07-03 21:01:42.137
BTC,SELL,0.0100,9650000.000,2024-07-03 21:01:42.137
BTC,SELL,0.0100,9650000.000,2024-07-03 21:01:42.137
BTC,SELL,0.0010,9650000.000,2024-07-03 21:01:42.137
BTC,SELL,0.0001,9650000.000,2024-07-03 21:01:42.137
BTC,SELL,0.0003,9650000.000,2024-07-03 21:01:42.137
BTC,SELL,0.0007,9650000.000,2024-07-03 21:01:43.574
BTC,SELL,0.0002,9650000.000,2024-07-03 21:01:43.574
BTC,SELL,0.0001,9650000.000,2024-07-03 21:01:43.574
BTC,SELL,0.0001,9650000.000,2024-07-03 21:01:43.574
BTC,SELL,0.0100,9650000.000,2024-07-03 21:01:43.574
BTC,SELL,0.0200,9650000.000,2024-07-03 21:01:43.574
BTC,SELL,0.0030,9650000.000,2024-07-03 21:01:43.574
BTC,SELL,0.0010,9650000.000,2024-07-03 21:01:43.574
BTC,SELL,0.0010,9650000.000,2024-07-03 21:01:43.574
BTC,SELL,0.0001,9650000.000,2024-07-03 21:01:43.574
BTC,SELL,0.0021,9650000.000,2024-07-03 21:01:43.574
BTC,SELL,0.0010,9650000.000,2024-07-03 21:01:43.574
BTC,SELL,0.0001,9650000.000,2024-07-03 21:01:43.574
BTC,SELL,0.0500,9650000.000,2024-07-03 21:01:43.574
BTC,SELL,0.0017,9650000.000,2024-07-03 21:01:43.574
BTC,SELL,0.0005,9650000.000,2024-07-03 21:01:43.574
BTC,SELL,0.0003,9650000.000,2024-07-03 21:01:43.574
BTC,SELL,0.0001,9650000.000,2024-07-03 21:01:43.574
BTC,SELL,0.0010,9650000.000,2024-07-03 21:01:43.574
BTC,SELL,0.0003,9650000.000,2024-07-03 21:01:43.574
BTC,SELL,0.0001,9650000.000,2024-07-03 21:01:43.574
BTC,SELL,0.0001,9650000.000,2024-07-03 21:01:43.574
BTC,SELL,0.0025,9650000.000,2024-07-03 21:01:43.574
BTC,SELL,0.0015,9650000.000,2024-07-03 21:01:43.574
BTC,SELL,0.0003,9650000.000,2024-07-03 21:01:43.574
BTC,SELL,0.0550,9650000.000,2024-07-03 21:01:43.574
BTC,SELL,0.0050,9650000.000,2024-07-03 21:01:43.574
BTC,SELL,0.0001,9650000.000,2024-07-03 21:01:43.574
BTC,SELL,0.0001,9650000.000,2024-07-03 21:01:43.574
BTC,SELL,0.0001,9650000.000,2024-07-03 21:01:43.574
BTC,SELL,0.0001,9650000.000,2024-07-03 21:01:43.574
BTC,SELL,0.0025,9650000.000,2024-07-03 21:01:43.574
BTC,SELL,0.0010,9650000.000,2024-07-03 21:01:43.574
BTC,SELL,0.0100,9650000.000,2024-07-03 21:01:43.574
BTC,SELL,0.0010,9650000.000,2024-07-03 21:01:43.574
BTC,SELL,0.0300,9650000.000,2024-07-03 21:01:43.574
BTC,SELL,0.0030,9650000.000,2024-07-03 21:01:43.574
BTC,SELL,0.0001,9650000.000,2024-07-03 21:01:43.574
BTC,SELL,0.0010,9650000.000,2024-07-03 21:01:43.574
BTC,SELL,0.0019,9650000.000,2024-07-03 21:01:43.574
BTC,SELL,0.0050,9650000.000,2024-07-03 21:01:43.574
BTC,SELL,0.0010,9650000.000,2024-07-03 21:01:43.574
BTC,SELL,0.0010,9650000.000,2024-07-03 21:01:43.574
BTC,SELL,0.0003,9650000.000,2024-07-03 21:01:43.574
BTC,SELL,0.0200,9650000.000,2024-07-03 21:01:43.574
BTC,SELL,0.0050,9650000.000,2024-07-03 21:01:43.574
BTC,SELL,0.0004,9650000.000,2024-07-03 21:01:43.574
BTC,SELL,0.0800,9650000.000,2024-07-03 21:01:43.574
BTC,SELL,0.0001,9650000.000,2024-07-03 21:01:43.574
BTC,SELL,0.0050,9650000.000,2024-07-03 21:01:43.574
BTC,SELL,0.0100,9650000.000,2024-07-03 21:01:43.574
BTC,SELL,0.0001,9650000.000,2024-07-03 21:01:43.574
BTC,SELL,0.0001,9650000.000,2024-07-03 21:01:43.574
BTC,SELL,0.0001,9650000.000,2024-07-03 21:01:43.574
BTC,SELL,0.0100,9650000.000,2024-07-03 21:01:43.574
BTC,SELL,0.0020,9650000.000,2024-07-03 21:01:43.574
BTC,SELL,0.0001,9650000.000,2024-07-03 21:01:43.574
BTC,SELL,0.0001,9650000.000,2024-07-03 21:01:43.574
BTC,SELL,0.0001,9650000.000,2024-07-03 21:01:43.574
BTC,SELL,0.0050,9650000.000,2024-07-03 21:01:43.574
BTC,SELL,0.0010,9650000.000,2024-07-03 21:01:43.574
BTC,SELL,0.0010,9650000.000,2024-07-03 21:01:43.574
BTC,SELL,0.0001,9647159.000,2024-07-03 21:01:43.574
BTC,SELL,0.0138,9646642.000,2024-07-03 21:01:43.574
BTC,SELL,0.0018,9650000.000,2024-07-03 21:01:44.005
BTC,SELL,0.0052,9646642.000,2024-07-03 21:01:44.005
BTC,SELL,0.0013,9646642.000,2024-07-03 21:01:44.166
BTC,SELL,0.0100,9646642.000,2024-07-03 21:01:44.308
BTC,SELL,0.0011,9646642.000,2024-07-03 21:01:44.395
BTC,SELL,0.0020,9646450.000,2024-07-03 21:01:47.437
BTC,BUY,0.0001,9647760.000,2024-07-03 21:01:48.365
BTC,BUY,0.0049,9648560.000,2024-07-03 21:01:48.365
BTC,BUY,0.0100,9648559.000,2024-07-03 21:01:48.557
BTC,BUY,0.0018,9648560.000,2024-07-03 21:01:48.557
BTC,BUY,0.0050,9648560.000,2024-07-03 21:01:49.315
BTC,BUY,0.0050,9648560.000,2024-07-03 21:01:50.346
BTC,BUY,0.0060,9648560.000,2024-07-03 21:01:50.627
BTC,BUY,0.0735,9648559.000,2024-07-03 21:01:51.432
BTC,BUY,0.0070,9648560.000,2024-07-03 21:01:51.432
BTC,BUY,0.0100,9650968.000,2024-07-03 21:01:51.432
BTC,BUY,0.0095,9656096.000,2024-07-03 21:01:51.432
BTC,SELL,0.0532,9646700.000,2024-07-03 21:01:52.157
BTC,BUY,0.0050,9656096.000,2024-07-03 21:01:53.797
BTC,SELL,0.0002,9648559.000,2024-07-03 21:01:57.895
BTC,SELL,0.0097,9648559.000,2024-07-03 21:01:57.895
BTC,BUY,0.0025,9656390.000,2024-07-03 21:02:11.593
BTC,SELL,0.0002,9646442.000,2024-07-03 21:02:15.647
BTC,BUY,0.0001,9653150.000,2024-07-03 21:02:16.559
BTC,BUY,0.0001,9651500.000,2024-07-03 21:02:28.144
BTC,SELL,0.0001,9646439.000,2024-07-03 21:02:42.881
BTC,SELL,0.0010,9646418.000,2024-07-03 21:02:42.881
BTC,SELL,0.0009,9645000.000,2024-07-03 21:02:42.881
BTC,BUY,0.0020,9648199.000,2024-07-03 21:02:48.133
BTC,BUY,0.0500,9648099.000,2024-07-03 21:02:52.783
BTC,BUY,0.0005,9652850.000,2024-07-03 21:03:17.217
BTC,SELL,0.0400,9650000.000,2024-07-03 21:03:23.253
BTC,SELL,0.0002,9650000.000,2024-07-03 21:03:23.253
BTC,BUY,0.0007,9649016.000,2024-07-03 21:03:26.393
BTC,BUY,0.0002,9647900.000,2024-07-03 21:03:33.135
BTC,BUY,0.0003,9647900.000,2024-07-03 21:03:34.471
BTC,BUY,0.0006,9647520.000,2024-07-03 21:03:43.770
BTC,SELL,0.0073,9646001.000,2024-07-03 21:05:20.877
BTC,BUY,0.0004,9647900.000,2024-07-03 21:05:21.101
BTC,BUY,0.0090,9647840.000,2024-07-03 21:05:22.383
BTC,BUY,0.0910,9647900.000,2024-07-03 21:05:22.383
BTC,BUY,0.0001,9651300.000,2024-07-03 21:05:26.877
BTC,SELL,0.0100,9650000.000,2024-07-03 21:05:48.351
BTC,SELL,0.0055,9650000.000,2024-07-03 21:05:48.351
BTC,SELL,0.0545,9650000.000,2024-07-03 21:05:49.508
BTC,BUY,0.0700,9654599.000,2024-07-03 21:06:56.217
BTC,BUY,0.1000,9654600.000,2024-07-03 21:06:56.217
BTC,BUY,0.0300,9662199.000,2024-07-03 21:07:29.118
BTC,BUY,0.0020,9662198.000,2024-07-03 21:07:29.197
BTC,BUY,0.0009,9662198.000,2024-07-03 21:07:29.460
BTC,BUY,0.0043,9666514.000,2024-07-03 21:07:29.984
BTC,BUY,0.0087,9667324.000,2024-07-03 21:07:29.984
BTC,BUY,0.0164,9668758.000,2024-07-03 21:07:29.984
BTC,BUY,0.0697,9675050.000,2024-07-03 21:07:38.764
BTC,SELL,0.0099,9673174.000,2024-07-03 21:07:39.713
BTC,BUY,0.0050,9675050.000,2024-07-03 21:07:53.588
BTC,BUY,0.0002,9675096.000,2024-07-03 21:07:55.655
BTC,BUY,0.0073,9682120.000,2024-07-03 21:07:55.655
BTC,BUY,0.0003,9690000.000,2024-07-03 21:07:55.655
BTC,BUY,0.0101,9690337.000,2024-07-03 21:07:55.655
BTC,BUY,0.0125,9694160.000,2024-07-03 21:07:55.655
BTC,BUY,0.0246,9695290.000,2024-07-03 21:07:55.655
BTC,BUY,0.0100,9692300.000,2024-07-03 21:08:03.110
BTC,SELL,0.0099,9681408.000,2024-07-03 21:08:15.216
BTC,SELL,0.0102,9681375.000,2024-07-03 21:08:21.299
BTC,SELL,0.0097,9681375.000,2024-07-03 21:08:21.299
BTC,BUY,0.0002,9681376.000,2024-07-03 21:08:29.765
BTC,BUY,0.0018,9689120.000,2024-07-03 21:08:29.765
BTC,BUY,0.0050,9689006.000,2024-07-03 21:08:34.850
BTC,SELL,0.0018,9681375.000,2024-07-03 21:08:39.973
BTC,SELL,0.0002,9681375.000,2024-07-03 21:08:39.973
BTC,BUY,0.0001,9681376.000,2024-07-03 21:09:09.437
BTC,BUY,0.0002,9689036.000,2024-07-03 21:09:29.588
BTC,BUY,0.0016,9691850.000,2024-07-03 21:09:29.588
BTC,BUY,0.0013,9691700.000,2024-07-03 21:09:45.439
BTC,BUY,0.0002,9687551.000,2024-07-03 21:11:16.124
BTC,BUY,0.0008,9695151.000,2024-07-03 21:11:16.124
BTC,BUY,0.0002,9696600.000,2024-07-03 21:12:16.500
BTC,BUY,0.0002,9687552.000,2024-07-03 21:12:44.075
BTC,SELL,0.0100,9696600.000,2024-07-03 21:12:44.697
BTC,SELL,0.0048,9696600.000,2024-07-03 21:12:44.701
BTC,SELL,0.0050,9687550.000,2024-07-03 21:12:44.704
BTC,BUY,0.0010,9696750.000,2024-07-03 21:12:45.622
BTC,SELL,0.0001,9687550.000,2024-07-03 21:12:45.813
BTC,SELL,0.0059,9685213.000,2024-07-03 21:12:45.813
BTC,BUY,0.0001,9690000.000,2024-07-03 21:12:49.432
BTC,SELL,0.0050,9691760.000,2024-07-03 21:13:12.604
BTC,BUY,0.0002,9695000.000,2024-07-03 21:13:27.751
BTC,BUY,0.0001,9699626.000,2024-07-03 21:13:27.751
BTC,BUY,0.0003,9700000.000,2024-07-03 21:13:27.751
BTC,BUY,0.0004,9700000.000,2024-07-03 21:13:27.751
BTC,BUY,0.0001,9701227.000,2024-07-03 21:13:27.751
BTC,BUY,0.0002,9701828.000,2024-07-03 21:13:27.751
BTC,BUY,0.0005,9703480.000,2024-07-03 21:13:27.751
BTC,BUY,0.0032,9704601.000,2024-07-03 21:13:27.751
BTC,BUY,0.0050,9703666.000,2024-07-03 21:13:47.967
BTC,BUY,0.0050,9703750.000,2024-07-03 21:13:47.967
BTC,BUY,0.0001,9703250.000,2024-07-03 21:14:41.059
BTC,BUY,0.0100,9703250.000,2024-07-03 21:14:49.398
BTC,BUY,0.0010,9704602.000,2024-07-03 21:15:02.282
BTC,BUY,0.0001,9704549.000,2024-07-03 21:15:16.340
BTC,SELL,0.0010,9699750.000,2024-07-03 21:15:37.996
BTC,BUY,0.0001,9703500.000,2024-07-03 21:16:17.517
BTC,SELL,0.0020,9700000.000,2024-07-03 21:18:02.569
BTC,BUY,0.0001,9700003.000,2024-07-03 21:18:33.410
BTC,SELL,0.0001,9700002.000,2024-07-03 21:19:04.153
BTC,SELL,0.0049,9700000.000,2024-07-03 21:19:04.153
BTC,SELL,0.0051,9700000.000,2024-07-03 21:19:04.777
BTC,BUY,0.0001,9700000.000,2024-07-03 21:19:08.675
BTC,SELL,0.0001,9699880.000,2024-07-03 21:19:08.793
BTC,BUY,0.0001,9699881.000,2024-07-03 21:19:27.112
BTC,SELL,0.0001,9699880.000,2024-07-03 21:19:28.350
BTC,SELL,0.0001,9698000.000,2024-07-03 21:19:28.350
BTC,SELL,0.0008,9694436.000,2024-07-03 21:19:28.350
BTC,BUY,0.0002,9699650.000,2024-07-03 21:19:41.320
BTC,BUY,0.0002,9699550.000,2024-07-03 21:19:48.439
BTC,SELL,0.0099,9692000.000,2024-07-03 21:20:00.909
BTC,BUY,0.0001,9698750.000,2024-07-03 21:20:09.905
BTC,SELL,0.0085,9692000.000,2024-07-03 21:20:18.687
BTC,BUY,0.0005,9698050.000,2024-07-03 21:20:26.115
BTC,SELL,0.0012,9692000.000,2024-07-03 21:20:28.962
BTC,BUY,0.0001,9695600.000,2024-07-03 21:21:40.123
BTC,BUY,0.0030,9694650.000,2024-07-03 21:22:24.596
BTC,BUY,0.0001,9694650.000,2024-07-03 21:22:25.754
BTC,SELL,0.0089,9688004.000,2024-07-03 21:22:41.433
BTC,BUY,0.0116,9700099.000,2024-07-03 21:22:51.360
BTC,BUY,0.0070,9700099.000,2024-07-03 21:22:51.360
BTC,BUY,0.0001,9699899.000,2024-07-03 21:23:01.060
BTC,SELL,0.0099,9688066.000,2024-07-03 21:23:23.936
BTC,BUY,0.0001,9698300.000,2024-07-03 21:24:02.366
BTC,SELL,0.0101,9696901.000,2024-07-03 21:25:08.969
BTC,SELL,0.0002,9696900.000,2024-07-03 21:25:08.969
BTC,SELL,0.0017,9694391.000,2024-07-03 21:25:08.969
BTC,SELL,0.0001,9694391.000,2024-07-03 21:25:09.717
BTC,SELL,0.0075,9692240.000,2024-07-03 21:25:09.717
BTC,SELL,0.0024,9692071.000,2024-07-03 21:25:09.717
BTC,SELL,0.0166,9693166.000,2024-07-03 21:25:56.165
BTC,SELL,0.0125,9693680.000,2024-07-03 21:26:02.713
BTC,SELL,0.0244,9693650.000,2024-07-03 21:26:02.713
BTC,BUY,0.0001,9701359.000,2024-07-03 21:26:18.084
BTC,BUY,0.0099,9704479.000,2024-07-03 21:26:34.866
BTC,BUY,0.0041,9704480.000,2024-07-03 21:26:34.866
BTC,BUY,0.0100,9704531.000,2024-07-03 21:26:40.267
BTC,BUY,0.0100,9704532.000,2024-07-03 21:26:40.267
BTC,BUY,0.0011,9703900.000,2024-07-03 21:28:27.716
BTC,SELL,0.0099,9701314.000,2024-07-03 21:28:29.811
BTC,BUY,0.0150,9703850.000,2024-07-03 21:28:43.580
BTC,BUY,0.0001,9704950.000,2024-07-03 21:30:10.522
BTC,BUY,0.0004,9704950.000,2024-07-03 21:30:25.839
BTC,BUY,0.0001,9705000.000,2024-07-03 21:30:45.677
BTC,BUY,0.0002,9705000.000,2024-07-03 21:30:54.909
BTC,BUY,0.0007,9709937.000,2024-07-03 21:30:54.909
BTC,BUY,0.0003,9710000.000,2024-07-03 21:30:54.909
BTC,BUY,0.0008,9715087.000,2024-07-03 21:30:54.909
BTC,SELL,0.0150,9708587.000,2024-07-03 21:30:58.039
BTC,BUY,0.0002,9715000.000,2024-07-03 21:31:12.052
BTC,BUY,0.0002,9715144.000,2024-07-03 21:31:12.052
BTC,BUY,0.0001,9715494.000,2024-07-03 21:31:12.052
BTC,BUY,0.0005,9717150.000,2024-07-03 21:31:12.052
BTC,BUY,0.0011,9715550.000,2024-07-03 21:31:44.226
BTC,BUY,0.0001,9715500.000,2024-07-03 21:31:46.950
BTC,BUY,0.0002,9715200.000,2024-07-03 21:32:17.793
BTC,SELL,0.0050,9712730.000,2024-07-03 21:32:40.120
BTC,BUY,0.0050,9714700.000,2024-07-03 21:32:55.994
BTC,BUY,0.0001,9719000.000,2024-07-03 21:34:02.807
BTC,BUY,0.0003,9720000.000,2024-07-03 21:34:34.586
BTC,BUY,0.0857,9720730.000,2024-07-03 21:34:36.244
BTC,BUY,0.0920,9720730.000,2024-07-03 21:34:36.351
BTC,BUY,0.1000,9726300.000,2024-07-03 21:34:47.595
BTC,BUY,0.1000,9726300.000,2024-07-03 21:34:47.595
BTC,BUY,0.0002,9726357.000,2024-07-03 21:35:27.302
BTC,BUY,0.0148,9727167.000,2024-07-03 21:35:27.302
BTC,BUY,0.0003,9730000.000,2024-07-03 21:35:27.302
BTC,BUY,0.0247,9731355.000,2024-07-03 21:35:27.302
BTC,BUY,0.0001,9731920.000,2024-07-03 21:35:39.383
BTC,BUY,0.0002,9731920.000,2024-07-03 21:35:42.328
BTC,BUY,0.0033,9731920.000,2024-07-03 21:35:48.682
BTC,BUY,0.0673,9734585.000,2024-07-03 21:35:48.682
BTC,BUY,0.0008,9735413.000,2024-07-03 21:35:48.682
BTC,BUY,0.0910,9735445.000,2024-07-03 21:35:48.682
BTC,BUY,0.0300,9739738.000,2024-07-03 21:35:48.682
BTC,BUY,0.0003,9740000.000,2024-07-03 21:35:48.682
BTC,BUY,0.0084,9747120.000,2024-07-03 21:35:48.682
BTC,BUY,0.0400,9747122.000,2024-07-03 21:35:48.682
BTC,BUY,0.0295,9747686.000,2024-07-03 21:35:48.682
BTC,BUY,0.0003,9750000.000,2024-07-03 21:35:48.682
BTC,BUY,0.0004,9750000.000,2024-07-03 21:35:48.682
BTC,BUY,0.0731,9753060.000,2024-07-03 21:35:48.682
BTC,BUY,0.0010,9753590.000,2024-07-03 21:35:48.682
BTC,BUY,0.0200,9754120.000,2024-07-03 21:35:48.682
BTC,BUY,0.0192,9754650.000,2024-07-03 21:35:48.682
BTC,BUY,0.0731,9755710.000,2024-07-03 21:35:48.682
BTC,BUY,0.0050,9756240.000,2024-07-03 21:35:48.682
BTC,BUY,0.0373,9758360.000,2024-07-03 21:35:48.682
BTC,SELL,0.0099,9734962.000,2024-07-03 21:36:05.402
BTC,BUY,0.0030,9753286.000,2024-07-03 21:36:10.317
BTC,BUY,0.0002,9735042.000,2024-07-03 21:36:15.422
BTC,SELL,0.0008,9750000.000,2024-07-03 21:36:16.467
BTC,BUY,0.0050,9740001.000,2024-07-03 21:36:30.738
BTC,BUY,0.0002,9740001.000,2024-07-03 21:36:49.380
BTC,BUY,0.0001,9738106.000,2024-07-03 21:37:22.825
BTC,BUY,0.0002,9734640.000,2024-07-03 21:37:40.925
BTC,BUY,0.0018,9734731.000,2024-07-03 21:37:40.925
BTC,BUY,0.0001,9732950.000,2024-07-03 21:37:55.234
BTC,SELL,0.0125,9731360.000,2024-07-03 21:38:13.676
BTC,SELL,0.0175,9731239.000,2024-07-03 21:38:13.676
BTC,SELL,0.0050,9731237.000,2024-07-03 21:38:16.922
BTC,BUY,0.0001,9732049.000,2024-07-03 21:38:30.495
BTC,BUY,0.0057,9731749.000,2024-07-03 21:38:45.192
BTC,BUY,0.0043,9731750.000,2024-07-03 21:38:45.192
BTC,BUY,0.0001,9734450.000,2024-07-03 21:39:31.856
BTC,BUY,0.0015,9740317.000,2024-07-03 21:41:18.564
BTC,BUY,0.0001,9740317.000,2024-07-03 21:41:47.619
BTC,BUY,0.0001,9740317.000,2024-07-03 21:42:22.938
BTC,BUY,0.0001,9740317.000,2024-07-03 21:42:40.090
BTC,BUY,0.0002,9740317.000,2024-07-03 21:43:07.801
BTC,BUY,0.0002,9745991.000,2024-07-03 21:43:07.801
BTC,BUY,0.0001,9742469.000,2024-07-03 21:43:24.213
BTC,BUY,0.0300,9742469.000,2024-07-03 21:43:36.442
BTC,BUY,0.0002,9742200.000,2024-07-03 21:44:02.179
BTC,BUY,0.0100,9742200.000,2024-07-03 21:44:13.058
BTC,BUY,0.0500,9744950.000,2024-07-03 21:44:26.425
BTC,BUY,0.0007,9744950.000,2024-07-03 21:44:43.480
BTC,BUY,0.0002,9745000.000,2024-07-03 21:45:30.391
BTC,BUY,0.0003,9746131.000,2024-07-03 21:45:48.772
BTC,BUY,0.0001,9746131.000,2024-07-03 21:46:33.958
BTC,BUY,0.1000,9749950.000,2024-07-03 21:46:54.194
BTC,BUY,0.0001,9749950.000,2024-07-03 21:47:16.576
BTC,BUY,0.0001,9749341.000,2024-07-03 21:47:53.964
BTC,BUY,0.0025,9748651.000,2024-07-03 21:49:10.788
BTC,BUY,0.0010,9748651.000,2024-07-03 21:49:13.665
BTC,BUY,0.0065,9748651.000,2024-07-03 21:49:17.464
BTC,BUY,0.0335,9748651.000,2024-07-03 21:49:17.464
BTC,BUY,0.0005,9748651.000,2024-07-03 21:49:27.887
BTC,BUY,0.0001,9748651.000,2024-07-03 21:49:32.345
BTC,BUY,0.0001,9748651.000,2024-07-03 21:50:07.806
BTC,BUY,0.0658,9748651.000,2024-07-03 21:50:41.872
BTC,BUY,0.0110,9748651.000,2024-07-03 21:50:41.872
BTC,BUY,0.0096,9748651.000,2024-07-03 21:50:41.872
BTC,BUY,0.0100,9748651.000,2024-07-03 21:50:41.872
BTC,BUY,0.0140,9748651.000,2024-07-03 21:50:41.872
BTC,SELL,0.0050,9748651.000,2024-07-03 21:50:42.837
BTC,SELL,0.1000,9748651.000,2024-07-03 21:50:42.909
BTC,SELL,0.0050,9748651.000,2024-07-03 21:50:44.842
BTC,SELL,0.0050,9748651.000,2024-07-03 21:50:45.353
BTC,SELL,0.0746,9748651.000,2024-07-03 21:50:45.845
BTC,BUY,0.0001,9748651.000,2024-07-03 21:51:08.902
BTC,SELL,0.0001,9748650.000,2024-07-03 21:53:04.401
BTC,SELL,0.0001,9746100.000,2024-07-03 21:53:04.401
BTC,SELL,0.0008,9744569.000,2024-07-03 21:53:04.401
BTC,SELL,0.0001,9744444.000,2024-07-03 21:53:04.401
BTC,SELL,0.0076,9742362.000,2024-07-03 21:53:04.401
BTC,SELL,0.0100,9741826.000,2024-07-03 21:53:04.401
BTC,SELL,0.0033,9741825.000,2024-07-03 21:53:04.401
BTC,BUY,0.0001,9742177.000,2024-07-03 21:53:24.745
BTC,BUY,0.0001,9742177.000,2024-07-03 21:54:00.138
BTC,BUY,0.0001,9748850.000,2024-07-03 21:54:27.662
BTC,BUY,0.0100,9749999.000,2024-07-03 21:55:10.802
BTC,BUY,0.0002,9750000.000,2024-07-03 21:55:10.943
BTC,BUY,0.0200,9752000.000,2024-07-03 21:55:13.612
BTC,BUY,0.0100,9752000.000,2024-07-03 21:55:13.616
BTC,BUY,0.0910,9752530.000,2024-07-03 21:55:14.877
BTC,BUY,0.0910,9752530.000,2024-07-03 21:55:14.905
BTC,BUY,0.0200,9752530.000,2024-07-03 21:55:15.098
BTC,BUY,0.0060,9753060.000,2024-07-03 21:55:15.945
BTC,BUY,0.0050,9753060.000,2024-07-03 21:55:16.154
BTC,BUY,0.0002,9755000.000,2024-07-03 21:55:16.371
BTC,BUY,0.0098,9755710.000,2024-07-03 21:55:16.371
BTC,BUY,0.0050,9755710.000,2024-07-03 21:55:16.659
BTC,BUY,0.0002,9756643.000,2024-07-03 21:55:19.088
BTC,BUY,0.0003,9760000.000,2024-07-03 21:55:19.088
BTC,BUY,0.0020,9760000.000,2024-07-03 21:55:19.088
BTC,BUY,0.0002,9760349.000,2024-07-03 21:55:19.088
BTC,BUY,0.0004,9761040.000,2024-07-03 21:55:19.088
BTC,BUY,0.0019,9767440.000,2024-07-03 21:55:19.088
BTC,BUY,0.0050,9767400.000,2024-07-03 21:55:29.635
BTC,SELL,0.0012,9764994.000,2024-07-03 21:55:31.873
BTC,SELL,0.0300,9763556.000,2024-07-03 21:55:31.873
BTC,SELL,0.0100,9762814.000,2024-07-03 21:55:31.873
BTC,SELL,0.0688,9760338.000,2024-07-03 21:55:31.873
BTC,SELL,0.0005,9763670.000,2024-07-03 21:55:32.146
BTC,BUY,0.0001,9769950.000,2024-07-03 21:57:17.189
BTC,BUY,0.0010,9769950.000,2024-07-03 21:57:23.211
BTC,SELL,0.0002,9765506.000,2024-07-03 21:57:24.211
BTC,BUY,0.0001,9765000.000,2024-07-03 21:57:52.519
BTC,BUY,0.0010,9763919.000,2024-07-03 21:58:40.211
BTC,BUY,0.0090,9763919.000,2024-07-03 21:58:42.448
BTC,BUY,0.0010,9763919.000,2024-07-03 21:58:42.448
BTC,BUY,0.0001,9763919.000,2024-07-03 21:58:53.621
BTC,BUY,0.0100,9763919.000,2024-07-03 21:59:31.493
BTC,SELL,0.0010,9763918.000,2024-07-03 22:00:01.713
BTC,BUY,0.0008,9763919.000,2024-07-03 22:00:03.083
BTC,SELL,0.0050,9760001.000,2024-07-03 22:00:03.652
BTC,BUY,0.0004,9760002.000,2024-07-03 22:00:04.509
BTC,SELL,0.0129,9760001.000,2024-07-03 22:00:06.832
BTC,BUY,0.0001,9760002.000,2024-07-03 22:00:06.901
BTC,SELL,0.0050,9760001.000,2024-07-03 22:00:07.235
BTC,SELL,0.0133,9760001.000,2024-07-03 22:00:07.314
BTC,SELL,0.0050,9760001.000,2024-07-03 22:00:08.776
BTC,SELL,0.0050,9760001.000,2024-07-03 22:00:09.278
BTC,SELL,0.0050,9760001.000,2024-07-03 22:00:09.414
BTC,SELL,0.0050,9760001.000,2024-07-03 22:00:09.782
BTC,SELL,0.0050,9760001.000,2024-07-03 22:00:12.300
BTC,SELL,0.0050,9760001.000,2024-07-03 22:00:13.328
BTC,SELL,0.0060,9760001.000,2024-07-03 22:00:13.426
BTC,SELL,0.0050,9760001.000,2024-07-03 22:00:14.865
BTC,SELL,0.0050,9760001.000,2024-07-03 22:00:15.380
BTC,SELL,0.0114,9760001.000,2024-07-03 22:00:15.429
BTC,SELL,0.0050,9760001.000,2024-07-03 22:00:19.408
BTC,BUY,0.0001,9760002.000,2024-07-03 22:00:32.731
BTC,SELL,0.0014,9760001.000,2024-07-03 22:01:08.183
BTC,SELL,0.0010,9760000.000,2024-07-03 22:01:08.183
BTC,SELL,0.0117,9760000.000,2024-07-03 22:01:08.183
BTC,SELL,0.0141,9760000.000,2024-07-03 22:01:08.228
BTC,SELL,0.0050,9760000.000,2024-07-03 22:01:08.498
BTC,SELL,0.0050,9760000.000,2024-07-03 22:01:09.022
BTC,SELL,0.0050,9760000.000,2024-07-03 22:01:09.498
BTC,BUY,0.0001,9760001.000,2024-07-03 22:01:09.525
BTC,SELL,0.0592,9760000.000,2024-07-03 22:01:10.003
BTC,SELL,0.0010,9758213.000,2024-07-03 22:01:20.355
BTC,BUY,0.0001,9758214.000,2024-07-03 22:01:20.636
BTC,BUY,0.0001,9752600.000,2024-07-03 22:01:44.859
BTC,BUY,0.0100,9759032.000,2024-07-03 22:02:37.492
BTC,BUY,0.0001,9759000.000,2024-07-03 22:02:45.998
BTC,BUY,0.0110,9759000.000,2024-07-03 22:02:49.274
BTC,BUY,0.0001,9753350.000,2024-07-03 22:05:01.945
BTC,SELL,0.0001,9750000.000,2024-07-03 22:05:27.290
BTC,SELL,0.0010,9750000.000,2024-07-03 22:05:27.290
BTC,SELL,0.0039,9750000.000,2024-07-03 22:05:27.290
BTC,BUY,0.0050,9750001.000,2024-07-03 22:05:29.432
BTC,SELL,0.0049,9750000.000,2024-07-03 22:05:34.489
BTC,SELL,0.0001,9750000.000,2024-07-03 22:05:34.489
BTC,BUY,0.0001,9750001.000,2024-07-03 22:05:37.190
BTC,SELL,0.0009,9750000.000,2024-07-03 22:05:48.131
BTC,SELL,0.0001,9744999.000,2024-07-03 22:05:50.141
BTC,SELL,0.0001,9742000.000,2024-07-03 22:05:50.141
BTC,SELL,0.0050,9741205.000,2024-07-03 22:05:50.141
BTC,SELL,0.0700,9740252.000,2024-07-03 22:05:50.141
BTC,SELL,0.0100,9740145.000,2024-07-03 22:05:50.141
BTC,SELL,0.0030,9740017.000,2024-07-03 22:05:50.141
BTC,SELL,0.0010,9740000.000,2024-07-03 22:05:50.141
BTC,SELL,0.0400,9739848.000,2024-07-03 22:05:50.141
BTC,SELL,0.0300,9739724.000,2024-07-03 22:05:50.141
BTC,SELL,0.0100,9736615.000,2024-07-03 22:05:50.141
BTC,SELL,0.0142,9736542.000,2024-07-03 22:05:50.141
BTC,SELL,0.0166,9736096.000,2024-07-03 22:05:50.141
BTC,SELL,0.0347,9736096.000,2024-07-03 22:05:50.210
BTC,SELL,0.0100,9734874.000,2024-07-03 22:05:50.210
BTC,SELL,0.0025,9733855.000,2024-07-03 22:05:50.210
BTC,SELL,0.0010,9733843.000,2024-07-03 22:05:50.210
BTC,SELL,0.0125,9730800.000,2024-07-03 22:05:50.210
BTC,SELL,0.0393,9730763.000,2024-07-03 22:05:50.210
BTC,SELL,0.0050,9738850.000,2024-07-03 22:06:28.981
BTC,BUY,0.0025,9741499.000,2024-07-03 22:07:40.215
BTC,BUY,0.0010,9741499.000,2024-07-03 22:08:07.494
BTC,BUY,0.0065,9741499.000,2024-07-03 22:08:34.205
BTC,BUY,0.0035,9741500.000,2024-07-03 22:08:34.205
BTC,BUY,0.0182,9741500.000,2024-07-03 22:09:07.962
BTC,BUY,0.0513,9741500.000,2024-07-03 22:09:07.962
BTC,BUY,0.0300,9744876.000,2024-07-03 22:09:07.962
BTC,BUY,0.0005,9745338.000,2024-07-03 22:09:07.962
BTC,BUY,0.0005,9742199.000,2024-07-03 22:10:10.384
BTC,BUY,0.0002,9741700.000,2024-07-03 22:10:20.090
BTC,BUY,0.0050,9741649.000,2024-07-03 22:10:22.501
BTC,BUY,0.0041,9741600.000,2024-07-03 22:10:22.947
BTC,BUY,0.0001,9741600.000,2024-07-03 22:10:27.458
BTC,BUY,0.0005,9745840.000,2024-07-03 22:11:20.688
BTC,BUY,0.0002,9748000.000,2024-07-03 22:12:05.486
BTC,BUY,0.0001,9753188.000,2024-07-03 22:13:08.388
BTC,BUY,0.0001,9753188.000,2024-07-03 22:14:22.935
BTC,BUY,0.0001,9754882.000,2024-07-03 22:14:22.958
BTC,BUY,0.0100,9755646.000,2024-07-03 22:14:34.347
BTC,BUY,0.0030,9758115.000,2024-07-03 22:15:01.727
BTC,BUY,0.0001,9758311.000,2024-07-03 22:15:03.514
BTC,BUY,0.0048,9756376.000,2024-07-03 22:15:28.867
BTC,BUY,0.0007,9757908.000,2024-07-03 22:15:28.867
BTC,BUY,0.0010,9757900.000,2024-07-03 22:15:32.773
BTC,BUY,0.0004,9758960.000,2024-07-03 22:15:56.533
BTC,BUY,0.0005,9758960.000,2024-07-03 22:15:57.287
BTC,BUY,0.0049,9758960.000,2024-07-03 22:16:22.952
BTC,BUY,0.0291,9759000.000,2024-07-03 22:16:22.952
BTC,BUY,0.0005,9759000.000,2024-07-03 22:16:35.639
BTC,BUY,0.0001,9759000.000,2024-07-03 22:16:39.066
BTC,BUY,0.0001,9757148.000,2024-07-03 22:17:49.878
BTC,BUY,0.0125,9757040.000,2024-07-03 22:17:56.329
BTC,BUY,0.0026,9757098.000,2024-07-03 22:17:56.329
BTC,BUY,0.0641,9757098.000,2024-07-03 22:17:56.329
BTC,BUY,0.0063,9757148.000,2024-07-03 22:17:56.329
BTC,BUY,0.0050,9758009.000,2024-07-03 22:17:56.329
BTC,BUY,0.1195,9759000.000,2024-07-03 22:17:56.329
BTC,BUY,0.1000,9759000.000,2024-07-03 22:18:17.941
BTC,BUY,0.0100,9759000.000,2024-07-03 22:18:18.163
BTC,BUY,0.0002,9759000.000,2024-07-03 22:18:26.369
BTC,BUY,0.0200,9758950.000,2024-07-03 22:18:43.800
BTC,BUY,0.0062,9758900.000,2024-07-03 22:18:52.047
BTC,BUY,0.0138,9759000.000,2024-07-03 22:18:52.047
BTC,BUY,0.0030,9759000.000,2024-07-03 22:19:09.764
BTC,BUY,0.0100,9758998.000,2024-07-03 22:21:29.803
BTC,BUY,0.0020,9758999.000,2024-07-03 22:21:37.138
BTC,BUY,0.0005,9757000.000,2024-07-03 22:24:01.936
BTC,BUY,0.0010,9755058.000,2024-07-03 22:25:45.826
BTC,BUY,0.0200,9757000.000,2024-07-03 22:27:33.506
BTC,BUY,0.0050,9757000.000,2024-07-03 22:27:34.909
BTC,BUY,0.1000,9757000.000,2024-07-03 22:27:35.199
BTC,BUY,0.0050,9757000.000,2024-07-03 22:27:35.392
BTC,BUY,0.1000,9757000.000,2024-07-03 22:27:35.483
BTC,BUY,0.0427,9757000.000,2024-07-03 22:27:35.540
BTC,BUY,0.0100,9757000.000,2024-07-03 22:27:38.629
BTC,BUY,0.0100,9757000.000,2024-07-03 22:27:39.489
BTC,BUY,0.1000,9757000.000,2024-07-03 22:27:39.635
BTC,BUY,0.0050,9757000.000,2024-07-03 22:27:39.948
BTC,BUY,0.0100,9757000.000,2024-07-03 22:27:39.996
BTC,BUY,0.0050,9757000.000,2024-07-03 22:27:40.463
BTC,BUY,0.1000,9757000.000,2024-07-03 22:27:40.886
BTC,BUY,0.0100,9757000.000,2024-07-03 22:27:40.960
BTC,BUY,0.1000,9757000.000,2024-07-03 22:27:41.079
BTC,BUY,0.0060,9757000.000,2024-07-03 22:27:41.445
BTC,BUY,0.0070,9757000.000,2024-07-03 22:27:41.613
BTC,BUY,0.0060,9757000.000,2024-07-03 22:27:41.666
BTC,BUY,0.0100,9757000.000,2024-07-03 22:27:42.287
BTC,BUY,0.0010,9757000.000,2024-07-03 22:27:42.719
BTC,BUY,0.0020,9757000.000,2024-07-03 22:27:42.805
BTC,BUY,0.0050,9757000.000,2024-07-03 22:27:42.983
BTC,BUY,0.1000,9757000.000,2024-07-03 22:27:43.449
BTC,BUY,0.0616,9757000.000,2024-07-03 22:27:43.454
BTC,BUY,0.0050,9757300.000,2024-07-03 22:27:43.482
BTC,BUY,0.0001,9760000.000,2024-07-03 22:27:44.201
BTC,BUY,0.0049,9760000.000,2024-07-03 22:27:44.205
BTC,BUY,0.0021,9760480.000,2024-07-03 22:27:44.205
BTC,BUY,0.0250,9761010.000,2024-07-03 22:27:45.077
BTC,BUY,0.0001,9764425.000,2024-07-03 22:27:46.248
BTC,BUY,0.0009,9766880.000,2024-07-03 22:27:46.248
BTC,BUY,0.0020,9768500.000,2024-07-03 22:27:56.960
BTC,BUY,0.0001,9767000.000,2024-07-03 22:27:58.344
BTC,BUY,0.0001,9767000.000,2024-07-03 22:28:04.911
BTC,SELL,0.0001,9762450.000,2024-07-03 22:28:17.420
BTC,BUY,0.0010,9764950.000,2024-07-03 22:28:19.005
BTC,BUY,0.0001,9764900.000,2024-07-03 22:29:27.089
BTC,BUY,0.0020,9763670.000,2024-07-03 22:30:24.540
BTC,BUY,0.0003,9766300.000,2024-07-03 22:30:46.724
BTC,BUY,0.0003,9765650.000,2024-07-03 22:31:13.396
BTC,BUY,0.0010,9765450.000,2024-07-03 22:31:55.365
BTC,BUY,0.0005,9764950.000,2024-07-03 22:32:18.044
BTC,BUY,0.0002,9765499.000,2024-07-03 22:32:43.338
BTC,BUY,0.0200,9765449.000,2024-07-03 22:33:34.471
BTC,BUY,0.0030,9766250.000,2024-07-03 22:33:40.438
BTC,BUY,0.0005,9768708.000,2024-07-03 22:39:27.232
BTC,BUY,0.0001,9769609.000,2024-07-03 22:39:27.232
BTC,BUY,0.0003,9770000.000,2024-07-03 22:39:27.232
BTC,BUY,0.0001,9770000.000,2024-07-03 22:39:27.232
BTC,BUY,0.0001,9770000.000,2024-07-03 22:39:30.891
BTC,SELL,0.0050,9768650.000,2024-07-03 22:39:41.588
BTC,BUY,0.0001,9769950.000,2024-07-03 22:39:53.417
BTC,BUY,0.0002,9767950.000,2024-07-03 22:40:06.378
BTC,BUY,0.0008,9770000.000,2024-07-03 22:40:06.378
BTC,BUY,0.0004,9770710.000,2024-07-03 22:40:06.378
BTC,BUY,0.0001,9770710.000,2024-07-03 22:40:06.378
BTC,BUY,0.0037,9771724.000,2024-07-03 22:40:06.378
BTC,BUY,0.0010,9769950.000,2024-07-03 22:40:16.386
BTC,BUY,0.0001,9769950.000,2024-07-03 22:40:34.112
BTC,BUY,0.0001,9769950.000,2024-07-03 22:41:29.553
BTC,BUY,0.0010,9769950.000,2024-07-03 22:41:39.687
BTC,BUY,0.0050,9769950.000,2024-07-03 22:41:44.607
BTC,BUY,0.0100,9769950.000,2024-07-03 22:41:51.619
BTC,BUY,0.0100,9769950.000,2024-07-03 22:42:02.090
BTC,BUY,0.0010,9769950.000,2024-07-03 22:42:15.674
BTC,SELL,0.0002,9768750.000,2024-07-03 22:42:22.821
BTC,BUY,0.0003,9771850.000,2024-07-03 22:43:32.639
BTC,BUY,0.0001,9771850.000,2024-07-03 22:43:45.811
BTC,BUY,0.0001,9774300.000,2024-07-03 22:44:26.506
BTC,BUY,0.0001,9775000.000,2024-07-03 22:45:21.957
BTC,BUY,0.0001,9777791.000,2024-07-03 22:47:38.195
BTC,SELL,0.0099,9777800.000,2024-07-03 22:48:18.015
BTC,BUY,0.0001,9777801.000,2024-07-03 22:48:18.978
BTC,BUY,0.0067,9777801.000,2024-07-03 22:48:19.719
BTC,BUY,0.0018,9777801.000,2024-07-03 22:48:19.719
BTC,BUY,0.0001,9777801.000,2024-07-03 22:48:55.496
BTC,BUY,0.0010,9779412.000,2024-07-03 22:49:00.103
BTC,BUY,0.0290,9779412.000,2024-07-03 22:49:11.445
BTC,BUY,0.0903,9779760.000,2024-07-03 22:49:11.445
BTC,BUY,0.0007,9779770.000,2024-07-03 22:49:11.445
BTC,BUY,0.0001,9779770.000,2024-07-03 22:49:14.379
BTC,BUY,0.0001,9780000.000,2024-07-03 22:49:57.554
BTC,BUY,0.0002,9780000.000,2024-07-03 22:50:02.473
BTC,BUY,0.0002,9780001.000,2024-07-03 22:50:19.754
BTC,BUY,0.0018,9780940.000,2024-07-03 22:50:19.754
BTC,BUY,0.0050,9781000.000,2024-07-03 22:50:25.531
BTC,BUY,0.0150,9781000.000,2024-07-03 22:50:25.656
BTC,BUY,0.0001,9781070.000,2024-07-03 22:50:33.823
BTC,BUY,0.0009,9780880.000,2024-07-03 22:51:22.265
BTC,BUY,0.0001,9780750.000,2024-07-03 22:51:29.733
BTC,BUY,0.0001,9780880.000,2024-07-03 22:51:30.522
BTC,BUY,0.0004,9780985.000,2024-07-03 22:51:34.061
BTC,BUY,0.0001,9778500.000,2024-07-03 22:52:11.359
BTC,SELL,0.0010,9778500.000,2024-07-03 22:54:23.400
BTC,BUY,0.0050,9776555.000,2024-07-03 22:54:36.221
BTC,SELL,0.0300,9774300.000,2024-07-03 22:54:38.074
BTC,SELL,0.0020,9774111.000,2024-07-03 22:54:39.626
BTC,BUY,0.0020,9773300.000,2024-07-03 22:55:31.002
BTC,SELL,0.0050,9769302.000,2024-07-03 22:55:47.469
BTC,BUY,0.0015,9773200.000,2024-07-03 22:56:23.427
BTC,BUY,0.0003,9773200.000,2024-07-03 22:57:12.715
BTC,SELL,0.0008,9773200.000,2024-07-03 22:57:20.437
BTC,BUY,0.0001,9777999.000,2024-07-03 22:58:14.547
BTC,BUY,0.0002,9779950.000,2024-07-03 23:00:26.449
BTC,BUY,0.0214,9779950.000,2024-07-03 23:00:58.318
BTC,BUY,0.0003,9779950.000,2024-07-03 23:00:59.905
BTC,SELL,0.0050,9776865.000,2024-07-03 23:02:44.030
BTC,SELL,0.0050,9775722.000,2024-07-03 23:02:56.456
BTC,SELL,0.0050,9775885.000,2024-07-03 23:02:57.976
BTC,SELL,0.0050,9775629.000,2024-07-03 23:02:58.473
BTC,SELL,0.0050,9775629.000,2024-07-03 23:02:59.415
BTC,SELL,0.0050,9775631.000,2024-07-03 23:03:00.501
BTC,BUY,0.0020,9775632.000,2024-07-03 23:03:26.636
BTC,BUY,0.0070,9775632.000,2024-07-03 23:04:13.383
BTC,SELL,0.0050,9775631.000,2024-07-03 23:04:23.745
BTC,SELL,0.0001,9773583.000,2024-07-03 23:04:39.440
BTC,SELL,0.0197,9773200.000,2024-07-03 23:04:39.440
BTC,SELL,0.0002,9773200.000,2024-07-03 23:04:39.440
BTC,SELL,0.0050,9773047.000,2024-07-03 23:04:39.440
BTC,SELL,0.0250,9773047.000,2024-07-03 23:04:39.489
BTC,SELL,0.0001,9770000.000,2024-07-03 23:05:22.035
BTC,SELL,0.0414,9767983.000,2024-07-03 23:05:22.035
BTC,SELL,0.0208,9767983.000,2024-07-03 23:05:22.411
BTC,SELL,0.0050,9767983.000,2024-07-03 23:05:22.792
BTC,BUY,0.0001,9770249.000,2024-07-03 23:05:24.578
BTC,BUY,0.0052,9766650.000,2024-07-03 23:05:50.104
BTC,SELL,0.0050,9767309.000,2024-07-03 23:06:52.408
BTC,SELL,0.0001,9766109.000,2024-07-03 23:06:52.408
BTC,SELL,0.0049,9763605.000,2024-07-03 23:06:52.408
BTC,BUY,0.0011,9767449.000,2024-07-03 23:06:59.346
BTC,BUY,0.0002,9767299.000,2024-07-03 23:07:06.138
BTC,BUY,0.0010,9765150.000,2024-07-03 23:08:07.248
BTC,BUY,0.0030,9768449.000,2024-07-03 23:08:39.995
BTC,BUY,0.0001,9769372.000,2024-07-03 23:10:23.288
BTC,BUY,0.0005,9769449.000,2024-07-03 23:10:55.832
BTC,BUY,0.0002,9769450.000,2024-07-03 23:11:17.112
BTC,BUY,0.0001,9769449.000,2024-07-03 23:11:31.968
BTC,BUY,0.0169,9769450.000,2024-07-03 23:11:31.968
BTC,BUY,0.0048,9774684.000,2024-07-03 23:11:31.968
BTC,BUY,0.0082,9774687.000,2024-07-03 23:11:31.968
BTC,BUY,0.0010,9774450.000,2024-07-03 23:11:47.185
BTC,SELL,0.0050,9769040.000,2024-07-03 23:13:07.027
BTC,SELL,0.0910,9768970.000,2024-07-03 23:13:07.823
BTC,SELL,0.0050,9768269.000,2024-07-03 23:13:07.823
BTC,SELL,0.0040,9766090.000,2024-07-03 23:13:07.823
BTC,BUY,0.0120,9767370.000,2024-07-03 23:13:11.532
BTC,BUY,0.0100,9774110.000,2024-07-03 23:13:12.092
BTC,BUY,0.0001,9774900.000,2024-07-03 23:17:13.543
BTC,BUY,0.0070,9774850.000,2024-07-03 23:17:43.695
BTC,BUY,0.0008,9774850.000,2024-07-03 23:18:00.453
BTC,SELL,0.0040,9774110.000,2024-07-03 23:18:08.176
BTC,BUY,0.0001,9774850.000,2024-07-03 23:18:10.742
BTC,BUY,0.0010,9774250.000,2024-07-03 23:19:14.392
BTC,SELL,0.0001,9774110.000,2024-07-03 23:19:18.120
BTC,SELL,0.0100,9767224.000,2024-07-03 23:19:18.120
BTC,SELL,0.0299,9767224.000,2024-07-03 23:19:18.120
BTC,BUY,0.0001,9773448.000,2024-07-03 23:19:43.266
BTC,BUY,0.0005,9772950.000,2024-07-03 23:20:03.492
BTC,BUY,0.0020,9771500.000,2024-07-03 23:21:44.869
BTC,BUY,0.0070,9772350.000,2024-07-03 23:24:53.966
BTC,BUY,0.0002,9774299.000,2024-07-03 23:26:09.106
BTC,BUY,0.0005,9774550.000,2024-07-03 23:26:48.691
BTC,BUY,0.0002,9773099.000,2024-07-03 23:27:51.412
BTC,SELL,0.0200,9770153.000,2024-07-03 23:28:48.856
BTC,BUY,0.0005,9773497.000,2024-07-03 23:29:33.043
BTC,BUY,0.0010,9774396.000,2024-07-03 23:29:40.267
BTC,BUY,0.0010,9770709.000,2024-07-03 23:31:11.426
BTC,BUY,0.0001,9770958.000,2024-07-03 23:31:54.084
BTC,BUY,0.0030,9767517.000,2024-07-03 23:32:30.386
BTC,SELL,0.0031,9767516.000,2024-07-03 23:32:52.739
BTC,SELL,0.0002,9767515.000,2024-07-03 23:32:53.562
BTC,SELL,0.0001,9766477.000,2024-07-03 23:32:53.562
BTC,SELL,0.0020,9765432.000,2024-07-03 23:32:53.562
BTC,SELL,0.0002,9765000.000,2024-07-03 23:32:53.562
BTC,SELL,0.0002,9765000.000,2024-07-03 23:32:53.562
BTC,SELL,0.0001,9760000.000,2024-07-03 23:32:53.562
BTC,SELL,0.0010,9760000.000,2024-07-03 23:32:53.562
BTC,SELL,0.0700,9757019.000,2024-07-03 23:32:53.562
BTC,SELL,0.0262,9756220.000,2024-07-03 23:32:53.562
BTC,SELL,0.0500,9756250.000,2024-07-03 23:33:04.225
BTC,BUY,0.0100,9757826.000,2024-07-03 23:34:42.493
BTC,BUY,0.0004,9758360.000,2024-07-03 23:35:13.399
BTC,BUY,0.0005,9762531.000,2024-07-03 23:35:45.304
BTC,SELL,0.0100,9760250.000,2024-07-03 23:36:11.993
BTC,BUY,0.0020,9761931.000,2024-07-03 23:37:13.213
BTC,BUY,0.0262,9762980.000,2024-07-03 23:37:13.213
BTC,BUY,0.0018,9763629.000,2024-07-03 23:37:13.213
BTC,BUY,0.0040,9764550.000,2024-07-03 23:37:37.239
BTC,BUY,0.0400,9764200.000,2024-07-03 23:39:55.775
BTC,BUY,0.0021,9766750.000,2024-07-03 23:40:26.510
BTC,BUY,0.0020,9766750.000,2024-07-03 23:40:58.100
BTC,BUY,0.0010,9765350.000,2024-07-03 23:42:12.879
BTC,BUY,0.0010,9765100.000,2024-07-03 23:42:36.826
BTC,SELL,0.0001,9760000.000,2024-07-03 23:42:49.085
BTC,SELL,0.0600,9757001.000,2024-07-03 23:43:58.812
BTC,SELL,0.0079,9757001.000,2024-07-03 23:44:11.512
BTC,BUY,0.0010,9761000.000,2024-07-03 23:44:14.182
BTC,BUY,0.0001,9760550.000,2024-07-03 23:44:50.502
BTC,SELL,0.0001,9759355.000,2024-07-03 23:44:53.698
BTC,BUY,0.0005,9762049.000,2024-07-03 23:45:46.568
BTC,BUY,0.0002,9762950.000,2024-07-03 23:48:03.916
BTC,BUY,0.0001,9762950.000,2024-07-03 23:48:04.782
BTC,BUY,0.0100,9762950.000,2024-07-03 23:51:14.617
BTC,BUY,0.0010,9762950.000,2024-07-03 23:51:52.043
BTC,BUY,0.0100,9762950.000,2024-07-03 23:52:08.765
BTC,BUY,0.0010,9762950.000,2024-07-03 23:53:10.624
BTC,BUY,0.0005,9762950.000,2024-07-03 23:54:07.895
BTC,BUY,0.0003,9762950.000,2024-07-03 23:54:11.397
BTC,BUY,0.0005,9762950.000,2024-07-03 23:54:14.391
BTC,SELL,0.0200,9762949.000,2024-07-03 23:54:14.987
BTC,SELL,0.0512,9762949.000,2024-07-03 23:54:14.987
BTC,SELL,0.0010,9762849.000,2024-07-03 23:54:23.480
BTC,BUY,0.0041,9762850.000,2024-07-03 23:54:36.879
BTC,BUY,0.0012,9762850.000,2024-07-03 23:54:37.107
BTC,BUY,0.0005,9762850.000,2024-07-03 23:55:43.630
BTC,BUY,0.0002,9762850.000,2024-07-03 23:56:24.795
BTC,BUY,0.0025,9759601.000,2024-07-03 23:57:58.214
BTC,SELL,0.0010,9759600.000,2024-07-03 23:59:12.473
BTC,SELL,0.0154,9759355.000,2024-07-03 23:59:12.473
BTC,SELL,0.0345,9759355.000,2024-07-03 23:59:12.862
BTC,SELL,0.0150,9759355.000,2024-07-03 23:59:12.862
BTC,SELL,0.0015,9758325.000,2024-07-03 23:59:12.862
BTC,SELL,0.0050,9758325.000,2024-07-03 23:59:13.048
BTC,SELL,0.0020,9758325.000,2024-07-03 23:59:13.936
BTC,SELL,0.0040,9758000.000,2024-07-03 23:59:13.936
BTC,SELL,0.0050,9758000.000,2024-07-03 23:59:14.234
BTC,SELL,0.0010,9758000.000,2024-07-03 23:59:24.387
BTC,SELL,0.0040,9757001.000,2024-07-03 23:59:24.387
BTC,SELL,0.0140,9757001.000,2024-07-03 23:59:24.494
BTC,SELL,0.0050,9757001.000,2024-07-03 23:59:25.185
BTC,SELL,0.0050,9757001.000,2024-07-03 23:59:25.681
BTC,SELL,0.0041,9757001.000,2024-07-03 23:59:29.355
BTC,SELL,0.0009,9757000.000,2024-07-03 23:59:29.355
BTC,BUY,0.0001,9757002.000,2024-07-03 23:59:30.217
BTC,BUY,0.0010,9757749.000,2024-07-04 00:00:28.339
BTC,BUY,0.0005,9757550.000,2024-07-04 00:03:03.873
BTC,SELL,0.0001,9757000.000,2024-07-04 00:03:34.448
BTC,SELL,0.0010,9757000.000,2024-07-04 00:03:34.448
BTC,SELL,0.0001,9755000.000,2024-07-04 00:03:35.974
BTC,SELL,0.0080,9755000.000,2024-07-04 00:03:35.974
BTC,SELL,0.0002,9755000.000,2024-07-04 00:03:35.974
BTC,BUY,0.0100,9754322.000,2024-07-04 00:04:40.943
BTC,BUY,0.0004,9754322.000,2024-07-04 00:04:52.550
BTC,SELL,0.0002,9754321.000,2024-07-04 00:04:57.960
BTC,SELL,0.0010,9754321.000,2024-07-04 00:05:00.647
BTC,SELL,0.0008,9754321.000,2024-07-04 00:05:23.452
BTC,SELL,0.0003,9754321.000,2024-07-04 00:05:23.452
BTC,SELL,0.0003,9754000.000,2024-07-04 00:05:23.452
BTC,SELL,0.0001,9751289.000,2024-07-04 00:05:39.264
BTC,SELL,0.0009,9750000.000,2024-07-04 00:05:39.264
BTC,SELL,0.0050,9750000.000,2024-07-04 00:06:16.396
BTC,SELL,0.0050,9750000.000,2024-07-04 00:06:16.872
BTC,SELL,0.0050,9750000.000,2024-07-04 00:06:17.371
BTC,SELL,0.0046,9750000.000,2024-07-04 00:06:18.891
BTC,SELL,0.0001,9750000.000,2024-07-04 00:06:18.891
BTC,SELL,0.0003,9750000.000,2024-07-04 00:06:18.891
BTC,SELL,0.0050,9750000.000,2024-07-04 00:06:19.406
BTC,BUY,0.0010,9750001.000,2024-07-04 00:06:23.338
BTC,BUY,0.0001,9750001.000,2024-07-04 00:06:30.745
BTC,SELL,0.0006,9750000.000,2024-07-04 00:06:50.025
BTC,SELL,0.0002,9750000.000,2024-07-04 00:07:15.463
BTC,SELL,0.0280,9750000.000,2024-07-04 00:07:26.780
BTC,BUY,0.0021,9753549.000,2024-07-04 00:08:05.628
BTC,BUY,0.1000,9752300.000,2024-07-04 00:08:23.869
BTC,BUY,0.0021,9752300.000,2024-07-04 00:08:29.060
BTC,SELL,0.0159,9750000.000,2024-07-04 00:08:30.036
BTC,SELL,0.0141,9750000.000,2024-07-04 00:08:30.036
BTC,SELL,0.0859,9750000.000,2024-07-04 00:09:15.368
BTC,SELL,0.0001,9750000.000,2024-07-04 00:09:15.368
BTC,SELL,0.0001,9750000.000,2024-07-04 00:09:15.368
BTC,SELL,0.0020,9750000.000,2024-07-04 00:09:15.368
BTC,SELL,0.0002,9750000.000,2024-07-04 00:09:15.368
BTC,SELL,0.0117,9749418.000,2024-07-04 00:09:15.368
BTC,BUY,0.0010,9754190.000,2024-07-04 00:09:59.971
BTC,BUY,0.0020,9754095.000,2024-07-04 00:10:25.672
BTC,BUY,0.0100,9755000.000,2024-07-04 00:11:25.465
BTC,BUY,0.0041,9755000.000,2024-07-04 00:11:29.541
BTC,BUY,0.0020,9755000.000,2024-07-04 00:11:29.990
BTC,BUY,0.0008,9755000.000,2024-07-04 00:11:34.288
BTC,BUY,0.0100,9755000.000,2024-07-04 00:11:42.756
BTC,BUY,0.0031,9755000.000,2024-07-04 00:11:44.506
BTC,BUY,0.0024,9757300.000,2024-07-04 00:11:51.327
BTC,BUY,0.0002,9760000.000,2024-07-04 00:11:52.103
BTC,BUY,0.0018,9761667.000,2024-07-04 00:11:52.103
BTC,BUY,0.0001,9760600.000,2024-07-04 00:12:14.761
BTC,BUY,0.0010,9757800.000,2024-07-04 00:14:25.768
BTC,BUY,0.0045,9757800.000,2024-07-04 00:14:29.222
BTC,BUY,0.0010,9757800.000,2024-07-04 00:14:32.223
BTC,BUY,0.0010,9757800.000,2024-07-04 00:14:38.296
BTC,BUY,0.0010,9757800.000,2024-07-04 00:14:44.214
BTC,BUY,0.0010,9757800.000,2024-07-04 00:14:49.638
BTC,BUY,0.0010,9757700.000,2024-07-04 00:14:55.053
BTC,BUY,0.0001,9760874.000,2024-07-04 00:15:47.447
BTC,BUY,0.0009,9766310.000,2024-07-04 00:16:56.892
BTC,BUY,0.0007,9769450.000,2024-07-04 00:17:08.912
BTC,BUY,0.0005,9769458.000,2024-07-04 00:17:33.560
BTC,BUY,0.0045,9770659.000,2024-07-04 00:17:33.560
BTC,BUY,0.0009,9774454.000,2024-07-04 00:21:39.012
BTC,BUY,0.0002,9774665.000,2024-07-04 00:22:00.670
BTC,BUY,0.0001,9778750.000,2024-07-04 00:22:10.201
BTC,BUY,0.0002,9778750.000,2024-07-04 00:22:29.003
BTC,BUY,0.0002,9778750.000,2024-07-04 00:22:29.105
BTC,BUY,0.0005,9778750.000,2024-07-04 00:22:33.137
BTC,BUY,0.0041,9775231.000,2024-07-04 00:23:04.297
BTC,BUY,0.0059,9777538.000,2024-07-04 00:23:04.297
BTC,SELL,0.0008,9774654.000,2024-07-04 00:23:05.017
BTC,SELL,0.0092,9771604.000,2024-07-04 00:23:05.017
BTC,BUY,0.0002,9771101.000,2024-07-04 00:23:19.082
BTC,BUY,0.0090,9774336.000,2024-07-04 00:23:50.614
BTC,BUY,0.0002,9774250.000,2024-07-04 00:24:21.865
BTC,BUY,0.0002,9775000.000,2024-07-04 00:24:28.937
BTC,BUY,0.0008,9775318.000,2024-07-04 00:24:28.937
BTC,BUY,0.0005,9775757.000,2024-07-04 00:24:37.371
BTC,BUY,0.0001,9775000.000,2024-07-04 00:26:02.660
BTC,BUY,0.0080,9775860.000,2024-07-04 00:26:35.380
BTC,SELL,0.0001,9775860.000,2024-07-04 00:30:25.411
BTC,BUY,0.0008,9775870.000,2024-07-04 00:30:49.941
BTC,BUY,0.0011,9775870.000,2024-07-04 00:32:01.993
BTC,BUY,0.0050,9776050.000,2024-07-04 00:32:18.192
BTC,BUY,0.0070,9776300.000,2024-07-04 00:33:25.028
BTC,BUY,0.0008,9776300.000,2024-07-04 00:33:33.371
BTC,BUY,0.0001,9776350.000,2024-07-04 00:33:39.600
BTC,BUY,0.0002,9777750.000,2024-07-04 00:34:09.644
BTC,BUY,0.0001,9780000.000,2024-07-04 00:38:25.869
BTC,BUY,0.0002,9780000.000,2024-07-04 00:38:52.138
BTC,BUY,0.0004,9786028.000,2024-07-04 00:39:28.928
BTC,BUY,0.0700,9786758.000,2024-07-04 00:39:28.928
BTC,BUY,0.0296,9786761.000,2024-07-04 00:39:28.928
BTC,BUY,0.0001,9786761.000,2024-07-04 00:39:55.782
BTC,BUY,0.0100,9786250.000,2024-07-04 00:40:31.723
BTC,BUY,0.0001,9786250.000,2024-07-04 00:40:36.519
BTC,BUY,0.0001,9786761.000,2024-07-04 00:41:32.243
BTC,BUY,0.0002,9786761.000,2024-07-04 00:42:29.689
BTC,BUY,0.0001,9787487.000,2024-07-04 00:42:29.689
BTC,BUY,0.0001,9787591.000,2024-07-04 00:42:29.689
BTC,BUY,0.0002,9789423.000,2024-07-04 00:42:29.689
BTC,BUY,0.0003,9790000.000,2024-07-04 00:42:29.689
BTC,BUY,0.0020,9790000.000,2024-07-04 00:42:29.689
BTC,BUY,0.0009,9790000.000,2024-07-04 00:42:29.689
BTC,BUY,0.0485,9790658.000,2024-07-04 00:42:29.689
BTC,BUY,0.0077,9791372.000,2024-07-04 00:42:29.689
BTC,SELL,0.0050,9786647.000,2024-07-04 00:42:30.225
BTC,BUY,0.0002,9790000.000,2024-07-04 00:42:32.228
BTC,BUY,0.0048,9791555.000,2024-07-04 00:42:32.228
BTC,SELL,0.0001,9790121.000,2024-07-04 00:43:06.951
BTC,BUY,0.0014,9786356.000,2024-07-04 00:43:40.747
BTC,BUY,0.0003,9786356.000,2024-07-04 00:43:46.931
BTC,BUY,0.0001,9786356.000,2024-07-04 00:43:48.225
BTC,BUY,0.0001,9786356.000,2024-07-04 00:44:28.925
BTC,BUY,0.0020,9786356.000,2024-07-04 00:45:03.231
BTC,BUY,0.0166,9786356.000,2024-07-04 00:45:05.368
BTC,BUY,0.0016,9784950.000,2024-07-04 00:46:09.755
BTC,SELL,0.0005,9784500.000,2024-07-04 00:46:20.896
BTC,SELL,0.0095,9784500.000,2024-07-04 00:46:33.224
BTC,BUY,0.0050,9784501.000,2024-07-04 00:46:57.287
BTC,BUY,0.0001,9784501.000,2024-07-04 00:46:57.287
BTC,SELL,0.0468,9784500.000,2024-07-04 00:47:23.705
BTC,BUY,0.0010,9785250.000,2024-07-04 00:49:19.098
BTC,SELL,0.0001,9784560.000,2024-07-04 00:49:30.154
BTC,SELL,0.0050,9784599.000,2024-07-04 00:51:25.745
BTC,SELL,0.0050,9784500.000,2024-07-04 00:51:26.572
BTC,SELL,0.0050,9784500.000,2024-07-04 00:51:27.085
BTC,SELL,0.0200,9784500.000,2024-07-04 00:51:27.166
BTC,SELL,0.0500,9784500.000,2024-07-04 00:51:27.405
BTC,SELL,0.0050,9784500.000,2024-07-04 00:52:37.558
BTC,SELL,0.0050,9784500.000,2024-07-04 00:52:38.050
BTC,SELL,0.0050,9784500.000,2024-07-04 00:52:38.569
BTC,SELL,0.0050,9784500.000,2024-07-04 00:52:39.456
BTC,SELL,0.0050,9784500.000,2024-07-04 00:52:40.586
BTC,SELL,0.0050,9784500.000,2024-07-04 00:52:42.097
BTC,SELL,0.0050,9784500.000,2024-07-04 00:52:42.615
BTC,SELL,0.0050,9784500.000,2024-07-04 00:52:43.630
BTC,SELL,0.0050,9784500.000,2024-07-04 00:52:44.125
BTC,SELL,0.0050,9784500.000,2024-07-04 00:52:45.187
BTC,SELL,0.0050,9784500.000,2024-07-04 00:52:47.191
BTC,SELL,0.0250,9784500.000,2024-07-04 00:53:14.609
BTC,SELL,0.0182,9784500.000,2024-07-04 00:53:15.488
BTC,SELL,0.0061,9784500.000,2024-07-04 00:53:15.488
BTC,SELL,0.0039,9784500.000,2024-07-04 00:53:16.440
BTC,SELL,0.0082,9784500.000,2024-07-04 00:53:16.440
BTC,SELL,0.0100,9784500.000,2024-07-04 00:53:27.234
BTC,SELL,0.0010,9784500.000,2024-07-04 00:53:36.545
BTC,SELL,0.0012,9784500.000,2024-07-04 00:53:40.409
BTC,SELL,0.0100,9780000.000,2024-07-04 00:54:01.748
BTC,SELL,0.0083,9780000.000,2024-07-04 00:54:54.546
BTC,SELL,0.0817,9780000.000,2024-07-04 00:54:55.812
BTC,SELL,0.0183,9780000.000,2024-07-04 00:54:55.812
BTC,SELL,0.0300,9780000.000,2024-07-04 00:54:56.136
BTC,SELL,0.0050,9780000.000,2024-07-04 00:54:57.004
BTC,SELL,0.0284,9780000.000,2024-07-04 00:54:57.060
BTC,SELL,0.0040,9780000.000,2024-07-04 00:54:57.330
BTC,SELL,0.0195,9780000.000,2024-07-04 00:54:57.614
BTC,SELL,0.0050,9778750.000,2024-07-04 00:54:57.614
BTC,SELL,0.0755,9777809.000,2024-07-04 00:54:57.614
BTC,BUY,0.0001,9779546.000,2024-07-04 01:00:20.984
BTC,BUY,0.0020,9779540.000,2024-07-04 01:00:33.516
BTC,SELL,0.0100,9777027.000,2024-07-04 01:00:51.125
BTC,SELL,0.0500,9777001.000,2024-07-04 01:00:52.691
BTC,SELL,0.0019,9775860.000,2024-07-04 01:01:03.356
BTC,SELL,0.0092,9775860.000,2024-07-04 01:01:03.356
BTC,BUY,0.0001,9777676.000,2024-07-04 01:04:42.339
BTC,BUY,0.0010,9779234.000,2024-07-04 01:05:38.993
BTC,SELL,0.0002,9775000.000,2024-07-04 01:05:56.497
BTC,BUY,0.0002,9769691.000,2024-07-04 01:06:02.186
BTC,SELL,0.0015,9769690.000,2024-07-04 01:06:05.868
BTC,BUY,0.0001,9765525.000,2024-07-04 01:06:30.331
BTC,SELL,0.0002,9756100.000,2024-07-04 01:07:01.285
BTC,SELL,0.0019,9755403.000,2024-07-04 01:07:01.285
BTC,SELL,0.0299,9754441.000,2024-07-04 01:07:01.285
BTC,SELL,0.0300,9751539.000,2024-07-04 01:07:01.285
BTC,SELL,0.0100,9751282.000,2024-07-04 01:07:01.285
BTC,SELL,0.0280,9751282.000,2024-07-04 01:07:01.285
BTC,BUY,0.0100,9751001.000,2024-07-04 01:07:27.371
BTC,BUY,0.0180,9751002.000,2024-07-04 01:07:27.371
BTC,SELL,0.0002,9751000.000,2024-07-04 01:07:32.304
BTC,SELL,0.0002,9751000.000,2024-07-04 01:07:32.418
BTC,SELL,0.0125,9751000.000,2024-07-04 01:07:42.619
BTC,SELL,0.0171,9751000.000,2024-07-04 01:07:48.211
BTC,SELL,0.0079,9751000.000,2024-07-04 01:07:48.211
BTC,SELL,0.0200,9751000.000,2024-07-04 01:07:53.788
BTC,BUY,0.0120,9751001.000,2024-07-04 01:08:00.173
BTC,BUY,0.0315,9751001.000,2024-07-04 01:08:00.173
BTC,BUY,0.0755,9751001.000,2024-07-04 01:08:00.173
BTC,BUY,0.0100,9751001.000,2024-07-04 01:08:00.173
BTC,BUY,0.0742,9751020.000,2024-07-04 01:08:19.949
BTC,BUY,0.0901,9751045.000,2024-07-04 01:08:19.949
BTC,SELL,0.0099,9751045.000,2024-07-04 01:08:21.726
BTC,SELL,0.0100,9751045.000,2024-07-04 01:08:32.501
BTC,SELL,0.0100,9751045.000,2024-07-04 01:08:37.208
BTC,SELL,0.1000,9751045.000,2024-07-04 01:08:37.638
BTC,SELL,0.0200,9751045.000,2024-07-04 01:08:37.677
BTC,BUY,0.0001,9751046.000,2024-07-04 01:08:38.298
BTC,SELL,0.0100,9751045.000,2024-07-04 01:08:40.722
BTC,SELL,0.0030,9751045.000,2024-07-04 01:08:40.803
BTC,SELL,0.0100,9751045.000,2024-07-04 01:08:41.712
BTC,SELL,0.0100,9751045.000,2024-07-04 01:08:42.323
BTC,BUY,0.0100,9751046.000,2024-07-04 01:08:42.506
BTC,BUY,0.0570,9751046.000,2024-07-04 01:08:42.506
BTC,BUY,0.0049,9751046.000,2024-07-04 01:08:42.506
BTC,BUY,0.0200,9751046.000,2024-07-04 01:08:42.506
BTC,SELL,0.0100,9751046.000,2024-07-04 01:08:42.832
BTC,SELL,0.0200,9751046.000,2024-07-04 01:08:43.316
BTC,SELL,0.0370,9751046.000,2024-07-04 01:08:44.901
BTC,SELL,0.0287,9751046.000,2024-07-04 01:08:45.827
BTC,SELL,0.0156,9751046.000,2024-07-04 01:08:46.795
BTC,SELL,0.0150,9751046.000,2024-07-04 01:08:47.869
BTC,SELL,0.0153,9751046.000,2024-07-04 01:08:48.736
BTC,SELL,0.0104,9751046.000,2024-07-04 01:08:49.598
BTC,SELL,0.0124,9751046.000,2024-07-04 01:08:50.500
BTC,SELL,0.0117,9751046.000,2024-07-04 01:08:51.465
BTC,SELL,0.0100,9751046.000,2024-07-04 01:08:51.776
BTC,SELL,0.0100,9751046.000,2024-07-04 01:08:52.314
BTC,SELL,0.0246,9751046.000,2024-07-04 01:08:52.360
BTC,SELL,0.0104,9751046.000,2024-07-04 01:08:53.253
BTC,SELL,0.0500,9751046.000,2024-07-04 01:08:54.146
BTC,SELL,0.0330,9751046.000,2024-07-04 01:08:55.067
BTC,SELL,0.0074,9751046.000,2024-07-04 01:08:56.012
BTC,SELL,0.0099,9751046.000,2024-07-04 01:09:12.167
BTC,SELL,0.0030,9751046.000,2024-07-04 01:09:14.664
BTC,SELL,0.1000,9751046.000,2024-07-04 01:09:17.884
BTC,SELL,0.0696,9751046.000,2024-07-04 01:09:20.366
BTC,SELL,0.0002,9751046.000,2024-07-04 01:09:20.366
BTC,SELL,0.0003,9750000.000,2024-07-04 01:09:20.558
BTC,SELL,0.0020,9750000.000,2024-07-04 01:09:20.558
BTC,SELL,0.0002,9751046.000,2024-07-04 01:09:22.176
BTC,SELL,0.0078,9740001.000,2024-07-04 01:09:22.176
BTC,BUY,0.0010,9745052.000,2024-07-04 01:09:37.508
BTC,BUY,0.0290,9741323.000,2024-07-04 01:10:09.901
BTC,BUY,0.0100,9743908.000,2024-07-04 01:10:09.901
BTC,BUY,0.0078,9744882.000,2024-07-04 01:10:09.901
BTC,BUY,0.0299,9747651.000,2024-07-04 01:10:09.901
BTC,BUY,0.0233,9747680.000,2024-07-04 01:10:09.901
BTC,SELL,0.0001,9742379.000,2024-07-04 01:10:22.521
BTC,SELL,0.0001,9742379.000,2024-07-04 01:10:23.438
BTC,SELL,0.0001,9740000.000,2024-07-04 01:10:30.896
BTC,SELL,0.0003,9740000.000,2024-07-04 01:10:30.961
BTC,SELL,0.0001,9738850.000,2024-07-04 01:10:30.961
BTC,SELL,0.0233,9734172.000,2024-07-04 01:10:30.961
BTC,SELL,0.0763,9733026.000,2024-07-04 01:10:30.961
BTC,SELL,0.0048,9732827.000,2024-07-04 01:10:34.972
BTC,BUY,0.0001,9740000.000,2024-07-04 01:11:07.590
BTC,SELL,0.0001,9744021.000,2024-07-04 01:11:34.608
BTC,SELL,0.0002,9744021.000,2024-07-04 01:11:43.057
BTC,SELL,0.0001,9742524.000,2024-07-04 01:11:43.265
BTC,BUY,0.0052,9744021.000,2024-07-04 01:12:06.491
BTC,SELL,0.0001,9740000.000,2024-07-04 01:12:33.761
BTC,SELL,0.0002,9740000.000,2024-07-04 01:12:33.761
BTC,BUY,0.0002,9739999.000,2024-07-04 01:12:42.499
BTC,SELL,0.0002,9731860.000,2024-07-04 01:13:32.442
BTC,SELL,0.0001,9730000.000,2024-07-04 01:13:32.442
BTC,SELL,0.0003,9730000.000,2024-07-04 01:13:32.442
BTC,SELL,0.0002,9730000.000,2024-07-04 01:13:32.442
BTC,SELL,0.0002,9723929.000,2024-07-04 01:13:32.442
BTC,SELL,0.0217,9723554.000,2024-07-04 01:13:47.611
BTC,SELL,0.0034,9724206.000,2024-07-04 01:13:55.702
BTC,SELL,0.0001,9722630.000,2024-07-04 01:13:55.702
BTC,SELL,0.0003,9720000.000,2024-07-04 01:13:55.702
BTC,SELL,0.0001,9720000.000,2024-07-04 01:13:55.702
BTC,SELL,0.0010,9720000.000,2024-07-04 01:13:55.702
BTC,SELL,0.0001,9718955.000,2024-07-04 01:13:55.702
BTC,SELL,0.0050,9718857.000,2024-07-04 01:13:55.702
BTC,SELL,0.0001,9719089.000,2024-07-04 01:13:58.717
BTC,SELL,0.0920,9720547.000,2024-07-04 01:14:25.116
BTC,SELL,0.0910,9720547.000,2024-07-04 01:14:25.116
BTC,SELL,0.0404,9720547.000,2024-07-04 01:14:25.116
BTC,SELL,0.0002,9724635.000,2024-07-04 01:15:06.598
BTC,SELL,0.0200,9723000.000,2024-07-04 01:15:06.598
BTC,SELL,0.0001,9720000.000,2024-07-04 01:15:06.598
BTC,SELL,0.0300,9718053.000,2024-07-04 01:15:06.598
BTC,SELL,0.0100,9716810.000,2024-07-04 01:15:06.598
BTC,SELL,0.0700,9715845.000,2024-07-04 01:15:06.598
BTC,SELL,0.0001,9715099.000,2024-07-04 01:15:06.598
BTC,SELL,0.0200,9714825.000,2024-07-04 01:15:06.598
BTC,SELL,0.0133,9714518.000,2024-07-04 01:15:06.598
BTC,SELL,0.0003,9714000.000,2024-07-04 01:15:06.598
BTC,SELL,0.0010,9713650.000,2024-07-04 01:15:06.598
BTC,SELL,0.0001,9713542.000,2024-07-04 01:15:06.598
BTC,SELL,0.0074,9713200.000,2024-07-04 01:15:06.598
BTC,SELL,0.0001,9713155.000,2024-07-04 01:15:06.598
BTC,SELL,0.0100,9713043.000,2024-07-04 01:15:06.598
BTC,SELL,0.0174,9712009.000,2024-07-04 01:15:06.598
BTC,SELL,0.0002,9715001.000,2024-07-04 01:15:28.963
BTC,SELL,0.0004,9715001.000,2024-07-04 01:15:31.865
BTC,BUY,0.0011,9715002.000,2024-07-04 01:15:38.029
BTC,SELL,0.0200,9715001.000,2024-07-04 01:15:46.678
BTC,SELL,0.0094,9715001.000,2024-07-04 01:15:48.528
BTC,SELL,0.0002,9715001.000,2024-07-04 01:15:48.528
BTC,SELL,0.0104,9711846.000,2024-07-04 01:15:48.528
BTC,SELL,0.0100,9711846.000,2024-07-04 01:15:49.101
BTC,SELL,0.0057,9711846.000,2024-07-04 01:15:49.483
BTC,SELL,0.0400,9711846.000,2024-07-04 01:15:49.524
BTC,SELL,0.0090,9711846.000,2024-07-04 01:15:49.894
BTC,SELL,0.0081,9711846.000,2024-07-04 01:15:50.413
BTC,SELL,0.0200,9711846.000,2024-07-04 01:15:50.460
BTC,SELL,0.0001,9711121.000,2024-07-04 01:15:50.466
BTC,SELL,0.0001,9710003.000,2024-07-04 01:15:50.466
BTC,SELL,0.0100,9710001.000,2024-07-04 01:15:50.466
BTC,SELL,0.0015,9710000.000,2024-07-04 01:15:50.466
BTC,SELL,0.0003,9710000.000,2024-07-04 01:15:50.466
BTC,SELL,0.0001,9710000.000,2024-07-04 01:15:50.466
BTC,SELL,0.0001,9710000.000,2024-07-04 01:15:50.466
BTC,SELL,0.0001,9710000.000,2024-07-04 01:15:50.466
BTC,SELL,0.0002,9707260.000,2024-07-04 01:15:50.580
BTC,SELL,0.0050,9702200.000,2024-07-04 01:15:50.580
BTC,SELL,0.0002,9701909.000,2024-07-04 01:15:50.580
BTC,SELL,0.0027,9700520.000,2024-07-04 01:15:50.580
BTC,SELL,0.0001,9700520.000,2024-07-04 01:15:51.392
BTC,SELL,0.0086,9700520.000,2024-07-04 01:16:06.173
BTC,SELL,0.0886,9700520.000,2024-07-04 01:16:07.000
BTC,BUY,0.0020,9700509.000,2024-07-04 01:16:08.181
BTC,BUY,0.0125,9702400.000,2024-07-04 01:16:21.689
BTC,BUY,0.0100,9702476.000,2024-07-04 01:16:21.689
BTC,BUY,0.0700,9702477.000,2024-07-04 01:16:21.689
BTC,BUY,0.0075,9702608.000,2024-07-04 01:16:21.689
BTC,BUY,0.0050,9703232.000,2024-07-04 01:16:25.680
BTC,BUY,0.0005,9704830.000,2024-07-04 01:17:20.607
BTC,BUY,0.0100,9708540.000,2024-07-04 01:17:28.974
BTC,BUY,0.0001,9710130.000,2024-07-04 01:17:49.900
BTC,BUY,0.0200,9711720.000,2024-07-04 01:18:03.171
BTC,BUY,0.0002,9712780.000,2024-07-04 01:18:05.267
BTC,BUY,0.0100,9713310.000,2024-07-04 01:18:22.454
BTC,BUY,0.0041,9714900.000,2024-07-04 01:18:23.868
BTC,BUY,0.0020,9715430.000,2024-07-04 01:18:24.018
BTC,BUY,0.0003,9715960.000,2024-07-04 01:18:24.857
BTC,BUY,0.0200,9716490.000,2024-07-04 01:18:32.075
BTC,BUY,0.0031,9718080.000,2024-07-04 01:18:37.625
BTC,BUY,0.0200,9718080.000,2024-07-04 01:18:37.683
BTC,BUY,0.0050,9718080.000,2024-07-04 01:18:37.687
BTC,BUY,0.0026,9718610.000,2024-07-04 01:18:39.640
BTC,BUY,0.0100,9719140.000,2024-07-04 01:18:41.267
BTC,BUY,0.0050,9720200.000,2024-07-04 01:18:41.735
BTC,BUY,0.0154,9720200.000,2024-07-04 01:18:41.835
BTC,BUY,0.0200,9721260.000,2024-07-04 01:18:47.837
BTC,BUY,0.0200,9722850.000,2024-07-04 01:18:48.131
BTC,BUY,0.0002,9723380.000,2024-07-04 01:18:53.996
BTC,BUY,0.0010,9727090.000,2024-07-04 01:18:55.879
BTC,BUY,0.0001,9728150.000,2024-07-04 01:19:12.160
BTC,BUY,0.0050,9729210.000,2024-07-04 01:19:13.727
BTC,BUY,0.0010,9730800.000,2024-07-04 01:19:37.898
BTC,BUY,0.0010,9729587.000,2024-07-04 01:19:57.927
BTC,BUY,0.0001,9731860.000,2024-07-04 01:20:34.910
BTC,BUY,0.0005,9733450.000,2024-07-04 01:21:20.360
BTC,BUY,0.0007,9730757.000,2024-07-04 01:21:52.629
BTC,BUY,0.0702,9730757.000,2024-07-04 01:21:54.583
BTC,BUY,0.0165,9730758.000,2024-07-04 01:21:54.583
BTC,BUY,0.0100,9730843.000,2024-07-04 01:21:54.583
BTC,BUY,0.0002,9731299.000,2024-07-04 01:21:54.583
BTC,BUY,0.0050,9731301.000,2024-07-04 01:21:54.583
BTC,BUY,0.0481,9732620.000,2024-07-04 01:21:54.583
BTC,BUY,0.0200,9732630.000,2024-07-04 01:22:48.062
BTC,BUY,0.0040,9732621.000,2024-07-04 01:23:54.411
BTC,BUY,0.0002,9732621.000,2024-07-04 01:24:31.532
BTC,BUY,0.0003,9735020.000,2024-07-04 01:24:31.532
BTC,BUY,0.0002,9735000.000,2024-07-04 01:25:24.659
BTC,BUY,0.0006,9735570.000,2024-07-04 01:25:24.659
BTC,BUY,0.0020,9737160.000,2024-07-04 01:25:28.116
BTC,BUY,0.0100,9737690.000,2024-07-04 01:25:32.572
BTC,BUY,0.0020,9740870.000,2024-07-04 01:25:33.059
BTC,BUY,0.0002,9740870.000,2024-07-04 01:25:33.285
BTC,BUY,0.0041,9740870.000,2024-07-04 01:25:33.378
BTC,BUY,0.0002,9740885.000,2024-07-04 01:25:53.309
BTC,BUY,0.0008,9742460.000,2024-07-04 01:26:36.374
BTC,SELL,0.0037,9742800.000,2024-07-04 01:28:52.055
BTC,BUY,0.0001,9745000.000,2024-07-04 01:28:54.103
BTC,SELL,0.0063,9742800.000,2024-07-04 01:28:57.438
BTC,BUY,0.0007,9740000.000,2024-07-04 01:29:47.668
BTC,BUY,0.0015,9740000.000,2024-07-04 01:30:00.427
BTC,BUY,0.0008,9740000.000,2024-07-04 01:30:01.353
BTC,BUY,0.0041,9740000.000,2024-07-04 01:30:03.429
BTC,SELL,0.0005,9739999.000,2024-07-04 01:30:03.459
BTC,BUY,0.0020,9740000.000,2024-07-04 01:30:03.909
BTC,BUY,0.0010,9740000.000,2024-07-04 01:30:08.495
BTC,SELL,0.0111,9739860.000,2024-07-04 01:30:26.940
BTC,SELL,0.0185,9738160.000,2024-07-04 01:30:32.470
BTC,BUY,0.0002,9740000.000,2024-07-04 01:30:35.417
BTC,BUY,0.0100,9740000.000,2024-07-04 01:30:41.912
BTC,BUY,0.0610,9740000.000,2024-07-04 01:30:41.915
BTC,BUY,0.0050,9740000.000,2024-07-04 01:30:41.917
BTC,BUY,0.0137,9740000.000,2024-07-04 01:30:42.064
BTC,BUY,0.0100,9740000.000,2024-07-04 01:30:42.064
BTC,BUY,0.0060,9740525.000,2024-07-04 01:30:42.155
BTC,BUY,0.0001,9741425.000,2024-07-04 01:30:45.048
BTC,SELL,0.0050,9735358.000,2024-07-04 01:30:49.950
BTC,SELL,0.0020,9732620.000,2024-07-04 01:30:56.982
BTC,SELL,0.0024,9729550.000,2024-07-04 01:31:02.442
BTC,BUY,0.0005,9730800.000,2024-07-04 01:31:37.715
BTC,BUY,0.0001,9735597.000,2024-07-04 01:31:52.647
BTC,SELL,0.0001,9730500.000,2024-07-04 01:34:02.831
BTC,SELL,0.0049,9727201.000,2024-07-04 01:34:02.831
BTC,SELL,0.0002,9725000.000,2024-07-04 01:34:21.463
BTC,BUY,0.0030,9712310.000,2024-07-04 01:34:36.313
BTC,SELL,0.0012,9703680.000,2024-07-04 01:34:37.461
BTC,SELL,0.0033,9703750.000,2024-07-04 01:34:42.970
BTC,BUY,0.0002,9705540.000,2024-07-04 01:34:46.077
BTC,SELL,0.0003,9700000.000,2024-07-04 01:34:48.438
BTC,SELL,0.0004,9700000.000,2024-07-04 01:34:48.438
BTC,SELL,0.0050,9700000.000,2024-07-04 01:34:50.452
BTC,SELL,0.0002,9700000.000,2024-07-04 01:34:51.757
BTC,SELL,0.0100,9700000.000,2024-07-04 01:34:51.757
BTC,SELL,0.0010,9700000.000,2024-07-04 01:34:51.757
BTC,SELL,0.0005,9700000.000,2024-07-04 01:34:51.757
BTC,SELL,0.0001,9700000.000,2024-07-04 01:34:51.757
BTC,SELL,0.0001,9700000.000,2024-07-04 01:34:51.757
BTC,SELL,0.0001,9700000.000,2024-07-04 01:34:51.757
BTC,SELL,0.0010,9700000.000,2024-07-04 01:34:51.757
BTC,SELL,0.0001,9700000.000,2024-07-04 01:34:51.757
BTC,SELL,0.0001,9700000.000,2024-07-04 01:34:51.757
BTC,SELL,0.0005,9700000.000,2024-07-04 01:34:51.757
BTC,SELL,0.0200,9700000.000,2024-07-04 01:34:51.967
BTC,SELL,0.0050,9700000.000,2024-07-04 01:34:51.983
BTC,SELL,0.0400,9700000.000,2024-07-04 01:34:52.015
BTC,SELL,0.0045,9700000.000,2024-07-04 01:34:52.363
BTC,SELL,0.0055,9700000.000,2024-07-04 01:34:52.363
BTC,SELL,0.0065,9700000.000,2024-07-04 01:34:52.446
BTC,SELL,0.0020,9700000.000,2024-07-04 01:34:52.446
BTC,SELL,0.0001,9700000.000,2024-07-04 01:34:52.446
BTC,SELL,0.0052,9700000.000,2024-07-04 01:34:52.446
BTC,SELL,0.0001,9700000.000,2024-07-04 01:34:52.446
BTC,SELL,0.0001,9700000.000,2024-07-04 01:34:52.446
BTC,SELL,0.0001,9700000.000,2024-07-04 01:34:52.446
BTC,SELL,0.0001,9700000.000,2024-07-04 01:34:52.446
BTC,SELL,0.0001,9700000.000,2024-07-04 01:34:52.446
BTC,SELL,0.0057,9700000.000,2024-07-04 01:34:52.446
BTC,SELL,0.0043,9700000.000,2024-07-04 01:34:52.572
BTC,SELL,0.0010,9700000.000,2024-07-04 01:34:52.572
BTC,SELL,0.0001,9699663.000,2024-07-04 01:34:52.572
BTC,SELL,0.0002,9698765.000,2024-07-04 01:34:52.572
BTC,SELL,0.0044,9693070.000,2024-07-04 01:34:52.572
BTC,SELL,0.0060,9693070.000,2024-07-04 01:34:52.833
BTC,SELL,0.0196,9693070.000,2024-07-04 01:34:52.835
BTC,SELL,0.0001,9692996.000,2024-07-04 01:34:52.835
BTC,SELL,0.0700,9690003.000,2024-07-04 01:34:52.835
BTC,SELL,0.0050,9690000.000,2024-07-04 01:34:52.835
BTC,SELL,0.0003,9690000.000,2024-07-04 01:34:52.835
BTC,SELL,0.0050,9690000.000,2024-07-04 01:34:52.835
BTC,SELL,0.0001,9690000.000,2024-07-04 01:34:52.835
BTC,SELL,0.0020,9690000.000,2024-07-04 01:34:52.835
BTC,SELL,0.0001,9689548.000,2024-07-04 01:34:52.835
BTC,SELL,0.0001,9688800.000,2024-07-04 01:34:52.835
BTC,SELL,0.0002,9687654.000,2024-07-04 01:34:52.835
BTC,SELL,0.0001,9687035.000,2024-07-04 01:34:52.835
BTC,SELL,0.0113,9685360.000,2024-07-04 01:34:52.835
BTC,SELL,0.0006,9685309.000,2024-07-04 01:34:52.835
BTC,SELL,0.0830,9685309.000,2024-07-04 01:34:52.989
BTC,SELL,0.0133,9682728.000,2024-07-04 01:34:52.989
BTC,SELL,0.0037,9682161.000,2024-07-04 01:34:52.989
BTC,SELL,0.0070,9682123.000,2024-07-04 01:34:53.407
BTC,SELL,0.0291,9682123.000,2024-07-04 01:34:53.713
BTC,SELL,0.0516,9682123.000,2024-07-04 01:34:53.893
BTC,SELL,0.0381,9682123.000,2024-07-04 01:34:54.405
BTC,BUY,0.0005,9682124.000,2024-07-04 01:34:55.475
BTC,BUY,0.0200,9682124.000,2024-07-04 01:34:58.127
BTC,BUY,0.0002,9682124.000,2024-07-04 01:35:00.500
BTC,SELL,0.0099,9682123.000,2024-07-04 01:35:02.216
BTC,SELL,0.0050,9682123.000,2024-07-04 01:35:11.812
BTC,BUY,0.0015,9682124.000,2024-07-04 01:35:15.646
BTC,BUY,0.0500,9682124.000,2024-07-04 01:35:17.925
BTC,BUY,0.0001,9682124.000,2024-07-04 01:35:19.267
BTC,BUY,0.0168,9682220.000,2024-07-04 01:35:46.336
BTC,BUY,0.0070,9682570.000,2024-07-04 01:35:46.847
BTC,BUY,0.0020,9684160.000,2024-07-04 01:35:55.741
BTC,BUY,0.0037,9684689.000,2024-07-04 01:35:56.564
BTC,BUY,0.0063,9685750.000,2024-07-04 01:35:56.564
BTC,BUY,0.0400,9685750.000,2024-07-04 01:35:56.706
BTC,BUY,0.0100,9686810.000,2024-07-04 01:35:57.228
BTC,BUY,0.0032,9689645.000,2024-07-04 01:36:12.901
BTC,SELL,0.0017,9687339.000,2024-07-04 01:36:19.948
BTC,SELL,0.0003,9687339.000,2024-07-04 01:36:21.404
BTC,SELL,0.0001,9687335.000,2024-07-04 01:36:21.404
BTC,SELL,0.0015,9683031.000,2024-07-04 01:36:21.404
BTC,SELL,0.0060,9682634.000,2024-07-04 01:36:21.404
BTC,SELL,0.0193,9682123.000,2024-07-04 01:36:26.393
BTC,SELL,0.0010,9680000.000,2024-07-04 01:36:26.393
BTC,SELL,0.0003,9680000.000,2024-07-04 01:36:26.393
BTC,SELL,0.0001,9680000.000,2024-07-04 01:36:26.393
BTC,SELL,0.0001,9680000.000,2024-07-04 01:36:26.393
BTC,SELL,0.0002,9680000.000,2024-07-04 01:36:26.393
BTC,SELL,0.0790,9680000.000,2024-07-04 01:36:26.393
BTC,SELL,0.0044,9680000.000,2024-07-04 01:36:29.981
BTC,BUY,0.0002,9682450.000,2024-07-04 01:36:42.059
BTC,SELL,0.0002,9682449.000,2024-07-04 01:36:42.939
BTC,SELL,0.0037,9680000.000,2024-07-04 01:36:48.503
BTC,BUY,0.0020,9684240.000,2024-07-04 01:37:02.989
BTC,BUY,0.0063,9686280.000,2024-07-04 01:37:14.449
BTC,BUY,0.0020,9686572.000,2024-07-04 01:37:14.760
BTC,BUY,0.0020,9690520.000,2024-07-04 01:37:24.104
BTC,BUY,0.0010,9691050.000,2024-07-04 01:37:31.583
BTC,BUY,0.0020,9691580.000,2024-07-04 01:37:32.747
BTC,BUY,0.0001,9693741.000,2024-07-04 01:37:37.830
BTC,BUY,0.0019,9694470.000,2024-07-04 01:37:37.830
BTC,SELL,0.0018,9693113.000,2024-07-04 01:37:40.491
BTC,BUY,0.0030,9695539.000,2024-07-04 01:37:54.699
BTC,SELL,0.0100,9695000.000,2024-07-04 01:38:23.675
BTC,SELL,0.0002,9695000.000,2024-07-04 01:38:23.675
BTC,SELL,0.0030,9686000.000,2024-07-04 01:38:27.539
BTC,SELL,0.0070,9680001.000,2024-07-04 01:38:27.539
BTC,SELL,0.0002,9685154.000,2024-07-04 01:38:31.696
BTC,SELL,0.0109,9680000.000,2024-07-04 01:38:36.495
BTC,SELL,0.0009,9680000.000,2024-07-04 01:38:36.495
BTC,SELL,0.0001,9680000.000,2024-07-04 01:38:36.495
BTC,SELL,0.0001,9680000.000,2024-07-04 01:38:36.495
BTC,SELL,0.0003,9680000.000,2024-07-04 01:38:36.495
BTC,BUY,0.0050,9679258.000,2024-07-04 01:38:40.644
BTC,SELL,0.0001,9679257.000,2024-07-04 01:38:43.206
BTC,SELL,0.0002,9679257.000,2024-07-04 01:38:43.206
BTC,SELL,0.0015,9677777.000,2024-07-04 01:38:43.562
BTC,SELL,0.0001,9675000.000,2024-07-04 01:38:45.027
BTC,SELL,0.0100,9670000.000,2024-07-04 01:38:45.027
BTC,SELL,0.0003,9670000.000,2024-07-04 01:38:45.027
BTC,SELL,0.0001,9670000.000,2024-07-04 01:38:45.027
BTC,SELL,0.0001,9670000.000,2024-07-04 01:38:45.027
BTC,SELL,0.0003,9670000.000,2024-07-04 01:38:45.027
BTC,SELL,0.0040,9669943.000,2024-07-04 01:38:45.027
BTC,SELL,0.0036,9669640.000,2024-07-04 01:38:45.027
BTC,SELL,0.0415,9666830.000,2024-07-04 01:38:45.027
BTC,BUY,0.0150,9673199.000,2024-07-04 01:38:54.992
BTC,BUY,0.0060,9673723.000,2024-07-04 01:39:02.999
BTC,BUY,0.0030,9673723.000,2024-07-04 01:39:03.093
BTC,BUY,0.0031,9673723.000,2024-07-04 01:39:03.118
BTC,BUY,0.0020,9673723.000,2024-07-04 01:39:03.922
BTC,BUY,0.1000,9677800.000,2024-07-04 01:39:07.877
BTC,BUY,0.0004,9680761.000,2024-07-04 01:39:11.552
BTC,BUY,0.0006,9680761.000,2024-07-04 01:39:11.832
BTC,BUY,0.0050,9680761.000,2024-07-04 01:39:12.074
BTC,BUY,0.0009,9680761.000,2024-07-04 01:39:12.087
BTC,BUY,0.0275,9682040.000,2024-07-04 01:39:13.302
BTC,BUY,0.0014,9683100.000,2024-07-04 01:39:13.613
BTC,BUY,0.0002,9684690.000,2024-07-04 01:39:19.119
BTC,BUY,0.0020,9685220.000,2024-07-04 01:39:19.732
BTC,SELL,0.0101,9687920.000,2024-07-04 01:39:28.942
BTC,SELL,0.0002,9687920.000,2024-07-04 01:39:37.445
BTC,SELL,0.0028,9685932.000,2024-07-04 01:39:39.338
BTC,SELL,0.0022,9684555.000,2024-07-04 01:39:39.338
BTC,BUY,0.0050,9687870.000,2024-07-04 01:39:47.422
BTC,BUY,0.1000,9688400.000,2024-07-04 01:39:47.962
BTC,BUY,0.0050,9690000.000,2024-07-04 01:39:48.696
BTC,BUY,0.0010,9687850.000,2024-07-04 01:40:06.711
BTC,SELL,0.0180,9685485.000,2024-07-04 01:40:08.483
BTC,SELL,0.0061,9679902.000,2024-07-04 01:40:13.992
BTC,BUY,0.0002,9679559.000,2024-07-04 01:40:22.676
BTC,BUY,0.0019,9679826.000,2024-07-04 01:40:31.115
BTC,SELL,0.0002,9679825.000,2024-07-04 01:40:40.469
BTC,BUY,0.0050,9679815.000,2024-07-04 01:40:48.691
BTC,BUY,0.0020,9679815.000,2024-07-04 01:40:48.746
BTC,BUY,0.0017,9681110.000,2024-07-04 01:41:04.587
BTC,BUY,0.0003,9682385.000,2024-07-04 01:41:09.015
BTC,BUY,0.0001,9683630.000,2024-07-04 01:41:16.588
BTC,BUY,0.0007,9685520.000,2024-07-04 01:41:33.970
BTC,BUY,0.0078,9685520.000,2024-07-04 01:41:34.025
BTC,BUY,0.0050,9677599.000,2024-07-04 01:42:06.246
BTC,BUY,0.0001,9675450.000,2024-07-04 01:42:20.509
BTC,SELL,0.0002,9674000.000,2024-07-04 01:42:22.544
BTC,BUY,0.0004,9674001.000,2024-07-04 01:42:45.740
BTC,BUY,0.0006,9674001.000,2024-07-04 01:42:48.317
BTC,SELL,0.0050,9674000.000,2024-07-04 01:42:52.498
BTC,SELL,0.0154,9674000.000,2024-07-04 01:42:52.773
BTC,SELL,0.0050,9674000.000,2024-07-04 01:42:53.021
BTC,SELL,0.0744,9674000.000,2024-07-04 01:42:53.610
BTC,SELL,0.0003,9674000.000,2024-07-04 01:42:53.610
BTC,SELL,0.0002,9674000.000,2024-07-04 01:42:53.610
BTC,SELL,0.0010,9672000.000,2024-07-04 01:42:53.699
BTC,SELL,0.0050,9665501.000,2024-07-04 01:42:53.699
BTC,SELL,0.0002,9674000.000,2024-07-04 01:42:57.463
BTC,SELL,0.0050,9661663.000,2024-07-04 01:43:05.511
BTC,BUY,0.0010,9662237.000,2024-07-04 01:43:08.061
BTC,BUY,0.0001,9662237.000,2024-07-04 01:43:14.139
BTC,BUY,0.0700,9666267.000,2024-07-04 01:43:14.139
BTC,BUY,0.0300,9666269.000,2024-07-04 01:43:14.139
BTC,BUY,0.0300,9666820.000,2024-07-04 01:43:14.139
BTC,BUY,0.0285,9667442.000,2024-07-04 01:43:14.139
BTC,BUY,0.0325,9667995.000,2024-07-04 01:43:14.139
BTC,BUY,0.0166,9670669.000,2024-07-04 01:43:14.139
BTC,BUY,0.0040,9677520.000,2024-07-04 01:43:14.139
BTC,BUY,0.0400,9677525.000,2024-07-04 01:43:14.139
BTC,BUY,0.0133,9677649.000,2024-07-04 01:43:14.139
BTC,BUY,0.0038,9677750.000,2024-07-04 01:43:14.445
BTC,BUY,0.0100,9677800.000,2024-07-04 01:43:14.445
BTC,BUY,0.0300,9682040.000,2024-07-04 01:43:14.445
BTC,BUY,0.0300,9683100.000,2024-07-04 01:43:14.445
BTC,BUY,0.0848,9683630.000,2024-07-04 01:43:14.445
BTC,BUY,0.0400,9684129.000,2024-07-04 01:43:14.445
BTC,BUY,0.0664,9684160.000,2024-07-04 01:43:14.445
BTC,BUY,0.0040,9677750.000,2024-07-04 01:43:14.650
BTC,BUY,0.1020,9677800.000,2024-07-04 01:43:14.650
BTC,BUY,0.0133,9680714.000,2024-07-04 01:43:14.650
BTC,BUY,0.0015,9684160.000,2024-07-04 01:43:14.650
BTC,BUY,0.1000,9684690.000,2024-07-04 01:43:14.650
BTC,BUY,0.0001,9685703.000,2024-07-04 01:43:14.650
BTC,BUY,0.0643,9685750.000,2024-07-04 01:43:14.650
BTC,BUY,0.0848,9686280.000,2024-07-04 01:43:14.650
BTC,BUY,0.0002,9686810.000,2024-07-04 01:43:14.650
BTC,BUY,0.0167,9687340.000,2024-07-04 01:43:14.650
BTC,BUY,0.0050,9688889.000,2024-07-04 01:43:14.650
BTC,BUY,0.0602,9689460.000,2024-07-04 01:43:14.650
BTC,BUY,0.0047,9689990.000,2024-07-04 01:43:14.650
BTC,BUY,0.0170,9690000.000,2024-07-04 01:43:14.650
BTC,BUY,0.0181,9691050.000,2024-07-04 01:43:14.650
BTC,BUY,0.0234,9677799.000,2024-07-04 01:43:14.879
BTC,BUY,0.1095,9693170.000,2024-07-04 01:43:14.879
BTC,BUY,0.1577,9693700.000,2024-07-04 01:43:14.879
BTC,BUY,0.0495,9695820.000,2024-07-04 01:43:14.879
BTC,BUY,0.0736,9699000.000,2024-07-04 01:43:14.879
BTC,BUY,0.0025,9700000.000,2024-07-04 01:43:14.879
BTC,BUY,0.0050,9700000.000,2024-07-04 01:43:14.879
BTC,BUY,0.0100,9700060.000,2024-07-04 01:43:14.879
BTC,BUY,0.0100,9700590.000,2024-07-04 01:43:14.879
BTC,BUY,0.0100,9701120.000,2024-07-04 01:43:14.879
BTC,BUY,0.0407,9705360.000,2024-07-04 01:43:14.879
BTC,BUY,0.0530,9709070.000,2024-07-04 01:43:15.242
BTC,BUY,0.0008,9676063.000,2024-07-04 01:43:17.152
BTC,SELL,0.0001,9676062.000,2024-07-04 01:43:18.117
BTC,SELL,0.0001,9668308.000,2024-07-04 01:43:18.117
BTC,SELL,0.0166,9663451.000,2024-07-04 01:43:18.117
BTC,SELL,0.0053,9663450.000,2024-07-04 01:43:18.117
BTC,BUY,0.0007,9676000.000,2024-07-04 01:43:20.469
BTC,SELL,0.0002,9670000.000,2024-07-04 01:43:28.150
BTC,SELL,0.0050,9665218.000,2024-07-04 01:43:29.139
BTC,SELL,0.0100,9661000.000,2024-07-04 01:43:34.285
BTC,SELL,0.0003,9660000.000,2024-07-04 01:43:37.273
BTC,SELL,0.0010,9660000.000,2024-07-04 01:43:37.273
BTC,SELL,0.0020,9660000.000,2024-07-04 01:43:37.273
BTC,SELL,0.0001,9660000.000,2024-07-04 01:43:37.273
BTC,SELL,0.0001,9660000.000,2024-07-04 01:43:37.273
BTC,SELL,0.0010,9660000.000,2024-07-04 01:43:37.273
BTC,SELL,0.0010,9660000.000,2024-07-04 01:43:37.273
BTC,SELL,0.0002,9660000.000,2024-07-04 01:43:37.273
BTC,SELL,0.0002,9660000.000,2024-07-04 01:43:37.273
BTC,SELL,0.0001,9656529.000,2024-07-04 01:43:37.691
BTC,SELL,0.0006,9655000.000,2024-07-04 01:43:37.691
BTC,SELL,0.0056,9653934.000,2024-07-04 01:43:37.691
BTC,SELL,0.0002,9655000.000,2024-07-04 01:43:38.101
BTC,SELL,0.0028,9650002.000,2024-07-04 01:43:38.101
BTC,SELL,0.0019,9650002.000,2024-07-04 01:43:38.757
BTC,SELL,0.0001,9650000.000,2024-07-04 01:43:39.485
BTC,SELL,0.0003,9650000.000,2024-07-04 01:43:39.485
BTC,SELL,0.0002,9650000.000,2024-07-04 01:43:39.485
BTC,SELL,0.0003,9650000.000,2024-07-04 01:43:39.485
BTC,SELL,0.0002,9650000.000,2024-07-04 01:43:39.485
BTC,SELL,0.0008,9650000.000,2024-07-04 01:43:39.485
BTC,SELL,0.0080,9650000.000,2024-07-04 01:43:39.569
BTC,SELL,0.0012,9650000.000,2024-07-04 01:43:39.986
BTC,SELL,0.0050,9650000.000,2024-07-04 01:43:39.986
BTC,SELL,0.0300,9650000.000,2024-07-04 01:43:39.986
BTC,SELL,0.0001,9650000.000,2024-07-04 01:43:39.986
BTC,SELL,0.0037,9650000.000,2024-07-04 01:43:39.986
BTC,SELL,0.0013,9650000.000,2024-07-04 01:43:39.993
BTC,SELL,0.0062,9650000.000,2024-07-04 01:43:39.993
BTC,SELL,0.0001,9650000.000,2024-07-04 01:43:39.993
BTC,SELL,0.0001,9650000.000,2024-07-04 01:43:39.993
BTC,SELL,0.0001,9650000.000,2024-07-04 01:43:39.993
BTC,SELL,0.0001,9650000.000,2024-07-04 01:43:39.993
BTC,SELL,0.0001,9650000.000,2024-07-04 01:43:39.993
BTC,SELL,0.0001,9650000.000,2024-07-04 01:43:39.993
BTC,SELL,0.0001,9650000.000,2024-07-04 01:43:39.993
BTC,SELL,0.0200,9650000.000,2024-07-04 01:43:39.993
BTC,SELL,0.0001,9650000.000,2024-07-04 01:43:39.993
BTC,SELL,0.0010,9650000.000,2024-07-04 01:43:39.993
BTC,SELL,0.0001,9650000.000,2024-07-04 01:43:39.993
BTC,SELL,0.0010,9650000.000,2024-07-04 01:43:39.993
BTC,SELL,0.0001,9650000.000,2024-07-04 01:43:39.993
BTC,SELL,0.0005,9650000.000,2024-07-04 01:43:39.993
BTC,SELL,0.0300,9649976.000,2024-07-04 01:43:39.993
BTC,SELL,0.0300,9649526.000,2024-07-04 01:43:39.993
BTC,SELL,0.0002,9647000.000,2024-07-04 01:43:40.558
BTC,SELL,0.0001,9647000.000,2024-07-04 01:43:40.558
BTC,SELL,0.0002,9646000.000,2024-07-04 01:43:40.558
BTC,SELL,0.0045,9645269.000,2024-07-04 01:43:40.558
BTC,SELL,0.0300,9645087.000,2024-07-04 01:43:41.928
BTC,SELL,0.0001,9645000.000,2024-07-04 01:43:42.872
BTC,SELL,0.0002,9645000.000,2024-07-04 01:43:42.872
BTC,SELL,0.0001,9645000.000,2024-07-04 01:43:42.872
BTC,SELL,0.0010,9643616.000,2024-07-04 01:43:42.872
BTC,SELL,0.0001,9641887.000,2024-07-04 01:43:42.872
BTC,SELL,0.0001,9640000.000,2024-07-04 01:43:42.872
BTC,SELL,0.0006,9640000.000,2024-07-04 01:43:42.872
BTC,SELL,0.0065,9640000.000,2024-07-04 01:43:42.872
BTC,SELL,0.0001,9640000.000,2024-07-04 01:43:42.872
BTC,SELL,0.0001,9640000.000,2024-07-04 01:43:42.872
BTC,SELL,0.0003,9640000.000,2024-07-04 01:43:42.872
BTC,SELL,0.0001,9640000.000,2024-07-04 01:43:42.872
BTC,SELL,0.0001,9640000.000,2024-07-04 01:43:42.872
BTC,SELL,0.0001,9640000.000,2024-07-04 01:43:42.872
BTC,SELL,0.0001,9640000.000,2024-07-04 01:43:42.872
BTC,SELL,0.0002,9640000.000,2024-07-04 01:43:43.017
BTC,SELL,0.0050,9639690.000,2024-07-04 01:43:43.017
BTC,SELL,0.0010,9639632.000,2024-07-04 01:43:43.017
BTC,SELL,0.0010,9639631.000,2024-07-04 01:43:43.017
BTC,SELL,0.0008,9639630.000,2024-07-04 01:43:43.017
BTC,SELL,0.0092,9639630.000,2024-07-04 01:43:43.623
BTC,SELL,0.0002,9638600.000,2024-07-04 01:43:43.623
BTC,SELL,0.0010,9638000.000,2024-07-04 01:43:43.623
BTC,SELL,0.0005,9636797.000,2024-07-04 01:43:43.623
BTC,SELL,0.0005,9636000.000,2024-07-04 01:43:43.623
BTC,SELL,0.0010,9635881.000,2024-07-04 01:43:43.623
BTC,SELL,0.0100,9635042.000,2024-07-04 01:43:43.623
BTC,SELL,0.0100,9634000.000,2024-07-04 01:43:43.623
BTC,SELL,0.0700,9632495.000,2024-07-04 01:43:43.623
BTC,SELL,0.0010,9632494.000,2024-07-04 01:43:43.623
BTC,SELL,0.0010,9630001.000,2024-07-04 01:43:43.623
BTC,SELL,0.0001,9630000.000,2024-07-04 01:43:43.623
BTC,SELL,0.0002,9630000.000,2024-07-04 01:43:43.623
BTC,SELL,0.0052,9630000.000,2024-07-04 01:43:43.623
BTC,SELL,0.0001,9630000.000,2024-07-04 01:43:43.623
BTC,SELL,0.0001,9630000.000,2024-07-04 01:43:43.642
BTC,SELL,0.0005,9630000.000,2024-07-04 01:43:43.642
BTC,SELL,0.0001,9630000.000,2024-07-04 01:43:43.642
BTC,SELL,0.0020,9630000.000,2024-07-04 01:43:43.642
BTC,SELL,0.0001,9630000.000,2024-07-04 01:43:43.642
BTC,SELL,0.0001,9630000.000,2024-07-04 01:43:43.642
BTC,SELL,0.0004,9630000.000,2024-07-04 01:43:43.642
BTC,SELL,0.0006,9630000.000,2024-07-04 01:43:43.772
BTC,SELL,0.0001,9630000.000,2024-07-04 01:43:43.772
BTC,SELL,0.0002,9630000.000,2024-07-04 01:43:44.016
BTC,SELL,0.0001,9630000.000,2024-07-04 01:43:44.016
BTC,SELL,0.0001,9630000.000,2024-07-04 01:43:44.016
BTC,SELL,0.0001,9630000.000,2024-07-04 01:43:44.016
BTC,SELL,0.0010,9630000.000,2024-07-04 01:43:44.016
BTC,SELL,0.0001,9629029.000,2024-07-04 01:43:44.016
BTC,BUY,0.0100,9645001.000,2024-07-04 01:43:44.102
BTC,BUY,0.0115,9645269.000,2024-07-04 01:43:44.102
BTC,BUY,0.0118,9645440.000,2024-07-04 01:43:44.102
BTC,BUY,0.0167,9645469.000,2024-07-04 01:43:44.102
BTC,BUY,0.0515,9645000.000,2024-07-04 01:43:45.051
BTC,SELL,0.0099,9646000.000,2024-07-04 01:43:45.054
BTC,SELL,0.0104,9646000.000,2024-07-04 01:43:45.316
BTC,SELL,0.1000,9646000.000,2024-07-04 01:43:45.320
BTC,SELL,0.0005,9646000.000,2024-07-04 01:43:45.406
BTC,SELL,0.0400,9646000.000,2024-07-04 01:43:45.411
BTC,SELL,0.0376,9646000.000,2024-07-04 01:43:45.628
BTC,SELL,0.0050,9646000.000,2024-07-04 01:43:45.727
BTC,SELL,0.4000,9646000.000,2024-07-04 01:43:45.730
BTC,SELL,0.0200,9646000.000,2024-07-04 01:43:45.732
BTC,SELL,0.0051,9646000.000,2024-07-04 01:43:45.734
BTC,SELL,0.0124,9628740.000,2024-07-04 01:43:45.734
BTC,SELL,0.0005,9627422.000,2024-07-04 01:43:45.734
BTC,SELL,0.0007,9627366.000,2024-07-04 01:43:45.734
BTC,SELL,0.0052,9625000.000,2024-07-04 01:43:45.734
BTC,SELL,0.0010,9625000.000,2024-07-04 01:43:45.734
BTC,SELL,0.0046,9623111.000,2024-07-04 01:43:45.734
BTC,SELL,0.0105,9623111.000,2024-07-04 01:43:45.792
BTC,SELL,0.0149,9623111.000,2024-07-04 01:43:45.819
BTC,SELL,0.0251,9623000.000,2024-07-04 01:43:45.819
BTC,SELL,0.0195,9623000.000,2024-07-04 01:43:45.825
BTC,SELL,0.0003,9623000.000,2024-07-04 01:43:46.009
BTC,SELL,0.0927,9623000.000,2024-07-04 01:43:46.190
BTC,SELL,0.1024,9623000.000,2024-07-04 01:43:47.889
BTC,SELL,0.0001,9621372.000,2024-07-04 01:43:47.960
BTC,SELL,0.0003,9621372.000,2024-07-04 01:43:47.960
BTC,SELL,0.0006,9621372.000,2024-07-04 01:43:47.960
BTC,SELL,0.0001,9620000.000,2024-07-04 01:43:47.960
BTC,SELL,0.0001,9620000.000,2024-07-04 01:43:47.960
BTC,SELL,0.0050,9620000.000,2024-07-04 01:43:47.960
BTC,SELL,0.0001,9620000.000,2024-07-04 01:43:47.960
BTC,SELL,0.0030,9620000.000,2024-07-04 01:43:47.960
BTC,SELL,0.0001,9620000.000,2024-07-04 01:43:47.960
BTC,SELL,0.0001,9620000.000,2024-07-04 01:43:47.960
BTC,SELL,0.0003,9620000.000,2024-07-04 01:43:47.960
BTC,SELL,0.0010,9620000.000,2024-07-04 01:43:47.960
BTC,SELL,0.0001,9620000.000,2024-07-04 01:43:47.960
BTC,SELL,0.0001,9620000.000,2024-07-04 01:43:47.960
BTC,SELL,0.0020,9620000.000,2024-07-04 01:43:47.960
BTC,SELL,0.0005,9620000.000,2024-07-04 01:43:47.960
BTC,SELL,0.0001,9620000.000,2024-07-04 01:43:47.960
BTC,SELL,0.0001,9620000.000,2024-07-04 01:43:47.960
BTC,SELL,0.0001,9620000.000,2024-07-04 01:43:47.960
BTC,SELL,0.0003,9618400.000,2024-07-04 01:43:47.960
BTC,SELL,0.0100,9616000.000,2024-07-04 01:43:47.960
BTC,SELL,0.0010,9615139.000,2024-07-04 01:43:47.960
BTC,SELL,0.0049,9614000.000,2024-07-04 01:43:47.960
BTC,SELL,0.0300,9614000.000,2024-07-04 01:43:48.047
BTC,SELL,0.0010,9614000.000,2024-07-04 01:43:48.135
BTC,SELL,0.0001,9614000.000,2024-07-04 01:43:48.313
BTC,SELL,0.0001,9612820.000,2024-07-04 01:43:48.313
BTC,SELL,0.0004,9612345.000,2024-07-04 01:43:48.936
BTC,SELL,0.0001,9611839.000,2024-07-04 01:43:48.936
BTC,SELL,0.0010,9611800.000,2024-07-04 01:43:48.936
BTC,SELL,0.0011,9611356.000,2024-07-04 01:43:48.936
BTC,SELL,0.0010,9611000.000,2024-07-04 01:43:48.936
BTC,SELL,0.0010,9610250.000,2024-07-04 01:43:48.936
BTC,SELL,0.0004,9610001.000,2024-07-04 01:43:48.936
BTC,SELL,0.0053,9610001.000,2024-07-04 01:43:49.355
BTC,BUY,0.0300,9612346.000,2024-07-04 01:43:50.664
BTC,BUY,0.0200,9617909.000,2024-07-04 01:43:50.664
BTC,SELL,0.0037,9610050.000,2024-07-04 01:43:51.026
BTC,BUY,0.0100,9622884.000,2024-07-04 01:43:51.773
BTC,BUY,0.0100,9622796.000,2024-07-04 01:43:52.685
BTC,SELL,0.1030,9610134.000,2024-07-04 01:43:52.686
BTC,SELL,0.1000,9610100.000,2024-07-04 01:43:52.686
BTC,SELL,0.0700,9610051.000,2024-07-04 01:43:52.686
BTC,SELL,0.0520,9610050.000,2024-07-04 01:43:52.686
BTC,SELL,0.0043,9610001.000,2024-07-04 01:43:52.686
BTC,SELL,0.0001,9610000.000,2024-07-04 01:43:52.686
BTC,SELL,0.0001,9610000.000,2024-07-04 01:43:52.686
BTC,SELL,0.0003,9610000.000,2024-07-04 01:43:52.686
BTC,SELL,0.0001,9610000.000,2024-07-04 01:43:52.686
BTC,SELL,0.0005,9610000.000,2024-07-04 01:43:52.686
BTC,SELL,0.0014,9610000.000,2024-07-04 01:43:52.686
BTC,SELL,0.0001,9610000.000,2024-07-04 01:43:52.686
BTC,SELL,0.0002,9610000.000,2024-07-04 01:43:52.686
BTC,SELL,0.0001,9610000.000,2024-07-04 01:43:52.686
BTC,SELL,0.0010,9610000.000,2024-07-04 01:43:52.686
BTC,SELL,0.0002,9610000.000,2024-07-04 01:43:52.686
BTC,SELL,0.0020,9610000.000,2024-07-04 01:43:52.686
BTC,SELL,0.0003,9610000.000,2024-07-04 01:43:52.686
BTC,SELL,0.0001,9610000.000,2024-07-04 01:43:52.686
BTC,SELL,0.0001,9610000.000,2024-07-04 01:43:52.686
BTC,SELL,0.0001,9608547.000,2024-07-04 01:43:52.686
BTC,SELL,0.0036,9607750.000,2024-07-04 01:43:52.686
BTC,SELL,0.0003,9605000.000,2024-07-04 01:43:52.686
BTC,SELL,0.0010,9604634.000,2024-07-04 01:43:52.686
BTC,SELL,0.0200,9601820.000,2024-07-04 01:43:52.686
BTC,SELL,0.0100,9601002.000,2024-07-04 01:43:52.686
BTC,SELL,0.0050,9601000.000,2024-07-04 01:43:52.686
BTC,SELL,0.0020,9601000.000,2024-07-04 01:43:52.686
BTC,SELL,0.0050,9601000.000,2024-07-04 01:43:52.686
BTC,SELL,0.0010,9601000.000,2024-07-04 01:43:52.686
BTC,SELL,0.0021,9600999.000,2024-07-04 01:43:52.686
BTC,SELL,0.0844,9600668.000,2024-07-04 01:43:52.686
BTC,SELL,0.0125,9600160.000,2024-07-04 01:43:52.686
BTC,SELL,0.0010,9600111.000,2024-07-04 01:43:52.686
BTC,SELL,0.0161,9600100.000,2024-07-04 01:43:52.686
BTC,SELL,0.0339,9600100.000,2024-07-04 01:43:53.163
BTC,SELL,0.0080,9600049.000,2024-07-04 01:43:53.163
BTC,SELL,0.0100,9600003.000,2024-07-04 01:43:53.163
BTC,SELL,0.0001,9600001.000,2024-07-04 01:43:53.163
BTC,SELL,0.0020,9600001.000,2024-07-04 01:43:53.163
BTC,SELL,0.0002,9600001.000,2024-07-04 01:43:53.163
BTC,SELL,0.0010,9600001.000,2024-07-04 01:43:53.163
BTC,SELL,0.0006,9600000.000,2024-07-04 01:43:53.163
BTC,SELL,0.0010,9600000.000,2024-07-04 01:43:53.163
BTC,SELL,0.0010,9600000.000,2024-07-04 01:43:53.163
BTC,SELL,0.0005,9600000.000,2024-07-04 01:43:53.163
BTC,SELL,0.0002,9600000.000,2024-07-04 01:43:53.163
BTC,SELL,0.0002,9600000.000,2024-07-04 01:43:53.163
BTC,SELL,0.0009,9600000.000,2024-07-04 01:43:53.163
BTC,SELL,0.0120,9600000.000,2024-07-04 01:43:53.163
BTC,SELL,0.1000,9600000.000,2024-07-04 01:43:53.163
BTC,SELL,0.0001,9600000.000,2024-07-04 01:43:53.163
BTC,SELL,0.0010,9600000.000,2024-07-04 01:43:53.163
BTC,SELL,0.0001,9600000.000,2024-07-04 01:43:53.163
BTC,SELL,0.0001,9600000.000,2024-07-04 01:43:53.163
BTC,SELL,0.0100,9600000.000,2024-07-04 01:43:53.163
BTC,SELL,0.0005,9600000.000,2024-07-04 01:43:53.163
BTC,SELL,0.0001,9600000.000,2024-07-04 01:43:53.163
BTC,SELL,0.0050,9600000.000,2024-07-04 01:43:53.163
BTC,SELL,0.0100,9600000.000,2024-07-04 01:43:53.163
BTC,SELL,0.0040,9600000.000,2024-07-04 01:43:53.163
BTC,SELL,0.0001,9600000.000,2024-07-04 01:43:53.163
BTC,SELL,0.0200,9600000.000,2024-07-04 01:43:53.163
BTC,SELL,0.0002,9600000.000,2024-07-04 01:43:53.163
BTC,SELL,0.0010,9600000.000,2024-07-04 01:43:53.163
BTC,SELL,0.0050,9600000.000,2024-07-04 01:43:53.163
BTC,SELL,0.0036,9600000.000,2024-07-04 01:43:53.163
BTC,SELL,0.0020,9600000.000,2024-07-04 01:43:53.163
BTC,SELL,0.0005,9600000.000,2024-07-04 01:43:53.163
BTC,SELL,0.0005,9600000.000,2024-07-04 01:43:53.163
BTC,SELL,0.0010,9600000.000,2024-07-04 01:43:53.163
BTC,SELL,0.0016,9600000.000,2024-07-04 01:43:53.163
BTC,SELL,0.0050,9600000.000,2024-07-04 01:43:53.163
BTC,SELL,0.0001,9600000.000,2024-07-04 01:43:53.163
BTC,SELL,0.0010,9600000.000,2024-07-04 01:43:53.163
BTC,SELL,0.0068,9600000.000,2024-07-04 01:43:53.163
BTC,SELL,0.0432,9600000.000,2024-07-04 01:43:53.195
BTC,SELL,0.0005,9600000.000,2024-07-04 01:43:53.195
BTC,SELL,0.0010,9600000.000,2024-07-04 01:43:53.195
BTC,SELL,0.0010,9600000.000,2024-07-04 01:43:53.195
BTC,SELL,0.0100,9600000.000,2024-07-04 01:43:53.195
BTC,SELL,0.0010,9600000.000,2024-07-04 01:43:53.195
BTC,SELL,0.0010,9600000.000,2024-07-04 01:43:53.195
BTC,SELL,0.0100,9600000.000,2024-07-04 01:43:53.195
BTC,SELL,0.0050,9600000.000,2024-07-04 01:43:53.195
BTC,SELL,0.0001,9600000.000,2024-07-04 01:43:53.195
BTC,SELL,0.1000,9600000.000,2024-07-04 01:43:53.195
BTC,SELL,0.0010,9600000.000,2024-07-04 01:43:53.195
BTC,SELL,0.0001,9600000.000,2024-07-04 01:43:53.195
BTC,SELL,0.0100,9600000.000,2024-07-04 01:43:53.195
BTC,SELL,0.0100,9600000.000,2024-07-04 01:43:53.195
BTC,SELL,0.0001,9600000.000,2024-07-04 01:43:53.195
BTC,SELL,0.0032,9600000.000,2024-07-04 01:43:53.195
BTC,SELL,0.0010,9600000.000,2024-07-04 01:43:53.195
BTC,SELL,0.0100,9600000.000,2024-07-04 01:43:53.195
BTC,SELL,0.0010,9600000.000,2024-07-04 01:43:53.195
BTC,SELL,0.0040,9600000.000,2024-07-04 01:43:53.195
BTC,SELL,0.0010,9600000.000,2024-07-04 01:43:53.195
BTC,SELL,0.0001,9600000.000,2024-07-04 01:43:53.195
BTC,SELL,0.0010,9600000.000,2024-07-04 01:43:53.195
BTC,SELL,0.0050,9600000.000,2024-07-04 01:43:53.195
BTC,SELL,0.0005,9600000.000,2024-07-04 01:43:53.195
BTC,SELL,0.0001,9600000.000,2024-07-04 01:43:53.195
BTC,SELL,0.0003,9600000.000,2024-07-04 01:43:53.195
BTC,SELL,0.0002,9600000.000,2024-07-04 01:43:53.195
BTC,SELL,0.0030,9600000.000,2024-07-04 01:43:53.195
BTC,SELL,0.0010,9600000.000,2024-07-04 01:43:53.195
BTC,SELL,0.0051,9600000.000,2024-07-04 01:43:53.195
BTC,SELL,0.0001,9600000.000,2024-07-04 01:43:53.195
BTC,SELL,0.0500,9600000.000,2024-07-04 01:43:53.195
BTC,SELL,0.0100,9600000.000,2024-07-04 01:43:53.195
BTC,SELL,0.0015,9600000.000,2024-07-04 01:43:53.195
BTC,SELL,0.0010,9600000.000,2024-07-04 01:43:53.195
BTC,SELL,0.0005,9600000.000,2024-07-04 01:43:53.195
BTC,SELL,0.0001,9600000.000,2024-07-04 01:43:53.195
BTC,SELL,0.0010,9600000.000,2024-07-04 01:43:53.195
BTC,SELL,0.0100,9600000.000,2024-07-04 01:43:53.195
BTC,SELL,0.0200,9600000.000,2024-07-04 01:43:53.195
BTC,SELL,0.0030,9600000.000,2024-07-04 01:43:53.195
BTC,SELL,0.0001,9600000.000,2024-07-04 01:43:53.195
BTC,SELL,0.0010,9600000.000,2024-07-04 01:43:53.195
BTC,SELL,0.0011,9600000.000,2024-07-04 01:43:53.195
BTC,SELL,0.0021,9600000.000,2024-07-04 01:43:53.195
BTC,SELL,0.0050,9600000.000,2024-07-04 01:43:53.195
BTC,SELL,0.0010,9600000.000,2024-07-04 01:43:53.195
BTC,SELL,0.0010,9600000.000,2024-07-04 01:43:53.195
BTC,SELL,0.0004,9600000.000,2024-07-04 01:43:53.195
BTC,SELL,0.0005,9600000.000,2024-07-04 01:43:53.195
BTC,SELL,0.0010,9600000.000,2024-07-04 01:43:53.195
BTC,SELL,0.0060,9610135.000,2024-07-04 01:43:53.701
BTC,SELL,0.0200,9610135.000,2024-07-04 01:43:53.703
BTC,SELL,0.0009,9610135.000,2024-07-04 01:43:53.704
BTC,SELL,0.0431,9610135.000,2024-07-04 01:43:53.707
BTC,SELL,0.0010,9600000.000,2024-07-04 01:43:53.707
BTC,SELL,0.0001,9600000.000,2024-07-04 01:43:53.707
BTC,SELL,0.1000,9600000.000,2024-07-04 01:43:53.707
BTC,SELL,0.0004,9600000.000,2024-07-04 01:43:53.707
BTC,SELL,0.0001,9600000.000,2024-07-04 01:43:53.707
BTC,SELL,0.0101,9600000.000,2024-07-04 01:43:53.707
BTC,SELL,0.0200,9600000.000,2024-07-04 01:43:53.707
BTC,SELL,0.0050,9600000.000,2024-07-04 01:43:53.707
BTC,SELL,0.0010,9600000.000,2024-07-04 01:43:53.707
BTC,SELL,0.0001,9600000.000,2024-07-04 01:43:53.707
BTC,SELL,0.0050,9600000.000,2024-07-04 01:43:53.707
BTC,SELL,0.0010,9600000.000,2024-07-04 01:43:53.707
BTC,SELL,0.0003,9600000.000,2024-07-04 01:43:53.707
BTC,SELL,0.0010,9600000.000,2024-07-04 01:43:53.707
BTC,SELL,0.1000,9600000.000,2024-07-04 01:43:53.707
BTC,SELL,0.0100,9600000.000,2024-07-04 01:43:53.707
BTC,SELL,0.0427,9600000.000,2024-07-04 01:43:53.707
BTC,SELL,0.0100,9600718.000,2024-07-04 01:43:53.878
BTC,SELL,0.2419,9600000.000,2024-07-04 01:43:53.878
BTC,BUY,0.0300,9606400.000,2024-07-04 01:43:54.667
BTC,BUY,0.0070,9610135.000,2024-07-04 01:43:54.667
BTC,BUY,0.0200,9610135.000,2024-07-04 01:43:55.476
BTC,BUY,0.0030,9610135.000,2024-07-04 01:43:55.529
BTC,BUY,0.0500,9614713.000,2024-07-04 01:43:55.633
BTC,BUY,0.0002,9614712.000,2024-07-04 01:43:58.433
BTC,BUY,0.0028,9614712.000,2024-07-04 01:43:59.366
BTC,BUY,0.0344,9615683.000,2024-07-04 01:43:59.366
BTC,BUY,0.0100,9618012.000,2024-07-04 01:43:59.366
BTC,BUY,0.0028,9622717.000,2024-07-04 01:43:59.366
BTC,BUY,0.0045,9620748.000,2024-07-04 01:44:01.987
BTC,BUY,0.0055,9622885.000,2024-07-04 01:44:01.987
BTC,BUY,0.0045,9622885.000,2024-07-04 01:44:02.072
BTC,BUY,0.0020,9625887.000,2024-07-04 01:44:02.406
BTC,BUY,0.0400,9627919.000,2024-07-04 01:44:03.916
BTC,BUY,0.0037,9627900.000,2024-07-04 01:44:04.600
BTC,BUY,0.0063,9627919.000,2024-07-04 01:44:04.600
BTC,BUY,0.0400,9627919.000,2024-07-04 01:44:04.865
BTC,BUY,0.0400,9627919.000,2024-07-04 01:44:04.868
BTC,BUY,0.0001,9635002.000,2024-07-04 01:44:05.581
BTC,BUY,0.0049,9635426.000,2024-07-04 01:44:05.581
BTC,BUY,0.0510,9635426.000,2024-07-04 01:44:05.816
BTC,BUY,0.0001,9637364.000,2024-07-04 01:44:07.163
BTC,BUY,0.0005,9647517.000,2024-07-04 01:44:11.909
BTC,BUY,0.0010,9647390.000,2024-07-04 01:44:14.400
BTC,BUY,0.0001,9647390.000,2024-07-04 01:44:15.128
BTC,BUY,0.0700,9647388.000,2024-07-04 01:44:16.609
BTC,BUY,0.0149,9647390.000,2024-07-04 01:44:16.609
BTC,BUY,0.0015,9647517.000,2024-07-04 01:44:16.609
BTC,BUY,0.0136,9647518.000,2024-07-04 01:44:16.609
BTC,SELL,0.0300,9647231.000,2024-07-04 01:44:20.953
BTC,SELL,0.0001,9645461.000,2024-07-04 01:44:21.662
BTC,SELL,0.0100,9645257.000,2024-07-04 01:44:21.662
BTC,SELL,0.0930,9640967.000,2024-07-04 01:44:22.548
BTC,SELL,0.0070,9640967.000,2024-07-04 01:44:22.548
BTC,SELL,0.0100,9639675.000,2024-07-04 01:44:23.687
BTC,SELL,0.0100,9639211.000,2024-07-04 01:44:23.687
BTC,SELL,0.0300,9638732.000,2024-07-04 01:44:24.012
BTC,BUY,0.0300,9638733.000,2024-07-04 01:44:26.413
BTC,SELL,0.0026,9638485.000,2024-07-04 01:44:26.629
BTC,BUY,0.0005,9642938.000,2024-07-04 01:44:30.479
BTC,SELL,0.0002,9642937.000,2024-07-04 01:44:34.639
BTC,SELL,0.0068,9640375.000,2024-07-04 01:44:34.639
BTC,SELL,0.0064,9640375.000,2024-07-04 01:44:34.642
BTC,SELL,0.0698,9640375.000,2024-07-04 01:44:35.276
BTC,SELL,0.0002,9640000.000,2024-07-04 01:44:40.475
BTC,BUY,0.0900,9637815.000,2024-07-04 01:44:50.236
BTC,BUY,0.0030,9637815.000,2024-07-04 01:44:50.317
BTC,BUY,0.0020,9638580.000,2024-07-04 01:44:51.770
BTC,BUY,0.2270,9638580.000,2024-07-04 01:44:52.215
BTC,BUY,0.2710,9638580.000,2024-07-04 01:44:52.291
BTC,BUY,0.0100,9641310.000,2024-07-04 01:44:53.152
BTC,BUY,0.0295,9643579.000,2024-07-04 01:44:59.073
BTC,BUY,0.0093,9644165.000,2024-07-04 01:44:59.073
BTC,BUY,0.0001,9644166.000,2024-07-04 01:44:59.073
BTC,BUY,0.0611,9645430.000,2024-07-04 01:44:59.073
BTC,BUY,0.0215,9646210.000,2024-07-04 01:45:09.260
BTC,BUY,0.0100,9646529.000,2024-07-04 01:45:09.260
BTC,BUY,0.0185,9648429.000,2024-07-04 01:45:09.260
BTC,BUY,0.0334,9646431.000,2024-07-04 01:45:16.727
BTC,BUY,0.0100,9646431.000,2024-07-04 01:45:16.727
BTC,BUY,0.0066,9648796.000,2024-07-04 01:45:16.727
BTC,SELL,0.0003,9641296.000,2024-07-04 01:45:20.486
BTC,SELL,0.0397,9641296.000,2024-07-04 01:45:20.791
BTC,BUY,0.0100,9641430.000,2024-07-04 01:45:30.051
BTC,BUY,0.0100,9646864.000,2024-07-04 01:45:30.051
BTC,BUY,0.0134,9648052.000,2024-07-04 01:45:30.051
BTC,BUY,0.0003,9650000.000,2024-07-04 01:45:30.051
BTC,BUY,0.0010,9650000.000,2024-07-04 01:45:30.051
BTC,BUY,0.0125,9651760.000,2024-07-04 01:45:30.051
BTC,BUY,0.0028,9651830.000,2024-07-04 01:45:30.051
BTC,BUY,0.0020,9651830.000,2024-07-04 01:45:30.149
BTC,SELL,0.0001,9644319.000,2024-07-04 01:45:40.778
BTC,SELL,0.0002,9640000.000,2024-07-04 01:45:40.778
BTC,SELL,0.0004,9636116.000,2024-07-04 01:45:40.778
BTC,SELL,0.0093,9635000.000,2024-07-04 01:45:40.778
BTC,SELL,0.0007,9635000.000,2024-07-04 01:45:41.377
BTC,SELL,0.0166,9632363.000,2024-07-04 01:45:41.966
BTC,SELL,0.0100,9632362.000,2024-07-04 01:45:44.847
BTC,SELL,0.0700,9620484.000,2024-07-04 01:45:47.476
BTC,SELL,0.0014,9619013.000,2024-07-04 01:45:47.772
BTC,SELL,0.0930,9617980.000,2024-07-04 01:45:50.663
BTC,SELL,0.0103,9610266.000,2024-07-04 01:45:59.077
BTC,BUY,0.5000,9611020.000,2024-07-04 01:46:02.096
BTC,BUY,0.5000,9613670.000,2024-07-04 01:46:02.224
BTC,BUY,0.0700,9614199.000,2024-07-04 01:46:02.726
BTC,BUY,0.0930,9616935.000,2024-07-04 01:46:02.726
BTC,BUY,0.3041,9617380.000,2024-07-04 01:46:02.726
BTC,BUY,0.1246,9618440.000,2024-07-04 01:46:08.078
BTC,BUY,0.0020,9618440.000,2024-07-04 01:46:08.092
BTC,BUY,0.0107,9618440.000,2024-07-04 01:46:08.156
BTC,BUY,0.0079,9618440.000,2024-07-04 01:46:08.200
BTC,BUY,0.0215,9618440.000,2024-07-04 01:46:08.347
BTC,BUY,0.0070,9620030.000,2024-07-04 01:46:10.068
BTC,BUY,0.0100,9620030.000,2024-07-04 01:46:10.075
BTC,BUY,0.0050,9620030.000,2024-07-04 01:46:10.436
BTC,BUY,0.0050,9622680.000,2024-07-04 01:46:11.076
BTC,BUY,0.0020,9624664.000,2024-07-04 01:46:14.862
BTC,SELL,0.0300,9623996.000,2024-07-04 01:46:19.686
BTC,SELL,0.0002,9625849.000,2024-07-04 01:46:21.608
BTC,BUY,0.0020,9625800.000,2024-07-04 01:46:23.239
BTC,SELL,0.0002,9620284.000,2024-07-04 01:46:27.362
BTC,SELL,0.0005,9618943.000,2024-07-04 01:46:27.362
BTC,BUY,0.0010,9623850.000,2024-07-04 01:46:35.602
BTC,SELL,0.0002,9620000.000,2024-07-04 01:46:49.556
BTC,SELL,0.0001,9620000.000,2024-07-04 01:46:54.949
BTC,BUY,0.0020,9620001.000,2024-07-04 01:46:55.689
BTC,BUY,0.0003,9620001.000,2024-07-04 01:46:56.022
BTC,BUY,0.0006,9620001.000,2024-07-04 01:46:56.358
BTC,BUY,0.0100,9620001.000,2024-07-04 01:47:01.608
BTC,SELL,0.0006,9619121.000,2024-07-04 01:47:09.498
BTC,SELL,0.0050,9616080.000,2024-07-04 01:47:12.974
BTC,SELL,0.0017,9613000.000,2024-07-04 01:47:16.474
BTC,BUY,0.0010,9619700.000,2024-07-04 01:47:16.740
BTC,SELL,0.0083,9613000.000,2024-07-04 01:47:18.103
BTC,SELL,0.0003,9610000.000,2024-07-04 01:47:22.026
BTC,SELL,0.0005,9610000.000,2024-07-04 01:47:22.026
BTC,SELL,0.0002,9610000.000,2024-07-04 01:47:22.026
BTC,BUY,0.0005,9613748.000,2024-07-04 01:47:22.791
BTC,BUY,0.0050,9613554.000,2024-07-04 01:47:30.006
BTC,BUY,0.0250,9613600.000,2024-07-04 01:47:30.006
BTC,SELL,0.0002,9605000.000,2024-07-04 01:47:34.968
BTC,SELL,0.0121,9601525.000,2024-07-04 01:47:40.549
BTC,BUY,0.0295,9603721.000,2024-07-04 01:47:45.134
BTC,BUY,0.0121,9605735.000,2024-07-04 01:47:45.134
BTC,BUY,0.0005,9610010.000,2024-07-04 01:47:45.134
BTC,BUY,0.0002,9615000.000,2024-07-04 01:47:45.134
BTC,BUY,0.0077,9615349.000,2024-07-04 01:47:45.134
BTC,SELL,0.0069,9613000.000,2024-07-04 01:47:54.056
BTC,BUY,0.0009,9619950.000,2024-07-04 01:47:55.693
BTC,SELL,0.0050,9613000.000,2024-07-04 01:47:56.814
BTC,SELL,0.0081,9613000.000,2024-07-04 01:48:00.970
BTC,SELL,0.0002,9605000.000,2024-07-04 01:48:12.824
BTC,SELL,0.0001,9600100.000,2024-07-04 01:48:12.824
BTC,SELL,0.3997,9600000.000,2024-07-04 01:48:12.824
BTC,SELL,0.0002,9600000.000,2024-07-04 01:48:13.777
BTC,SELL,0.0075,9600000.000,2024-07-04 01:48:13.844
BTC,SELL,0.0500,9600000.000,2024-07-04 01:48:14.121
BTC,SELL,0.0580,9600000.000,2024-07-04 01:48:14.764
BTC,SELL,0.0010,9600000.000,2024-07-04 01:48:14.764
BTC,SELL,0.0270,9600000.000,2024-07-04 01:48:14.764
BTC,SELL,0.0001,9600000.000,2024-07-04 01:48:14.764
BTC,SELL,0.0001,9600000.000,2024-07-04 01:48:14.764
BTC,SELL,0.0002,9600000.000,2024-07-04 01:48:14.764
BTC,SELL,0.0010,9600000.000,2024-07-04 01:48:14.764
BTC,SELL,0.0020,9600000.000,2024-07-04 01:48:14.764
BTC,SELL,0.0001,9600000.000,2024-07-04 01:48:14.764
BTC,SELL,0.0010,9600000.000,2024-07-04 01:48:14.764
BTC,SELL,0.0270,9600000.000,2024-07-04 01:48:14.764
BTC,SELL,0.0001,9600000.000,2024-07-04 01:48:14.764
BTC,SELL,0.0010,9600000.000,2024-07-04 01:48:14.764
BTC,SELL,0.0002,9600000.000,2024-07-04 01:48:14.764
BTC,SELL,0.0010,9600000.000,2024-07-04 01:48:14.764
BTC,SELL,0.0005,9600000.000,2024-07-04 01:48:14.764
BTC,SELL,0.0050,9600000.000,2024-07-04 01:48:14.764
BTC,SELL,0.0300,9600000.000,2024-07-04 01:48:14.764
BTC,SELL,0.0005,9600000.000,2024-07-04 01:48:14.764
BTC,SELL,0.0001,9600000.000,2024-07-04 01:48:14.764
BTC,SELL,0.0020,9600000.000,2024-07-04 01:48:14.764
BTC,SELL,0.0001,9600000.000,2024-07-04 01:48:14.764
BTC,SELL,0.0010,9600000.000,2024-07-04 01:48:14.764
BTC,SELL,0.0001,9600000.000,2024-07-04 01:48:14.764
BTC,SELL,0.0020,9600000.000,2024-07-04 01:48:14.764
BTC,SELL,0.0002,9600000.000,2024-07-04 01:48:14.764
BTC,SELL,0.0100,9600000.000,2024-07-04 01:48:14.764
BTC,SELL,0.0001,9600000.000,2024-07-04 01:48:14.764
BTC,SELL,0.0002,9600000.000,2024-07-04 01:48:14.764
BTC,SELL,0.0010,9600000.000,2024-07-04 01:48:14.764
BTC,SELL,0.0010,9600000.000,2024-07-04 01:48:14.764
BTC,SELL,0.1000,9600000.000,2024-07-04 01:48:14.764
BTC,SELL,0.0100,9600000.000,2024-07-04 01:48:14.764
BTC,SELL,0.0005,9600000.000,2024-07-04 01:48:14.764
BTC,SELL,0.0100,9600000.000,2024-07-04 01:48:14.764
BTC,SELL,0.0100,9600000.000,2024-07-04 01:48:14.764
BTC,SELL,0.0010,9600000.000,2024-07-04 01:48:14.764
BTC,SELL,0.0050,9600000.000,2024-07-04 01:48:14.764
BTC,SELL,0.0100,9600000.000,2024-07-04 01:48:14.764
BTC,SELL,0.0799,9600000.000,2024-07-04 01:48:14.764
BTC,SELL,0.0022,9600000.000,2024-07-04 01:48:14.803
BTC,SELL,0.0050,9600000.000,2024-07-04 01:48:14.803
BTC,SELL,0.0100,9600000.000,2024-07-04 01:48:14.803
BTC,SELL,0.0001,9600000.000,2024-07-04 01:48:14.803
BTC,SELL,0.0025,9600000.000,2024-07-04 01:48:14.803
BTC,SELL,0.0002,9600000.000,2024-07-04 01:48:14.803
BTC,SELL,0.0001,9600000.000,2024-07-04 01:48:14.809
BTC,SELL,0.0010,9600000.000,2024-07-04 01:48:14.809
BTC,SELL,0.0100,9600000.000,2024-07-04 01:48:14.809
BTC,SELL,0.0002,9600000.000,2024-07-04 01:48:14.809
BTC,SELL,0.0001,9600000.000,2024-07-04 01:48:14.809
BTC,SELL,0.0005,9600000.000,2024-07-04 01:48:14.809
BTC,SELL,0.0030,9600000.000,2024-07-04 01:48:14.809
BTC,SELL,0.0024,9600000.000,2024-07-04 01:48:14.809
BTC,SELL,0.0001,9600000.000,2024-07-04 01:48:14.809
BTC,SELL,0.0226,9600000.000,2024-07-04 01:48:14.809
BTC,SELL,0.0274,9600000.000,2024-07-04 01:48:15.406
BTC,SELL,0.0005,9600000.000,2024-07-04 01:48:15.406
BTC,SELL,0.0001,9600000.000,2024-07-04 01:48:15.406
BTC,SELL,0.0120,9600000.000,2024-07-04 01:48:15.406
BTC,SELL,0.0071,9600000.000,2024-07-04 01:48:15.530
BTC,SELL,0.0809,9600000.000,2024-07-04 01:48:15.805
BTC,SELL,0.0005,9600000.000,2024-07-04 01:48:15.805
BTC,SELL,0.0005,9600000.000,2024-07-04 01:48:15.805
BTC,SELL,0.0001,9600000.000,2024-07-04 01:48:15.805
BTC,SELL,0.0001,9600000.000,2024-07-04 01:48:15.805
BTC,SELL,0.0100,9600000.000,2024-07-04 01:48:15.805
BTC,SELL,0.0050,9600000.000,2024-07-04 01:48:15.805
BTC,SELL,0.0129,9600000.000,2024-07-04 01:48:15.805
BTC,SELL,0.0100,9600000.000,2024-07-04 01:48:15.814
BTC,SELL,0.0078,9600000.000,2024-07-04 01:48:15.898
BTC,SELL,0.0005,9600000.000,2024-07-04 01:48:15.898
BTC,SELL,0.0010,9600000.000,2024-07-04 01:48:15.898
BTC,SELL,0.0010,9600000.000,2024-07-04 01:48:15.898
BTC,SELL,0.0010,9600000.000,2024-07-04 01:48:15.898
BTC,SELL,0.0020,9600000.000,2024-07-04 01:48:15.898
BTC,SELL,0.0052,9600000.000,2024-07-04 01:48:15.898
BTC,SELL,0.0048,9600000.000,2024-07-04 01:48:16.136
BTC,SELL,0.0001,9600000.000,2024-07-04 01:48:16.136
BTC,SELL,0.0050,9600000.000,2024-07-04 01:48:16.136
BTC,SELL,0.0001,9600000.000,2024-07-04 01:48:16.136
BTC,SELL,0.0050,9600000.000,2024-07-04 01:48:16.136
BTC,SELL,0.0021,9600000.000,2024-07-04 01:48:16.136
BTC,SELL,0.0029,9600000.000,2024-07-04 01:48:17.362
BTC,SELL,0.0003,9600000.000,2024-07-04 01:48:17.362
BTC,SELL,0.0001,9600000.000,2024-07-04 01:48:17.362
BTC,SELL,0.0200,9600000.000,2024-07-04 01:48:17.362
BTC,SELL,0.0002,9600000.000,2024-07-04 01:48:17.362
BTC,SELL,0.0010,9600000.000,2024-07-04 01:48:17.362
BTC,SELL,0.0300,9600000.000,2024-07-04 01:48:17.362
BTC,SELL,0.0002,9600000.000,2024-07-04 01:48:17.362
BTC,SELL,0.0020,9600000.000,2024-07-04 01:48:17.362
BTC,SELL,0.0100,9600000.000,2024-07-04 01:48:17.362
BTC,SELL,0.0005,9600000.000,2024-07-04 01:48:17.362
BTC,SELL,0.0001,9600000.000,2024-07-04 01:48:17.362
BTC,SELL,0.0003,9600000.000,2024-07-04 01:48:17.362
BTC,SELL,0.0001,9600000.000,2024-07-04 01:48:17.362
BTC,SELL,0.0003,9600000.000,2024-07-04 01:48:17.362
BTC,SELL,0.0001,9600000.000,2024-07-04 01:48:17.362
BTC,SELL,0.0020,9600000.000,2024-07-04 01:48:17.362
BTC,SELL,0.0010,9600000.000,2024-07-04 01:48:17.362
BTC,SELL,0.0289,9600000.000,2024-07-04 01:48:17.362
BTC,SELL,0.0261,9600000.000,2024-07-04 01:48:17.627
BTC,SELL,0.0500,9600000.000,2024-07-04 01:48:17.627
BTC,SELL,0.0010,9600000.000,2024-07-04 01:48:17.627
BTC,SELL,0.0005,9600000.000,2024-07-04 01:48:17.627
BTC,SELL,0.0010,9600000.000,2024-07-04 01:48:17.627
BTC,SELL,0.0010,9600000.000,2024-07-04 01:48:17.627
BTC,SELL,0.0003,9600000.000,2024-07-04 01:48:17.627
BTC,SELL,0.0010,9600000.000,2024-07-04 01:48:17.627
BTC,SELL,0.0100,9600000.000,2024-07-04 01:48:17.627
BTC,SELL,0.0001,9600000.000,2024-07-04 01:48:17.627
BTC,SELL,0.0010,9600000.000,2024-07-04 01:48:17.627
BTC,SELL,0.0080,9600000.000,2024-07-04 01:48:17.627
