symbol,side,size,price,timestamp
BTC,BUY,0.0004,10080000.000,2024-07-15 21:00:20.207
BTC,BUY,0.0009,10080000.000,2024-07-15 21:00:25.903
BTC,BUY,0.0005,10080000.000,2024-07-15 21:00:41.916
BTC,BUY,0.0002,10080000.000,2024-07-15 21:02:44.774
BTC,SELL,0.0050,10079999.000,2024-07-15 21:04:09.627
BTC,BUY,0.0079,10080000.000,2024-07-15 21:04:18.157
BTC,BUY,0.0021,10080600.000,2024-07-15 21:04:18.157
BTC,SELL,0.0005,10080000.000,2024-07-15 21:05:51.309
BTC,SELL,0.0001,10080000.000,2024-07-15 21:05:53.039
BTC,SELL,0.0002,10080000.000,2024-07-15 21:05:54.597
BTC,SELL,0.0035,10080000.000,2024-07-15 21:05:57.930
BTC,SELL,0.0057,10080000.000,2024-07-15 21:05:58.244
BTC,SELL,0.0005,10079998.000,2024-07-15 21:05:58.244
BTC,SELL,0.0039,10075000.000,2024-07-15 21:06:22.024
BTC,BUY,0.0036,10078379.000,2024-07-15 21:06:37.424
BTC,BUY,0.0001,10079010.000,2024-07-15 21:06:47.141
BTC,SELL,0.0010,10075310.000,2024-07-15 21:07:52.839
BTC,SELL,0.0004,10075000.000,2024-07-15 21:08:33.228
BTC,SELL,0.0016,10075000.000,2024-07-15 21:09:44.303
BTC,SELL,0.0003,10075000.000,2024-07-15 21:09:44.303
BTC,SELL,0.0020,10074718.000,2024-07-15 21:11:09.285
BTC,BUY,0.0100,10075022.000,2024-07-15 21:11:47.657
BTC,SELL,0.0017,10080071.000,2024-07-15 21:13:12.249
BTC,SELL,0.0793,10078911.000,2024-07-15 21:13:12.249
BTC,BUY,0.0003,10080600.000,2024-07-15 21:13:36.366
BTC,BUY,0.0039,10080600.000,2024-07-15 21:13:37.123
BTC,BUY,0.0100,10080600.000,2024-07-15 21:13:37.123
BTC,BUY,0.0001,10080834.000,2024-07-15 21:13:37.123
BTC,BUY,0.0140,10081000.000,2024-07-15 21:13:37.123
BTC,BUY,0.0018,10080899.000,2024-07-15 21:13:57.748
BTC,BUY,0.0012,10081000.000,2024-07-15 21:13:57.748
BTC,BUY,0.0035,10081000.000,2024-07-15 21:15:08.826
BTC,BUY,0.0813,10081000.000,2024-07-15 21:15:51.335
BTC,BUY,0.0010,10081849.000,2024-07-15 21:15:51.335
BTC,SELL,0.0100,10079398.000,2024-07-15 21:16:00.783
BTC,BUY,0.0185,10082229.000,2024-07-15 21:16:01.872
BTC,BUY,0.0185,10082229.000,2024-07-15 21:16:01.993
BTC,BUY,0.0185,10082229.000,2024-07-15 21:16:02.178
BTC,BUY,0.0185,10082229.000,2024-07-15 21:16:02.290
BTC,BUY,0.0051,10081109.000,2024-07-15 21:16:14.001
BTC,BUY,0.0070,10081210.000,2024-07-15 21:16:14.001
BTC,BUY,0.0050,10081311.000,2024-07-15 21:16:14.001
BTC,BUY,0.0002,10082026.000,2024-07-15 21:16:14.001
BTC,BUY,0.0069,10079054.000,2024-07-15 21:16:26.127
BTC,BUY,0.0072,10079155.000,2024-07-15 21:16:26.127
BTC,BUY,0.0043,10079256.000,2024-07-15 21:16:26.127
BTC,SELL,0.0010,10071549.000,2024-07-15 21:19:43.686
BTC,SELL,0.0040,10070696.000,2024-07-15 21:19:55.526
BTC,SELL,0.0700,10065031.000,2024-07-15 21:19:55.526
BTC,SELL,0.0200,10065000.000,2024-07-15 21:19:55.526
BTC,SELL,0.0300,10065000.000,2024-07-15 21:19:55.526
BTC,SELL,0.0100,10061867.000,2024-07-15 21:19:55.526
BTC,SELL,0.0300,10061866.000,2024-07-15 21:19:55.526
BTC,SELL,0.0156,10061477.000,2024-07-15 21:19:55.526
BTC,SELL,0.0504,10061082.000,2024-07-15 21:19:55.526
BTC,SELL,0.0010,10060671.000,2024-07-15 21:19:55.630
BTC,BUY,0.0003,10066502.000,2024-07-15 21:20:24.673
BTC,BUY,0.0047,10066915.000,2024-07-15 21:20:24.673
BTC,BUY,0.0002,10066918.000,2024-07-15 21:20:25.828
BTC,SELL,0.0002,10065000.000,2024-07-15 21:22:43.004
BTC,SELL,0.0700,10061419.000,2024-07-15 21:22:43.085
BTC,BUY,0.0001,10060001.000,2024-07-15 21:22:46.295
BTC,SELL,0.0050,10060000.000,2024-07-15 21:23:15.376
BTC,SELL,0.0050,10060000.000,2024-07-15 21:23:15.376
BTC,SELL,0.0050,10060000.000,2024-07-15 21:23:15.381
BTC,SELL,0.0050,10052792.000,2024-07-15 21:23:15.381
BTC,BUY,0.0125,10050960.000,2024-07-15 21:27:22.678
BTC,BUY,0.0475,10051000.000,2024-07-15 21:27:22.678
BTC,BUY,0.0100,10050932.000,2024-07-15 21:27:29.379
BTC,BUY,0.0025,10051000.000,2024-07-15 21:27:37.963
BTC,BUY,0.0370,10054244.000,2024-07-15 21:27:42.224
BTC,SELL,0.0050,10051798.000,2024-07-15 21:27:55.441
BTC,BUY,0.0030,10053244.000,2024-07-15 21:28:05.801
BTC,BUY,0.0005,10053588.000,2024-07-15 21:28:25.846
BTC,SELL,0.0002,10055440.000,2024-07-15 21:30:53.907
BTC,SELL,0.0998,10055374.000,2024-07-15 21:30:53.907
BTC,SELL,0.0002,10053800.000,2024-07-15 21:31:21.399
BTC,BUY,0.0001,10053727.000,2024-07-15 21:32:51.485
BTC,SELL,0.0001,10053588.000,2024-07-15 21:33:02.385
BTC,SELL,0.0010,10050000.000,2024-07-15 21:33:02.385
BTC,SELL,0.0100,10050000.000,2024-07-15 21:33:02.385
BTC,SELL,0.0014,10050000.000,2024-07-15 21:33:02.385
BTC,SELL,0.0185,10050000.000,2024-07-15 21:33:24.625
BTC,SELL,0.0690,10050000.000,2024-07-15 21:33:24.625
BTC,BUY,0.0050,10051855.000,2024-07-15 21:33:56.759
BTC,BUY,0.0001,10053999.000,2024-07-15 21:36:48.501
BTC,BUY,0.0168,10053999.000,2024-07-15 21:36:52.184
BTC,BUY,0.0168,10053999.000,2024-07-15 21:36:52.218
BTC,BUY,0.0200,10053999.000,2024-07-15 21:36:52.663
BTC,BUY,0.0200,10053999.000,2024-07-15 21:36:52.729
BTC,BUY,0.0100,10053999.000,2024-07-15 21:36:52.783
BTC,BUY,0.0060,10053999.000,2024-07-15 21:36:54.188
BTC,BUY,0.0100,10053999.000,2024-07-15 21:36:54.273
BTC,BUY,0.0003,10053999.000,2024-07-15 21:36:54.277
BTC,BUY,0.0047,10055680.000,2024-07-15 21:36:54.277
BTC,BUY,0.0078,10055680.000,2024-07-15 21:36:54.900
BTC,BUY,0.0122,10059912.000,2024-07-15 21:36:54.900
BTC,BUY,0.0100,10059912.000,2024-07-15 21:36:54.905
BTC,BUY,0.0005,10064851.000,2024-07-15 21:37:15.332
BTC,BUY,0.0001,10064855.000,2024-07-15 21:37:15.332
BTC,BUY,0.0231,10067537.000,2024-07-15 21:37:15.332
BTC,SELL,0.0700,10057841.000,2024-07-15 21:38:04.226
BTC,SELL,0.0125,10057840.000,2024-07-15 21:38:04.226
BTC,SELL,0.0175,10053331.000,2024-07-15 21:38:04.226
BTC,BUY,0.0001,10059016.000,2024-07-15 21:38:05.542
BTC,BUY,0.0001,10058915.000,2024-07-15 21:38:11.325
BTC,BUY,0.0001,10058915.000,2024-07-15 21:38:27.010
BTC,SELL,0.1000,10055450.000,2024-07-15 21:39:11.772
BTC,BUY,0.0009,10059501.000,2024-07-15 21:39:26.320
BTC,BUY,0.0001,10059969.000,2024-07-15 21:39:26.320
BTC,SELL,0.1000,10060343.000,2024-07-15 21:40:14.747
BTC,SELL,0.0880,10059600.000,2024-07-15 21:40:14.747
BTC,SELL,0.0100,10059596.000,2024-07-15 21:40:14.747
BTC,SELL,0.1000,10059595.000,2024-07-15 21:40:14.747
BTC,SELL,0.1000,10059595.000,2024-07-15 21:40:14.747
BTC,SELL,0.0020,10059595.000,2024-07-15 21:40:14.747
BTC,SELL,0.0188,10066518.000,2024-07-15 21:41:54.168
BTC,SELL,0.0890,10061070.000,2024-07-15 21:43:54.650
BTC,SELL,0.0110,10059836.000,2024-07-15 21:43:54.650
BTC,SELL,0.1000,10058400.000,2024-07-15 21:44:33.642
BTC,SELL,0.0070,10054950.000,2024-07-15 21:45:22.388
BTC,SELL,0.0100,10055000.000,2024-07-15 21:45:26.353
BTC,SELL,0.0002,10059218.000,2024-07-15 21:46:30.375
BTC,BUY,0.0001,10066400.000,2024-07-15 21:47:40.676
BTC,SELL,0.0101,10064651.000,2024-07-15 21:48:09.866
BTC,BUY,0.0001,10066400.000,2024-07-15 21:50:03.711
BTC,SELL,0.0001,10066399.000,2024-07-15 21:54:00.432
BTC,BUY,0.0001,10057159.000,2024-07-15 21:55:12.205
BTC,BUY,0.0001,10056977.000,2024-07-15 21:57:18.680
BTC,BUY,0.0007,10056875.000,2024-07-15 21:59:29.420
BTC,BUY,0.0043,10056876.000,2024-07-15 21:59:29.420
BTC,BUY,0.0008,10055715.000,2024-07-15 22:00:03.372
BTC,BUY,0.0001,10054264.000,2024-07-15 22:00:04.271
BTC,SELL,0.0025,10054250.000,2024-07-15 22:00:35.339
BTC,BUY,0.0005,10057810.000,2024-07-15 22:02:09.572
BTC,BUY,0.0002,10057810.000,2024-07-15 22:02:19.295
BTC,BUY,0.0030,10057810.000,2024-07-15 22:03:28.952
BTC,BUY,0.0002,10057810.000,2024-07-15 22:04:35.432
BTC,BUY,0.0030,10057810.000,2024-07-15 22:05:04.880
BTC,BUY,0.0041,10057810.000,2024-07-15 22:05:05.299
BTC,BUY,0.0059,10058028.000,2024-07-15 22:05:05.299
BTC,BUY,0.0200,10058028.000,2024-07-15 22:05:05.387
BTC,BUY,0.0138,10058028.000,2024-07-15 22:05:05.477
BTC,BUY,0.0050,10058028.000,2024-07-15 22:05:05.897
BTC,BUY,0.0188,10058028.000,2024-07-15 22:05:06.007
BTC,BUY,0.0365,10058028.000,2024-07-15 22:05:06.145
BTC,BUY,0.0122,10064369.000,2024-07-15 22:05:22.879
BTC,BUY,0.0122,10064369.000,2024-07-15 22:05:22.974
BTC,BUY,0.0050,10064369.000,2024-07-15 22:05:30.261
BTC,BUY,0.0200,10064369.000,2024-07-15 22:05:38.345
BTC,BUY,0.0006,10064369.000,2024-07-15 22:05:40.285
BTC,BUY,0.0104,10064557.000,2024-07-15 22:05:40.285
BTC,BUY,0.0200,10064557.000,2024-07-15 22:05:40.336
BTC,BUY,0.0110,10064557.000,2024-07-15 22:05:40.563
BTC,BUY,0.0050,10064557.000,2024-07-15 22:05:40.913
BTC,BUY,0.0117,10066104.000,2024-07-15 22:05:42.379
BTC,BUY,0.0500,10066104.000,2024-07-15 22:05:42.930
BTC,BUY,0.0001,10066315.000,2024-07-15 22:06:30.422
BTC,BUY,0.0499,10067927.000,2024-07-15 22:06:30.422
BTC,BUY,0.0160,10067927.000,2024-07-15 22:06:31.367
BTC,BUY,0.0200,10067927.000,2024-07-15 22:06:32.025
BTC,SELL,0.0500,10069442.000,2024-07-15 22:06:38.493
BTC,BUY,0.1000,10069999.000,2024-07-15 22:07:06.417
BTC,BUY,0.0100,10069999.000,2024-07-15 22:07:10.771
BTC,BUY,0.0050,10069999.000,2024-07-15 22:07:10.810
BTC,BUY,0.0425,10069999.000,2024-07-15 22:07:11.092
BTC,BUY,0.0425,10069999.000,2024-07-15 22:07:11.149
BTC,BUY,0.0050,10073701.000,2024-07-15 22:07:11.265
BTC,BUY,0.0100,10073701.000,2024-07-15 22:07:11.526
BTC,BUY,0.0001,10075862.000,2024-07-15 22:07:21.070
BTC,BUY,0.0050,10078177.000,2024-07-15 22:08:29.856
BTC,BUY,0.0050,10078177.000,2024-07-15 22:08:44.341
BTC,BUY,0.0002,10078479.000,2024-07-15 22:08:44.341
BTC,BUY,0.0028,10080000.000,2024-07-15 22:08:44.341
BTC,SELL,0.0261,10078250.000,2024-07-15 22:08:49.614
BTC,SELL,0.0060,10078250.000,2024-07-15 22:08:49.647
BTC,SELL,0.0500,10078250.000,2024-07-15 22:08:49.649
BTC,SELL,0.0050,10078250.000,2024-07-15 22:08:49.752
BTC,BUY,0.0109,10078521.000,2024-07-15 22:08:55.401
BTC,BUY,0.0001,10079578.000,2024-07-15 22:09:03.833
BTC,BUY,0.0002,10079578.000,2024-07-15 22:09:15.302
BTC,BUY,0.0005,10079578.000,2024-07-15 22:09:15.302
BTC,SELL,0.0050,10079995.000,2024-07-15 22:09:50.597
BTC,SELL,0.0010,10078560.000,2024-07-15 22:10:16.734
BTC,BUY,0.0100,10079658.000,2024-07-15 22:10:48.306
BTC,SELL,0.0050,10079999.000,2024-07-15 22:11:07.307
BTC,SELL,0.0050,10079999.000,2024-07-15 22:11:07.662
BTC,BUY,0.0001,10080000.000,2024-07-15 22:11:13.475
BTC,BUY,0.0002,10080000.000,2024-07-15 22:11:24.500
BTC,BUY,0.0200,10080000.000,2024-07-15 22:11:32.501
BTC,BUY,0.0200,10080000.000,2024-07-15 22:11:35.405
BTC,BUY,0.0137,10080000.000,2024-07-15 22:11:37.813
BTC,BUY,0.0010,10080000.000,2024-07-15 22:11:37.813
BTC,BUY,0.0053,10080000.000,2024-07-15 22:11:37.813
BTC,BUY,0.0047,10080000.000,2024-07-15 22:11:39.408
BTC,BUY,0.0002,10085000.000,2024-07-15 22:11:39.770
BTC,BUY,0.0098,10087163.000,2024-07-15 22:11:39.770
BTC,BUY,0.0602,10087163.000,2024-07-15 22:11:40.012
BTC,BUY,0.0021,10087167.000,2024-07-15 22:11:40.012
BTC,BUY,0.1000,10087638.000,2024-07-15 22:11:40.012
BTC,BUY,0.0882,10087865.000,2024-07-15 22:11:40.012
BTC,BUY,0.0050,10088869.000,2024-07-15 22:11:40.164
BTC,BUY,0.0050,10089761.000,2024-07-15 22:11:40.164
BTC,SELL,0.0040,10089610.000,2024-07-15 22:11:40.542
BTC,BUY,0.0010,10090000.000,2024-07-15 22:11:41.284
BTC,BUY,0.0003,10090000.000,2024-07-15 22:11:41.284
BTC,BUY,0.0017,10090000.000,2024-07-15 22:11:41.284
BTC,BUY,0.0083,10090000.000,2024-07-15 22:11:41.291
BTC,BUY,0.0009,10090000.000,2024-07-15 22:11:41.291
BTC,BUY,0.0008,10090000.000,2024-07-15 22:11:41.291
BTC,BUY,0.0012,10090000.000,2024-07-15 22:11:41.460
BTC,BUY,0.0010,10090000.000,2024-07-15 22:11:41.460
BTC,BUY,0.0001,10090000.000,2024-07-15 22:11:41.460
BTC,BUY,0.0100,10090000.000,2024-07-15 22:11:41.460
BTC,BUY,0.0002,10090000.000,2024-07-15 22:11:41.460
BTC,BUY,0.0002,10091673.000,2024-07-15 22:11:41.460
BTC,BUY,0.0020,10091940.000,2024-07-15 22:11:41.575
BTC,BUY,0.0300,10091940.000,2024-07-15 22:11:41.690
BTC,BUY,0.0060,10091940.000,2024-07-15 22:11:41.692
BTC,BUY,0.0005,10093304.000,2024-07-15 22:11:42.959
BTC,BUY,0.0005,10093304.000,2024-07-15 22:11:42.959
BTC,BUY,0.0123,10093840.000,2024-07-15 22:11:42.959
BTC,BUY,0.0400,10095820.000,2024-07-15 22:11:42.965
BTC,BUY,0.0106,10095820.000,2024-07-15 22:11:43.109
BTC,BUY,0.0700,10096828.000,2024-07-15 22:11:43.109
BTC,BUY,0.0020,10096969.000,2024-07-15 22:11:43.109
BTC,BUY,0.0174,10097700.000,2024-07-15 22:11:43.109
BTC,BUY,0.0261,10097700.000,2024-07-15 22:11:43.226
BTC,BUY,0.0493,10097700.000,2024-07-15 22:11:43.288
BTC,BUY,0.0072,10097700.000,2024-07-15 22:11:43.291
BTC,BUY,0.0009,10098000.000,2024-07-15 22:11:43.291
BTC,BUY,0.0091,10098000.000,2024-07-15 22:11:43.575
BTC,BUY,0.0032,10099000.000,2024-07-15 22:11:43.575
BTC,BUY,0.0018,10099000.000,2024-07-15 22:11:43.582
BTC,BUY,0.0106,10099170.000,2024-07-15 22:11:43.582
BTC,BUY,0.0100,10099500.000,2024-07-15 22:11:43.582
BTC,BUY,0.0001,10099900.000,2024-07-15 22:11:43.582
BTC,BUY,0.0100,10099999.000,2024-07-15 22:11:43.582
BTC,BUY,0.0003,10100000.000,2024-07-15 22:11:43.582
BTC,BUY,0.0010,10100000.000,2024-07-15 22:11:43.582
BTC,BUY,0.0100,10100000.000,2024-07-15 22:11:43.582
BTC,BUY,0.0006,10100000.000,2024-07-15 22:11:43.582
BTC,BUY,0.0020,10100000.000,2024-07-15 22:11:43.582
BTC,BUY,0.0500,10100000.000,2024-07-15 22:11:43.582
BTC,BUY,0.0100,10100000.000,2024-07-15 22:11:43.582
BTC,BUY,0.0005,10100000.000,2024-07-15 22:11:43.582
BTC,SELL,0.0010,10094340.000,2024-07-15 22:11:43.601
BTC,SELL,0.0010,10094340.000,2024-07-15 22:11:43.675
BTC,BUY,0.0005,10100000.000,2024-07-15 22:11:43.745
BTC,BUY,0.0001,10100000.000,2024-07-15 22:11:43.808
BTC,BUY,0.0049,10100000.000,2024-07-15 22:11:43.820
BTC,BUY,0.0016,10100000.000,2024-07-15 22:11:43.820
BTC,BUY,0.0435,10100000.000,2024-07-15 22:11:43.820
BTC,BUY,0.0037,10100000.000,2024-07-15 22:11:44.180
BTC,BUY,0.0001,10100000.000,2024-07-15 22:11:44.180
BTC,BUY,0.0003,10100000.000,2024-07-15 22:11:44.180
BTC,BUY,0.0004,10100000.000,2024-07-15 22:11:44.180
BTC,BUY,0.0001,10100000.000,2024-07-15 22:11:44.180
BTC,BUY,0.0001,10100000.000,2024-07-15 22:11:44.180
BTC,BUY,0.0005,10100000.000,2024-07-15 22:11:44.180
BTC,BUY,0.0348,10100000.000,2024-07-15 22:11:44.180
BTC,BUY,0.0070,10100000.000,2024-07-15 22:11:44.224
BTC,BUY,0.0239,10100000.000,2024-07-15 22:11:44.629
BTC,BUY,0.0050,10100000.000,2024-07-15 22:11:44.630
BTC,BUY,0.0391,10100000.000,2024-07-15 22:11:44.632
BTC,BUY,0.0001,10100000.000,2024-07-15 22:11:44.632
BTC,BUY,0.0100,10100000.000,2024-07-15 22:11:44.632
BTC,BUY,0.0010,10100000.000,2024-07-15 22:11:44.632
BTC,BUY,0.0100,10100000.000,2024-07-15 22:11:44.632
BTC,BUY,0.0003,10100000.000,2024-07-15 22:11:44.632
BTC,BUY,0.0100,10100000.000,2024-07-15 22:11:44.632
BTC,BUY,0.0010,10100000.000,2024-07-15 22:11:44.632
BTC,BUY,0.0100,10100000.000,2024-07-15 22:11:44.632
BTC,BUY,0.0500,10100000.000,2024-07-15 22:11:44.632
BTC,BUY,0.0010,10100000.000,2024-07-15 22:11:44.632
BTC,BUY,0.0030,10100000.000,2024-07-15 22:11:44.632
BTC,BUY,0.0800,10100000.000,2024-07-15 22:11:44.632
BTC,BUY,0.0030,10100000.000,2024-07-15 22:11:44.632
BTC,BUY,0.0030,10100000.000,2024-07-15 22:11:44.632
BTC,BUY,0.0001,10100000.000,2024-07-15 22:11:44.632
BTC,BUY,0.0100,10100000.000,2024-07-15 22:11:44.632
BTC,BUY,0.0002,10100000.000,2024-07-15 22:11:44.632
BTC,BUY,0.0001,10100000.000,2024-07-15 22:11:44.632
BTC,BUY,0.0100,10100000.000,2024-07-15 22:11:44.632
BTC,BUY,0.0100,10100000.000,2024-07-15 22:11:44.632
BTC,BUY,0.1481,10100000.000,2024-07-15 22:11:44.632
BTC,BUY,0.0001,10100000.000,2024-07-15 22:11:44.652
BTC,BUY,0.0091,10100000.000,2024-07-15 22:11:45.047
BTC,BUY,0.0427,10100000.000,2024-07-15 22:11:45.096
BTC,BUY,0.0100,10100000.000,2024-07-15 22:11:45.096
BTC,BUY,0.0048,10100574.000,2024-07-15 22:11:45.275
BTC,BUY,0.0014,10101000.000,2024-07-15 22:11:45.275
BTC,BUY,0.0001,10101512.000,2024-07-15 22:11:45.275
BTC,SELL,0.0010,10103364.000,2024-07-15 22:11:45.576
BTC,BUY,0.0008,10104760.000,2024-07-15 22:11:46.051
BTC,BUY,0.0002,10104760.000,2024-07-15 22:11:46.279
BTC,BUY,0.0098,10105051.000,2024-07-15 22:11:46.279
BTC,BUY,0.0103,10105051.000,2024-07-15 22:11:46.368
BTC,BUY,0.0011,10105122.000,2024-07-15 22:11:46.368
BTC,BUY,0.0001,10105122.000,2024-07-15 22:11:47.058
BTC,SELL,0.0020,10103364.000,2024-07-15 22:11:47.065
BTC,BUY,0.0064,10105122.000,2024-07-15 22:11:47.147
BTC,BUY,0.0056,10105127.000,2024-07-15 22:11:47.147
BTC,SELL,0.0010,10104759.000,2024-07-15 22:11:47.153
BTC,SELL,0.0004,10104766.000,2024-07-15 22:11:47.251
BTC,BUY,0.0005,10105127.000,2024-07-15 22:11:47.343
BTC,BUY,0.0024,10106656.000,2024-07-15 22:11:47.343
BTC,BUY,0.0031,10108157.000,2024-07-15 22:11:47.343
BTC,BUY,0.0069,10108157.000,2024-07-15 22:11:47.374
BTC,BUY,0.0003,10110000.000,2024-07-15 22:11:47.374
BTC,BUY,0.0010,10110000.000,2024-07-15 22:11:47.374
BTC,BUY,0.0039,10110000.000,2024-07-15 22:11:47.374
BTC,BUY,0.0061,10110000.000,2024-07-15 22:11:47.566
BTC,BUY,0.0001,10110000.000,2024-07-15 22:11:47.566
BTC,BUY,0.0008,10111440.000,2024-07-15 22:11:47.566
BTC,BUY,0.0010,10111440.000,2024-07-15 22:11:47.590
BTC,BUY,0.0001,10111440.000,2024-07-15 22:11:47.592
BTC,BUY,0.0081,10111440.000,2024-07-15 22:11:47.644
BTC,BUY,0.0020,10111969.000,2024-07-15 22:11:47.644
BTC,BUY,0.0005,10112000.000,2024-07-15 22:11:47.644
BTC,BUY,0.0005,10112000.000,2024-07-15 22:11:47.749
BTC,BUY,0.0005,10113000.000,2024-07-15 22:11:47.749
BTC,BUY,0.0015,10113000.000,2024-07-15 22:11:47.756
BTC,BUY,0.0034,10114150.000,2024-07-15 22:11:47.756
BTC,BUY,0.0010,10116216.000,2024-07-15 22:11:47.756
BTC,BUY,0.0002,10116300.000,2024-07-15 22:11:47.756
BTC,BUY,0.0003,10120000.000,2024-07-15 22:11:47.756
BTC,BUY,0.0010,10120000.000,2024-07-15 22:11:47.756
BTC,BUY,0.0100,10120000.000,2024-07-15 22:11:47.756
BTC,BUY,0.0020,10120000.000,2024-07-15 22:11:47.756
BTC,BUY,0.0050,10120000.000,2024-07-15 22:11:47.756
BTC,BUY,0.0001,10120000.000,2024-07-15 22:11:47.756
BTC,BUY,0.0001,10120000.000,2024-07-15 22:11:47.756
BTC,BUY,0.0100,10127349.000,2024-07-15 22:11:47.756
BTC,BUY,0.0010,10127671.000,2024-07-15 22:11:47.756
BTC,BUY,0.0010,10130000.000,2024-07-15 22:11:47.756
BTC,BUY,0.0003,10130000.000,2024-07-15 22:11:47.756
BTC,BUY,0.0100,10130000.000,2024-07-15 22:11:47.756
BTC,BUY,0.0001,10130000.000,2024-07-15 22:11:47.756
BTC,BUY,0.0100,10130000.000,2024-07-15 22:11:47.756
BTC,BUY,0.0020,10130735.000,2024-07-15 22:11:48.322
BTC,BUY,0.0030,10130735.000,2024-07-15 22:11:48.665
BTC,BUY,0.0040,10130735.000,2024-07-15 22:11:48.672
BTC,BUY,0.0400,10130735.000,2024-07-15 22:11:48.962
BTC,BUY,0.0037,10130735.000,2024-07-15 22:11:49.085
BTC,BUY,0.0033,10135687.000,2024-07-15 22:11:49.085
BTC,BUY,0.0050,10135687.000,2024-07-15 22:11:49.344
BTC,SELL,0.0020,10130220.000,2024-07-15 22:11:49.557
BTC,SELL,0.0050,10130220.000,2024-07-15 22:11:49.961
BTC,BUY,0.0097,10135687.000,2024-07-15 22:11:50.090
BTC,SELL,0.0087,10130220.000,2024-07-15 22:11:50.139
BTC,SELL,0.0115,10129920.000,2024-07-15 22:11:50.139
BTC,SELL,0.0298,10124590.000,2024-07-15 22:11:50.139
BTC,SELL,0.0340,10128985.000,2024-07-15 22:11:50.207
BTC,SELL,0.0360,10124590.000,2024-07-15 22:11:50.207
BTC,BUY,0.0010,10135687.000,2024-07-15 22:11:50.465
BTC,BUY,0.0004,10129605.000,2024-07-15 22:11:50.873
BTC,SELL,0.0010,10126388.000,2024-07-15 22:11:51.523
BTC,SELL,0.0010,10126388.000,2024-07-15 22:11:51.709
BTC,SELL,0.0119,10126388.000,2024-07-15 22:11:51.928
BTC,SELL,0.0050,10126388.000,2024-07-15 22:11:52.017
BTC,SELL,0.0020,10126388.000,2024-07-15 22:11:52.024
BTC,BUY,0.0100,10126389.000,2024-07-15 22:11:52.097
BTC,BUY,0.0780,10129600.000,2024-07-15 22:11:52.097
BTC,SELL,0.0020,10126388.000,2024-07-15 22:11:52.186
BTC,BUY,0.0220,10129600.000,2024-07-15 22:11:52.372
BTC,BUY,0.0310,10129600.000,2024-07-15 22:11:52.372
BTC,SELL,0.0071,10126388.000,2024-07-15 22:11:52.376
BTC,SELL,0.0051,10124591.000,2024-07-15 22:11:52.376
BTC,SELL,0.0060,10124591.000,2024-07-15 22:11:52.747
BTC,SELL,0.0030,10124591.000,2024-07-15 22:11:52.825
BTC,SELL,0.0114,10124591.000,2024-07-15 22:11:52.829
BTC,SELL,0.0100,10124591.000,2024-07-15 22:11:52.982
BTC,BUY,0.0002,10126389.000,2024-07-15 22:11:53.044
BTC,BUY,0.0042,10127440.000,2024-07-15 22:11:53.044
BTC,BUY,0.0010,10125888.000,2024-07-15 22:11:53.319
BTC,BUY,0.0001,10125888.000,2024-07-15 22:11:53.523
BTC,BUY,0.0009,10125888.000,2024-07-15 22:11:53.527
BTC,BUY,0.0001,10126350.000,2024-07-15 22:11:53.527
BTC,BUY,0.0020,10126350.000,2024-07-15 22:11:53.584
BTC,BUY,0.0798,10126350.000,2024-07-15 22:11:54.325
BTC,SELL,0.0050,10126349.000,2024-07-15 22:11:55.042
BTC,SELL,0.0125,10126400.000,2024-07-15 22:11:55.371
BTC,SELL,0.0250,10126349.000,2024-07-15 22:11:55.371
BTC,SELL,0.0300,10126349.000,2024-07-15 22:11:55.371
BTC,SELL,0.0025,10112799.000,2024-07-15 22:11:55.371
BTC,SELL,0.0148,10125330.000,2024-07-15 22:11:55.519
BTC,SELL,0.0050,10125330.000,2024-07-15 22:11:55.526
BTC,BUY,0.0010,10129605.000,2024-07-15 22:11:55.590
BTC,SELL,0.0123,10125330.000,2024-07-15 22:11:56.528
BTC,SELL,0.0270,10125330.000,2024-07-15 22:11:56.530
BTC,SELL,0.0144,10125330.000,2024-07-15 22:11:57.770
BTC,SELL,0.0100,10125330.000,2024-07-15 22:11:57.774
BTC,BUY,0.0100,10125331.000,2024-07-15 22:11:58.207
BTC,BUY,0.0300,10125331.000,2024-07-15 22:11:58.207
BTC,SELL,0.0060,10125330.000,2024-07-15 22:11:58.488
BTC,BUY,0.0001,10125331.000,2024-07-15 22:11:58.775
BTC,SELL,0.0131,10125330.000,2024-07-15 22:11:59.308
BTC,SELL,0.0030,10125330.000,2024-07-15 22:11:59.327
BTC,SELL,0.0029,10125330.000,2024-07-15 22:11:59.550
BTC,SELL,0.0041,10125330.000,2024-07-15 22:11:59.550
BTC,BUY,0.0400,10125331.000,2024-07-15 22:12:00.086
BTC,SELL,0.0040,10123375.000,2024-07-15 22:12:04.033
BTC,SELL,0.0060,10110227.000,2024-07-15 22:12:04.033
BTC,BUY,0.0002,10123376.000,2024-07-15 22:12:04.564
BTC,BUY,0.0009,10126209.000,2024-07-15 22:12:07.967
BTC,SELL,0.0070,10126208.000,2024-07-15 22:12:14.864
BTC,BUY,0.0010,10126209.000,2024-07-15 22:12:20.931
BTC,BUY,0.0040,10126209.000,2024-07-15 22:12:21.745
BTC,BUY,0.0050,10126209.000,2024-07-15 22:12:22.009
BTC,BUY,0.0060,10126209.000,2024-07-15 22:12:22.120
BTC,BUY,0.0090,10126209.000,2024-07-15 22:12:22.273
BTC,BUY,0.0002,10126209.000,2024-07-15 22:12:22.273
BTC,BUY,0.0030,10129605.000,2024-07-15 22:12:22.451
BTC,BUY,0.0010,10129605.000,2024-07-15 22:12:23.164
BTC,SELL,0.0023,10129604.000,2024-07-15 22:12:24.223
BTC,SELL,0.0013,10129360.000,2024-07-15 22:12:24.223
BTC,BUY,0.0046,10129605.000,2024-07-15 22:12:30.734
BTC,BUY,0.0004,10129605.000,2024-07-15 22:12:30.734
BTC,SELL,0.0026,10129604.000,2024-07-15 22:12:30.740
BTC,SELL,0.0001,10129604.000,2024-07-15 22:12:32.779
BTC,BUY,0.0096,10129605.000,2024-07-15 22:12:43.937
BTC,BUY,0.0002,10135000.000,2024-07-15 22:12:44.595
BTC,BUY,0.0010,10139127.000,2024-07-15 22:12:44.595
BTC,BUY,0.0088,10139127.000,2024-07-15 22:12:44.595
BTC,BUY,0.0012,10139127.000,2024-07-15 22:12:45.138
BTC,BUY,0.0010,10140000.000,2024-07-15 22:12:45.138
BTC,BUY,0.0003,10140000.000,2024-07-15 22:12:45.138
BTC,BUY,0.0005,10140000.000,2024-07-15 22:12:45.138
BTC,SELL,0.0040,10138400.000,2024-07-15 22:12:46.579
BTC,BUY,0.0020,10140000.000,2024-07-15 22:12:48.021
BTC,SELL,0.0073,10139999.000,2024-07-15 22:12:51.090
BTC,SELL,0.0027,10139999.000,2024-07-15 22:12:51.090
BTC,BUY,0.0001,10140000.000,2024-07-15 22:12:56.157
BTC,BUY,0.0050,10140000.000,2024-07-15 22:13:01.195
BTC,BUY,0.0024,10140000.000,2024-07-15 22:13:02.324
BTC,BUY,0.0010,10140000.000,2024-07-15 22:13:02.324
BTC,BUY,0.0001,10140000.000,2024-07-15 22:13:02.324
BTC,BUY,0.0001,10140000.000,2024-07-15 22:13:02.324
BTC,BUY,0.0050,10140000.000,2024-07-15 22:13:02.324
BTC,SELL,0.0100,10144999.000,2024-07-15 22:13:03.773
BTC,SELL,0.0093,10144999.000,2024-07-15 22:13:12.058
BTC,SELL,0.0002,10144999.000,2024-07-15 22:13:15.331
BTC,SELL,0.0100,10144999.000,2024-07-15 22:13:16.428
BTC,BUY,0.0001,10145000.000,2024-07-15 22:13:17.204
BTC,BUY,0.0001,10145000.000,2024-07-15 22:13:19.900
BTC,BUY,0.0008,10145000.000,2024-07-15 22:13:32.945
BTC,BUY,0.0010,10145000.000,2024-07-15 22:13:32.945
BTC,SELL,0.0070,10145000.000,2024-07-15 22:13:37.214
BTC,SELL,0.0006,10145000.000,2024-07-15 22:13:46.641
BTC,SELL,0.0020,10145000.000,2024-07-15 22:13:47.149
BTC,SELL,0.0500,10140251.000,2024-07-15 22:13:49.496
BTC,BUY,0.0001,10142299.000,2024-07-15 22:14:02.876
BTC,SELL,0.0004,10144769.000,2024-07-15 22:14:19.071
BTC,SELL,0.0004,10144769.000,2024-07-15 22:14:19.990
BTC,SELL,0.0092,10144769.000,2024-07-15 22:14:23.601
BTC,SELL,0.0108,10144769.000,2024-07-15 22:14:23.601
BTC,SELL,0.0004,10144769.000,2024-07-15 22:14:23.877
BTC,SELL,0.1000,10141767.000,2024-07-15 22:14:29.325
BTC,SELL,0.0100,10141020.000,2024-07-15 22:14:29.451
BTC,SELL,0.0050,10141020.000,2024-07-15 22:14:29.542
BTC,SELL,0.0010,10140000.000,2024-07-15 22:14:29.749
BTC,SELL,0.0251,10139431.000,2024-07-15 22:14:29.749
BTC,SELL,0.0355,10139431.000,2024-07-15 22:14:29.753
BTC,SELL,0.0060,10139431.000,2024-07-15 22:14:29.755
BTC,SELL,0.0034,10132561.000,2024-07-15 22:14:30.134
BTC,SELL,0.0016,10132560.000,2024-07-15 22:14:30.134
BTC,SELL,0.0109,10132560.000,2024-07-15 22:14:30.145
BTC,SELL,0.0008,10131478.000,2024-07-15 22:14:30.145
BTC,SELL,0.0383,10130000.000,2024-07-15 22:14:30.145
BTC,SELL,0.0010,10130000.000,2024-07-15 22:14:30.260
BTC,SELL,0.0010,10131763.000,2024-07-15 22:14:30.649
BTC,SELL,0.0020,10130000.000,2024-07-15 22:14:30.649
BTC,SELL,0.0117,10130000.000,2024-07-15 22:14:30.684
BTC,BUY,0.0050,10130421.000,2024-07-15 22:14:34.103
BTC,SELL,0.0010,10130000.000,2024-07-15 22:14:41.068
BTC,BUY,0.0001,10140675.000,2024-07-15 22:15:02.987
BTC,BUY,0.0001,10140675.000,2024-07-15 22:15:05.802
BTC,SELL,0.0100,10140674.000,2024-07-15 22:15:07.232
BTC,SELL,0.0100,10140674.000,2024-07-15 22:15:07.232
BTC,SELL,0.0096,10140674.000,2024-07-15 22:15:07.262
BTC,SELL,0.0009,10139462.000,2024-07-15 22:15:08.194
BTC,SELL,0.0900,10139462.000,2024-07-15 22:15:10.163
BTC,SELL,0.0091,10139462.000,2024-07-15 22:15:10.165
BTC,BUY,0.0004,10139463.000,2024-07-15 22:15:10.759
BTC,SELL,0.1000,10137011.000,2024-07-15 22:15:28.143
BTC,SELL,0.0050,10133070.000,2024-07-15 22:15:28.640
BTC,BUY,0.0047,10137012.000,2024-07-15 22:15:29.034
BTC,SELL,0.1000,10135518.000,2024-07-15 22:15:29.731
BTC,SELL,0.1000,10132589.000,2024-07-15 22:15:33.218
BTC,SELL,0.1000,10131357.000,2024-07-15 22:15:36.290
BTC,SELL,0.1813,10130000.000,2024-07-15 22:15:37.793
BTC,SELL,0.0010,10130000.000,2024-07-15 22:15:37.885
BTC,SELL,0.0900,10130000.000,2024-07-15 22:15:37.889
BTC,SELL,0.0250,10130000.000,2024-07-15 22:15:39.696
BTC,SELL,0.0400,10130000.000,2024-07-15 22:15:39.775
BTC,SELL,0.0248,10130000.000,2024-07-15 22:15:39.827
BTC,SELL,0.0248,10130000.000,2024-07-15 22:15:39.948
BTC,SELL,0.0200,10130000.000,2024-07-15 22:15:40.251
BTC,SELL,0.0200,10130000.000,2024-07-15 22:15:41.278
BTC,SELL,0.0100,10130000.000,2024-07-15 22:15:42.280
BTC,SELL,0.0150,10130000.000,2024-07-15 22:15:42.693
BTC,SELL,0.0001,10130000.000,2024-07-15 22:15:48.155
BTC,BUY,0.0400,10130630.000,2024-07-15 22:16:03.915
BTC,SELL,0.1000,10130000.000,2024-07-15 22:16:09.467
BTC,SELL,0.0035,10130000.000,2024-07-15 22:16:14.328
BTC,SELL,0.0200,10130000.000,2024-07-15 22:16:14.491
BTC,SELL,0.0081,10130000.000,2024-07-15 22:16:14.665
BTC,SELL,0.0166,10130000.000,2024-07-15 22:16:14.946
BTC,SELL,0.0109,10130000.000,2024-07-15 22:16:15.018
BTC,SELL,0.1000,10130000.000,2024-07-15 22:16:15.291
BTC,SELL,0.0002,10130000.000,2024-07-15 22:16:15.373
BTC,SELL,0.0500,10130000.000,2024-07-15 22:16:15.884
BTC,SELL,0.0872,10130000.000,2024-07-15 22:16:16.308
BTC,BUY,0.0040,10130001.000,2024-07-15 22:16:16.396
BTC,BUY,0.0010,10130001.000,2024-07-15 22:16:16.396
BTC,SELL,0.0975,10130000.000,2024-07-15 22:16:16.398
BTC,SELL,0.0010,10130000.000,2024-07-15 22:16:16.398
BTC,SELL,0.0150,10126895.000,2024-07-15 22:16:16.790
BTC,SELL,0.0010,10126895.000,2024-07-15 22:16:16.899
BTC,SELL,0.0001,10123961.000,2024-07-15 22:16:18.553
BTC,SELL,0.0020,10120125.000,2024-07-15 22:16:21.566
BTC,SELL,0.0010,10120125.000,2024-07-15 22:16:21.615
BTC,SELL,0.0010,10120000.000,2024-07-15 22:16:27.245
BTC,SELL,0.0090,10119358.000,2024-07-15 22:16:27.245
BTC,BUY,0.0010,10114719.000,2024-07-15 22:16:44.721
BTC,BUY,0.0001,10112829.000,2024-07-15 22:17:12.685
BTC,SELL,0.0380,10111363.000,2024-07-15 22:17:18.631
BTC,SELL,0.0500,10110973.000,2024-07-15 22:17:27.804
BTC,SELL,0.0010,10110973.000,2024-07-15 22:17:27.902
BTC,BUY,0.0001,10117465.000,2024-07-15 22:17:27.903
BTC,BUY,0.0001,10120000.000,2024-07-15 22:17:40.610
BTC,BUY,0.0010,10120000.000,2024-07-15 22:17:54.702
BTC,BUY,0.0060,10120000.000,2024-07-15 22:18:01.942
BTC,BUY,0.0100,10120000.000,2024-07-15 22:18:01.963
BTC,BUY,0.0029,10120000.000,2024-07-15 22:18:02.663
BTC,SELL,0.0015,10119999.000,2024-07-15 22:18:02.856
BTC,SELL,0.0100,10129526.000,2024-07-15 22:18:13.580
BTC,SELL,0.0060,10126860.000,2024-07-15 22:18:15.025
BTC,SELL,0.0129,10125536.000,2024-07-15 22:18:27.964
BTC,SELL,0.0871,10125536.000,2024-07-15 22:18:29.037
BTC,BUY,0.0001,10129605.000,2024-07-15 22:19:08.135
BTC,SELL,0.0002,10129840.000,2024-07-15 22:19:10.711
BTC,BUY,0.0001,10140000.000,2024-07-15 22:19:20.230
BTC,BUY,0.0050,10134700.000,2024-07-15 22:20:24.441
BTC,SELL,0.0002,10130652.000,2024-07-15 22:20:36.924
BTC,BUY,0.0002,10131148.000,2024-07-15 22:20:43.007
BTC,BUY,0.0030,10128570.000,2024-07-15 22:20:49.210
BTC,BUY,0.0001,10126550.000,2024-07-15 22:20:55.995
BTC,BUY,0.0010,10124973.000,2024-07-15 22:20:57.282
BTC,BUY,0.0007,10124932.000,2024-07-15 22:21:03.094
BTC,SELL,0.0005,10124460.000,2024-07-15 22:21:04.183
BTC,SELL,0.0001,10123280.000,2024-07-15 22:21:08.133
BTC,BUY,0.0100,10120001.000,2024-07-15 22:21:38.518
BTC,SELL,0.0002,10120000.000,2024-07-15 22:21:38.586
BTC,SELL,0.0008,10115600.000,2024-07-15 22:21:38.586
BTC,SELL,0.0010,10116709.000,2024-07-15 22:21:42.725
BTC,SELL,0.0050,10116801.000,2024-07-15 22:22:01.056
BTC,SELL,0.0001,10116709.000,2024-07-15 22:22:06.961
BTC,SELL,0.0002,10116396.000,2024-07-15 22:22:06.961
BTC,BUY,0.1000,10116550.000,2024-07-15 22:22:52.398
BTC,SELL,0.0002,10124005.000,2024-07-15 22:24:01.585
BTC,BUY,0.0050,10128240.000,2024-07-15 22:24:06.734
BTC,BUY,0.0030,10128240.000,2024-07-15 22:24:06.737
BTC,BUY,0.0045,10128240.000,2024-07-15 22:24:06.866
BTC,BUY,0.0015,10129822.000,2024-07-15 22:24:06.866
BTC,BUY,0.0500,10129822.000,2024-07-15 22:24:07.069
BTC,BUY,0.0175,10129822.000,2024-07-15 22:24:07.128
BTC,BUY,0.0050,10129822.000,2024-07-15 22:24:07.216
BTC,BUY,0.0050,10129822.000,2024-07-15 22:24:07.734
BTC,BUY,0.0050,10129822.000,2024-07-15 22:24:08.251
BTC,BUY,0.0001,10130000.000,2024-07-15 22:24:08.859
BTC,BUY,0.0002,10135000.000,2024-07-15 22:24:08.905
BTC,BUY,0.0001,10135427.000,2024-07-15 22:24:08.905
BTC,BUY,0.0002,10138543.000,2024-07-15 22:24:08.905
BTC,BUY,0.0025,10138625.000,2024-07-15 22:24:08.905
BTC,BUY,0.0183,10138625.000,2024-07-15 22:24:09.141
BTC,BUY,0.0100,10139582.000,2024-07-15 22:24:25.489
BTC,SELL,0.0001,10139999.000,2024-07-15 22:24:28.796
BTC,BUY,0.0001,10140000.000,2024-07-15 22:24:33.304
BTC,SELL,0.0003,10139999.000,2024-07-15 22:25:05.093
BTC,BUY,0.0001,10139748.000,2024-07-15 22:26:08.504
BTC,BUY,0.0001,10140000.000,2024-07-15 22:27:17.797
BTC,BUY,0.0001,10140000.000,2024-07-15 22:27:17.797
BTC,BUY,0.0004,10141000.000,2024-07-15 22:27:36.859
BTC,SELL,0.0010,10144999.000,2024-07-15 22:27:43.888
BTC,BUY,0.0001,10145014.000,2024-07-15 22:27:55.469
BTC,BUY,0.0001,10145019.000,2024-07-15 22:27:55.469
BTC,BUY,0.0001,10145021.000,2024-07-15 22:27:55.469
BTC,BUY,0.0001,10145038.000,2024-07-15 22:27:55.469
BTC,BUY,0.0020,10149690.000,2024-07-15 22:27:55.469
BTC,BUY,0.0125,10149920.000,2024-07-15 22:27:55.469
BTC,BUY,0.0131,10149999.000,2024-07-15 22:27:55.469
BTC,BUY,0.0100,10149999.000,2024-07-15 22:27:56.324
BTC,BUY,0.0150,10149999.000,2024-07-15 22:27:56.477
BTC,BUY,0.0073,10149999.000,2024-07-15 22:27:56.576
BTC,BUY,0.0077,10149999.000,2024-07-15 22:27:56.576
BTC,BUY,0.0923,10149999.000,2024-07-15 22:27:56.828
BTC,BUY,0.0003,10150000.000,2024-07-15 22:27:56.828
BTC,BUY,0.0010,10150000.000,2024-07-15 22:27:56.828
BTC,BUY,0.0007,10150000.000,2024-07-15 22:27:56.828
BTC,BUY,0.0100,10150000.000,2024-07-15 22:27:56.828
BTC,BUY,0.0008,10150000.000,2024-07-15 22:27:56.828
BTC,BUY,0.0050,10150000.000,2024-07-15 22:27:56.828
BTC,BUY,0.0899,10150000.000,2024-07-15 22:27:56.828
BTC,SELL,0.0010,10149040.000,2024-07-15 22:27:57.608
BTC,BUY,0.0010,10150000.000,2024-07-15 22:27:59.621
BTC,BUY,0.0091,10150000.000,2024-07-15 22:28:03.145
BTC,BUY,0.0001,10150000.000,2024-07-15 22:28:03.145
BTC,BUY,0.0010,10150000.000,2024-07-15 22:28:03.145
BTC,BUY,0.0003,10150000.000,2024-07-15 22:28:03.145
BTC,BUY,0.0050,10150000.000,2024-07-15 22:28:03.145
BTC,BUY,0.0005,10150000.000,2024-07-15 22:28:03.145
BTC,BUY,0.0001,10150000.000,2024-07-15 22:28:03.145
BTC,BUY,0.0100,10150000.000,2024-07-15 22:28:03.145
BTC,BUY,0.0166,10150000.000,2024-07-15 22:28:03.145
BTC,BUY,0.1000,10150000.000,2024-07-15 22:28:03.584
BTC,BUY,0.1000,10150000.000,2024-07-15 22:28:03.593
BTC,BUY,0.0030,10150000.000,2024-07-15 22:28:04.618
BTC,BUY,0.1000,10150000.000,2024-07-15 22:28:11.310
BTC,BUY,0.0008,10150000.000,2024-07-15 22:28:12.217
BTC,BUY,0.0001,10150000.000,2024-07-15 22:28:17.270
BTC,BUY,0.0179,10150000.000,2024-07-15 22:28:39.763
BTC,BUY,0.0233,10150000.000,2024-07-15 22:28:40.104
BTC,BUY,0.0114,10150000.000,2024-07-15 22:28:40.757
BTC,BUY,0.0069,10150000.000,2024-07-15 22:28:41.010
BTC,BUY,0.0010,10150000.000,2024-07-15 22:28:41.010
BTC,BUY,0.0026,10150000.000,2024-07-15 22:28:41.010
BTC,BUY,0.0004,10150000.000,2024-07-15 22:28:41.772
BTC,BUY,0.0100,10150000.000,2024-07-15 22:28:41.772
BTC,BUY,0.0001,10150000.000,2024-07-15 22:28:41.772
BTC,BUY,0.0002,10150000.000,2024-07-15 22:28:41.772
BTC,BUY,0.0003,10150017.000,2024-07-15 22:28:41.772
BTC,BUY,0.0197,10150017.000,2024-07-15 22:28:41.948
BTC,BUY,0.0010,10150583.000,2024-07-15 22:29:14.926
BTC,BUY,0.0002,10150583.000,2024-07-15 22:29:14.926
BTC,BUY,0.0020,10151969.000,2024-07-15 22:29:14.926
BTC,BUY,0.0002,10152166.000,2024-07-15 22:29:14.926
BTC,BUY,0.0001,10152468.000,2024-07-15 22:29:14.926
BTC,BUY,0.0100,10154592.000,2024-07-15 22:29:14.926
BTC,BUY,0.0015,10154593.000,2024-07-15 22:29:14.926
BTC,SELL,0.0010,10152720.000,2024-07-15 22:29:19.275
BTC,SELL,0.0010,10152720.000,2024-07-15 22:29:19.458
BTC,SELL,0.0020,10152720.000,2024-07-15 22:29:19.606
BTC,BUY,0.0040,10154591.000,2024-07-15 22:29:20.544
BTC,BUY,0.0010,10154591.000,2024-07-15 22:29:21.264
BTC,BUY,0.0010,10154591.000,2024-07-15 22:29:21.471
BTC,SELL,0.0047,10151090.000,2024-07-15 22:29:28.427
BTC,BUY,0.0587,10153615.000,2024-07-15 22:30:09.055
BTC,BUY,0.0085,10154593.000,2024-07-15 22:30:09.055
BTC,BUY,0.0004,10155000.000,2024-07-15 22:30:09.055
BTC,BUY,0.0002,10155000.000,2024-07-15 22:30:09.055
BTC,BUY,0.0050,10155590.000,2024-07-15 22:30:09.055
BTC,BUY,0.0200,10155610.000,2024-07-15 22:30:09.055
BTC,BUY,0.0010,10156000.000,2024-07-15 22:30:09.055
BTC,BUY,0.0100,10156176.000,2024-07-15 22:30:09.055
BTC,BUY,0.1000,10156454.000,2024-07-15 22:30:09.055
BTC,BUY,0.0243,10156884.000,2024-07-15 22:30:09.055
BTC,BUY,0.0063,10157285.000,2024-07-15 22:30:09.055
BTC,BUY,0.0700,10157919.000,2024-07-15 22:30:09.055
BTC,BUY,0.0100,10159305.000,2024-07-15 22:30:09.055
BTC,BUY,0.0306,10159433.000,2024-07-15 22:30:09.055
BTC,BUY,0.0020,10159690.000,2024-07-15 22:30:09.055
BTC,BUY,0.0003,10160000.000,2024-07-15 22:30:09.055
BTC,BUY,0.0010,10160000.000,2024-07-15 22:30:09.055
BTC,BUY,0.0020,10160000.000,2024-07-15 22:30:09.055
BTC,BUY,0.0100,10160000.000,2024-07-15 22:30:09.055
BTC,BUY,0.0001,10160000.000,2024-07-15 22:30:09.055
BTC,BUY,0.0001,10160000.000,2024-07-15 22:30:09.055
BTC,BUY,0.0001,10160000.000,2024-07-15 22:30:09.055
BTC,BUY,0.0010,10162038.000,2024-07-15 22:30:09.055
BTC,BUY,0.0300,10162151.000,2024-07-15 22:30:09.055
BTC,BUY,0.5000,10162220.000,2024-07-15 22:30:09.055
BTC,BUY,0.1084,10162750.000,2024-07-15 22:30:09.055
BTC,SELL,0.0010,10153614.000,2024-07-15 22:30:10.435
BTC,SELL,0.0004,10155041.000,2024-07-15 22:30:10.809
BTC,BUY,0.0010,10157378.000,2024-07-15 22:30:12.428
BTC,BUY,0.0004,10157378.000,2024-07-15 22:30:12.846
BTC,SELL,0.0200,10155840.000,2024-07-15 22:30:21.542
BTC,SELL,0.0100,10155840.000,2024-07-15 22:30:21.544
BTC,SELL,0.0050,10155840.000,2024-07-15 22:30:21.605
BTC,SELL,0.0050,10155840.000,2024-07-15 22:30:22.083
BTC,SELL,0.0261,10155840.000,2024-07-15 22:30:22.524
BTC,SELL,0.0050,10155840.000,2024-07-15 22:30:22.603
BTC,SELL,0.0200,10155840.000,2024-07-15 22:30:22.933
BTC,SELL,0.0089,10155840.000,2024-07-15 22:30:23.092
BTC,SELL,0.0060,10152451.000,2024-07-15 22:30:24.008
BTC,SELL,0.0050,10152451.000,2024-07-15 22:30:24.615
BTC,BUY,0.0001,10151949.000,2024-07-15 22:30:35.841
BTC,BUY,0.0001,10151344.000,2024-07-15 22:30:57.392
BTC,BUY,0.0260,10152000.000,2024-07-15 22:31:40.596
BTC,BUY,0.0007,10155840.000,2024-07-15 22:31:40.596
BTC,BUY,0.0233,10159575.000,2024-07-15 22:31:40.596
BTC,BUY,0.0001,10161050.000,2024-07-15 22:32:26.615
BTC,BUY,0.0001,10161050.000,2024-07-15 22:32:30.845
BTC,BUY,0.0040,10161050.000,2024-07-15 22:32:41.754
BTC,BUY,0.0003,10160950.000,2024-07-15 22:32:52.912
BTC,SELL,0.0020,10160640.000,2024-07-15 22:33:06.013
BTC,BUY,0.0010,10164600.000,2024-07-15 22:33:06.290
BTC,BUY,0.0020,10164600.000,2024-07-15 22:33:07.541
BTC,SELL,0.0003,10164599.000,2024-07-15 22:33:13.791
BTC,SELL,0.0100,10164599.000,2024-07-15 22:33:21.646
BTC,BUY,0.0100,10164600.000,2024-07-15 22:33:25.485
BTC,BUY,0.0202,10165500.000,2024-07-15 22:33:36.577
BTC,BUY,0.0098,10165920.000,2024-07-15 22:33:36.577
BTC,BUY,0.0027,10165920.000,2024-07-15 22:33:36.780
BTC,BUY,0.0020,10166600.000,2024-07-15 22:33:36.780
BTC,BUY,0.0001,10166776.000,2024-07-15 22:33:36.780
BTC,BUY,0.0010,10167000.000,2024-07-15 22:33:36.780
BTC,BUY,0.0025,10169000.000,2024-07-15 22:34:02.352
BTC,BUY,0.0010,10169000.000,2024-07-15 22:34:02.352
BTC,BUY,0.0500,10169000.000,2024-07-15 22:34:02.352
BTC,BUY,0.0265,10169000.000,2024-07-15 22:34:02.352
BTC,BUY,0.0333,10169000.000,2024-07-15 22:34:06.755
BTC,BUY,0.0500,10169000.000,2024-07-15 22:34:06.755
BTC,BUY,0.0100,10169640.000,2024-07-15 22:34:06.755
BTC,BUY,0.0020,10169690.000,2024-07-15 22:34:06.755
BTC,BUY,0.0100,10170000.000,2024-07-15 22:34:06.755
BTC,BUY,0.0010,10170000.000,2024-07-15 22:34:06.755
BTC,BUY,0.0003,10170000.000,2024-07-15 22:34:06.755
BTC,BUY,0.0001,10170000.000,2024-07-15 22:34:06.755
BTC,BUY,0.0001,10170000.000,2024-07-15 22:34:06.755
BTC,BUY,0.0020,10171769.000,2024-07-15 22:34:06.755
BTC,BUY,0.0665,10172480.000,2024-07-15 22:34:06.755
BTC,BUY,0.0002,10172484.000,2024-07-15 22:34:06.755
BTC,BUY,0.0300,10173130.000,2024-07-15 22:34:06.755
BTC,BUY,0.0010,10173494.000,2024-07-15 22:34:06.755
BTC,BUY,0.0776,10175470.000,2024-07-15 22:34:06.755
BTC,BUY,0.0698,10176000.000,2024-07-15 22:34:06.755
BTC,BUY,0.0111,10176017.000,2024-07-15 22:34:06.755
BTC,BUY,0.0890,10176530.000,2024-07-15 22:34:06.755
BTC,BUY,0.1000,10176600.000,2024-07-15 22:34:06.755
BTC,BUY,0.0002,10176796.000,2024-07-15 22:34:06.755
BTC,BUY,0.0099,10177589.000,2024-07-15 22:34:06.755
BTC,BUY,0.0217,10177590.000,2024-07-15 22:34:06.755
BTC,BUY,0.0050,10177769.000,2024-07-15 22:34:06.755
BTC,BUY,0.0005,10177777.000,2024-07-15 22:34:06.755
BTC,BUY,0.0698,10178120.000,2024-07-15 22:34:06.755
BTC,BUY,0.0103,10178170.000,2024-07-15 22:34:06.755
BTC,BUY,0.0088,10178650.000,2024-07-15 22:34:06.755
BTC,BUY,0.0034,10179300.000,2024-07-15 22:34:06.755
BTC,BUY,0.1279,10179710.000,2024-07-15 22:34:06.755
BTC,BUY,0.0100,10180000.000,2024-07-15 22:34:06.755
BTC,BUY,0.0010,10180000.000,2024-07-15 22:34:06.755
BTC,BUY,0.0003,10180000.000,2024-07-15 22:34:06.755
BTC,BUY,0.0001,10180000.000,2024-07-15 22:34:06.755
BTC,BUY,0.0100,10180000.000,2024-07-15 22:34:06.755
BTC,BUY,0.0001,10180000.000,2024-07-15 22:34:06.755
BTC,BUY,0.0250,10180240.000,2024-07-15 22:34:06.755
BTC,BUY,0.0086,10180770.000,2024-07-15 22:34:06.755
BTC,BUY,0.1334,10181300.000,2024-07-15 22:34:06.755
BTC,SELL,0.0010,10170700.000,2024-07-15 22:34:07.472
BTC,SELL,0.0010,10170700.000,2024-07-15 22:34:07.660
BTC,BUY,0.0020,10181300.000,2024-07-15 22:34:08.008
BTC,SELL,0.0010,10174939.000,2024-07-15 22:34:08.380
BTC,SELL,0.0040,10174939.000,2024-07-15 22:34:08.539
BTC,SELL,0.0200,10175835.000,2024-07-15 22:34:08.808
BTC,SELL,0.0036,10175835.000,2024-07-15 22:34:09.017
BTC,SELL,0.0044,10174960.000,2024-07-15 22:34:09.017
BTC,SELL,0.0118,10174553.000,2024-07-15 22:34:09.277
BTC,BUY,0.0010,10176000.000,2024-07-15 22:34:09.477
BTC,BUY,0.0010,10176000.000,2024-07-15 22:34:09.609
BTC,SELL,0.0261,10174553.000,2024-07-15 22:34:09.818
BTC,SELL,0.0250,10174553.000,2024-07-15 22:34:09.879
BTC,SELL,0.0180,10174553.000,2024-07-15 22:34:10.131
BTC,SELL,0.0191,10174553.000,2024-07-15 22:34:10.134
BTC,BUY,0.0010,10174940.000,2024-07-15 22:34:10.384
BTC,SELL,0.0030,10169110.000,2024-07-15 22:34:10.500
BTC,SELL,0.0120,10171023.000,2024-07-15 22:34:15.989
BTC,SELL,0.0100,10167840.000,2024-07-15 22:34:23.133
BTC,BUY,0.0001,10165000.000,2024-07-15 22:34:28.209
BTC,SELL,0.0001,10165389.000,2024-07-15 22:34:37.988
BTC,SELL,0.0010,10171450.000,2024-07-15 22:34:47.295
BTC,BUY,0.0010,10180876.000,2024-07-15 22:34:49.296
BTC,BUY,0.0001,10180876.000,2024-07-15 22:34:49.794
BTC,BUY,0.0003,10180608.000,2024-07-15 22:34:55.974
BTC,BUY,0.0083,10180700.000,2024-07-15 22:34:55.974
BTC,BUY,0.0140,10180709.000,2024-07-15 22:34:55.974
BTC,BUY,0.0002,10180710.000,2024-07-15 22:34:55.974
BTC,BUY,0.1000,10181109.000,2024-07-15 22:34:55.974
BTC,BUY,0.0300,10184480.000,2024-07-15 22:34:55.974
BTC,BUY,0.0010,10184949.000,2024-07-15 22:34:55.974
BTC,SELL,0.0100,10184949.000,2024-07-15 22:34:56.979
BTC,SELL,0.0004,10184949.000,2024-07-15 22:34:57.152
BTC,SELL,0.0200,10184949.000,2024-07-15 22:34:57.531
BTC,SELL,0.0100,10184949.000,2024-07-15 22:34:57.947
BTC,BUY,0.0072,10184950.000,2024-07-15 22:34:58.438
BTC,BUY,0.0100,10184999.000,2024-07-15 22:34:58.438
BTC,BUY,0.0028,10185000.000,2024-07-15 22:34:58.438
BTC,SELL,0.0200,10184949.000,2024-07-15 22:34:58.679
BTC,SELL,0.0100,10184949.000,2024-07-15 22:34:58.931
BTC,SELL,0.0200,10184949.000,2024-07-15 22:34:59.701
BTC,SELL,0.0100,10184949.000,2024-07-15 22:35:00.363
BTC,SELL,0.0800,10184949.000,2024-07-15 22:35:00.366
BTC,SELL,0.0012,10184949.000,2024-07-15 22:35:00.841
BTC,SELL,0.0200,10184949.000,2024-07-15 22:35:00.893
BTC,SELL,0.0030,10184949.000,2024-07-15 22:35:01.286
BTC,SELL,0.0004,10184949.000,2024-07-15 22:35:01.472
BTC,SELL,0.0500,10184949.000,2024-07-15 22:35:01.879
BTC,SELL,0.0004,10184949.000,2024-07-15 22:35:02.002
BTC,SELL,0.0100,10184949.000,2024-07-15 22:35:02.015
BTC,SELL,0.0004,10184949.000,2024-07-15 22:35:02.397
BTC,SELL,0.0020,10184949.000,2024-07-15 22:35:02.917
BTC,SELL,0.0100,10184949.000,2024-07-15 22:35:02.939
BTC,SELL,0.0200,10184949.000,2024-07-15 22:35:02.979
BTC,SELL,0.0400,10184949.000,2024-07-15 22:35:02.980
BTC,SELL,0.0425,10184949.000,2024-07-15 22:35:03.060
BTC,SELL,0.0200,10184949.000,2024-07-15 22:35:03.127
BTC,SELL,0.0001,10184949.000,2024-07-15 22:35:03.290
BTC,SELL,0.0100,10184949.000,2024-07-15 22:35:03.334
BTC,BUY,0.0004,10184950.000,2024-07-15 22:35:04.798
BTC,SELL,0.0099,10184949.000,2024-07-15 22:35:05.000
BTC,SELL,0.0200,10184949.000,2024-07-15 22:35:05.123
BTC,SELL,0.0100,10184949.000,2024-07-15 22:35:05.126
BTC,SELL,0.0200,10184949.000,2024-07-15 22:35:05.277
BTC,SELL,0.0100,10184949.000,2024-07-15 22:35:06.156
BTC,SELL,0.0617,10184949.000,2024-07-15 22:35:06.439
BTC,SELL,0.0013,10184949.000,2024-07-15 22:35:06.721
BTC,SELL,0.0029,10184949.000,2024-07-15 22:35:06.818
BTC,BUY,0.0001,10175648.000,2024-07-15 22:35:43.777
BTC,BUY,0.0900,10177783.000,2024-07-15 22:35:52.955
BTC,SELL,0.0400,10179151.000,2024-07-15 22:35:59.412
BTC,BUY,0.0009,10179319.000,2024-07-15 22:36:00.216
BTC,BUY,0.0002,10180000.000,2024-07-15 22:36:00.216
BTC,BUY,0.0016,10182954.000,2024-07-15 22:36:00.216
BTC,SELL,0.0125,10178800.000,2024-07-15 22:36:01.449
BTC,SELL,0.0275,10178723.000,2024-07-15 22:36:01.449
BTC,BUY,0.0001,10175167.000,2024-07-15 22:36:10.371
BTC,SELL,0.0100,10178925.000,2024-07-15 22:36:35.152
BTC,SELL,0.0010,10176000.000,2024-07-15 22:36:44.858
BTC,BUY,0.0035,10172898.000,2024-07-15 22:36:58.455
BTC,BUY,0.0001,10176000.000,2024-07-15 22:37:29.722
BTC,BUY,0.1000,10175902.000,2024-07-15 22:37:39.164
BTC,BUY,0.0099,10176000.000,2024-07-15 22:37:39.164
BTC,BUY,0.0150,10177590.000,2024-07-15 22:37:39.164
BTC,BUY,0.0500,10178000.000,2024-07-15 22:37:39.164
BTC,BUY,0.0300,10178120.000,2024-07-15 22:37:39.164
BTC,BUY,0.0390,10178650.000,2024-07-15 22:37:39.164
BTC,BUY,0.0300,10179180.000,2024-07-15 22:37:39.164
BTC,BUY,0.0002,10180000.000,2024-07-15 22:37:39.164
BTC,BUY,0.0001,10180000.000,2024-07-15 22:37:39.164
BTC,BUY,0.0010,10180240.000,2024-07-15 22:37:39.164
BTC,BUY,0.0300,10180770.000,2024-07-15 22:37:39.164
BTC,BUY,0.0100,10181300.000,2024-07-15 22:37:39.164
BTC,BUY,0.0100,10181830.000,2024-07-15 22:37:39.164
BTC,BUY,0.0385,10182360.000,2024-07-15 22:37:39.164
BTC,BUY,0.0565,10182890.000,2024-07-15 22:37:39.164
BTC,BUY,0.0100,10182953.000,2024-07-15 22:37:39.164
BTC,BUY,0.0055,10182954.000,2024-07-15 22:37:39.164
BTC,BUY,0.0300,10183283.000,2024-07-15 22:37:39.164
BTC,BUY,0.5000,10183420.000,2024-07-15 22:37:39.164
BTC,BUY,0.0343,10183950.000,2024-07-15 22:37:39.164
BTC,SELL,0.0473,10175900.000,2024-07-15 22:37:39.740
BTC,SELL,0.0255,10178755.000,2024-07-15 22:38:49.830
BTC,SELL,0.0025,10183735.000,2024-07-15 22:39:01.245
BTC,SELL,0.0030,10178181.000,2024-07-15 22:39:02.656
BTC,SELL,0.0001,10179000.000,2024-07-15 22:39:04.161
BTC,SELL,0.0015,10178181.000,2024-07-15 22:39:04.161
BTC,SELL,0.0034,10177559.000,2024-07-15 22:39:04.161
BTC,BUY,0.0001,10182556.000,2024-07-15 22:39:26.005
BTC,BUY,0.0001,10181534.000,2024-07-15 22:39:39.448
BTC,SELL,0.0100,10182485.000,2024-07-15 22:39:45.650
BTC,BUY,0.0010,10183536.000,2024-07-15 22:40:08.789
BTC,BUY,0.0001,10184848.000,2024-07-15 22:40:19.935
BTC,BUY,0.0001,10184950.000,2024-07-15 22:40:31.352
BTC,BUY,0.0095,10184950.000,2024-07-15 22:40:31.735
BTC,BUY,0.0001,10184992.000,2024-07-15 22:40:31.735
BTC,BUY,0.0072,10185000.000,2024-07-15 22:40:31.735
BTC,BUY,0.0002,10185105.000,2024-07-15 22:40:31.735
BTC,BUY,0.0100,10187008.000,2024-07-15 22:40:31.735
BTC,BUY,0.0020,10188869.000,2024-07-15 22:40:31.735
BTC,BUY,0.0100,10190000.000,2024-07-15 22:40:31.735
BTC,BUY,0.0010,10190000.000,2024-07-15 22:40:31.735
BTC,BUY,0.0003,10190000.000,2024-07-15 22:40:31.735
BTC,BUY,0.0009,10190000.000,2024-07-15 22:40:31.735
BTC,BUY,0.0100,10190000.000,2024-07-15 22:40:31.735
BTC,BUY,0.0001,10190000.000,2024-07-15 22:40:31.735
BTC,BUY,0.0250,10190000.000,2024-07-15 22:40:31.735
BTC,BUY,0.0002,10190000.000,2024-07-15 22:40:31.735
BTC,BUY,0.0020,10191969.000,2024-07-15 22:40:31.735
BTC,SELL,0.0100,10192960.000,2024-07-15 22:40:33.254
BTC,SELL,0.0020,10192960.000,2024-07-15 22:40:33.593
BTC,BUY,0.0001,10194550.000,2024-07-15 22:40:33.677
BTC,SELL,0.0095,10192960.000,2024-07-15 22:40:34.242
BTC,BUY,0.0005,10192705.000,2024-07-15 22:40:34.542
BTC,BUY,0.0035,10194550.000,2024-07-15 22:40:34.542
BTC,BUY,0.0024,10193172.000,2024-07-15 22:40:37.943
BTC,BUY,0.0001,10195000.000,2024-07-15 22:40:37.943
BTC,BUY,0.0100,10195080.000,2024-07-15 22:40:37.943
BTC,BUY,0.0330,10196140.000,2024-07-15 22:40:37.943
BTC,BUY,0.0010,10196405.000,2024-07-15 22:40:37.943
BTC,BUY,0.0050,10196969.000,2024-07-15 22:40:37.943
BTC,BUY,0.0215,10197200.000,2024-07-15 22:40:37.943
BTC,BUY,0.0050,10199000.000,2024-07-15 22:40:37.943
BTC,BUY,0.1750,10199000.000,2024-07-15 22:40:37.943
BTC,BUY,0.0525,10199320.000,2024-07-15 22:40:37.943
BTC,BUY,0.0100,10199499.000,2024-07-15 22:40:37.943
BTC,BUY,0.0100,10199500.000,2024-07-15 22:40:37.943
BTC,BUY,0.0030,10199850.000,2024-07-15 22:40:37.943
BTC,BUY,0.0100,10200000.000,2024-07-15 22:40:37.943
BTC,BUY,0.0010,10200000.000,2024-07-15 22:40:37.943
BTC,BUY,0.0006,10200000.000,2024-07-15 22:40:37.943
BTC,BUY,0.0030,10200000.000,2024-07-15 22:40:37.943
BTC,BUY,0.0003,10200000.000,2024-07-15 22:40:37.943
BTC,BUY,0.0020,10200000.000,2024-07-15 22:40:37.943
BTC,BUY,0.0210,10200000.000,2024-07-15 22:40:37.943
BTC,BUY,0.0050,10200000.000,2024-07-15 22:40:37.943
BTC,BUY,0.0100,10200000.000,2024-07-15 22:40:37.943
BTC,BUY,0.0010,10200000.000,2024-07-15 22:40:37.943
BTC,BUY,0.0100,10200000.000,2024-07-15 22:40:37.943
BTC,BUY,0.0030,10200000.000,2024-07-15 22:40:37.943
BTC,BUY,0.0010,10200000.000,2024-07-15 22:40:37.943
BTC,BUY,0.0100,10200000.000,2024-07-15 22:40:37.943
BTC,BUY,0.0050,10200000.000,2024-07-15 22:40:37.943
BTC,BUY,0.0886,10200000.000,2024-07-15 22:40:37.943
BTC,BUY,0.0001,10196140.000,2024-07-15 22:40:38.037
BTC,BUY,0.0050,10192692.000,2024-07-15 22:40:50.446
BTC,SELL,0.0014,10191901.000,2024-07-15 22:40:58.785
BTC,BUY,0.0100,10194993.000,2024-07-15 22:40:59.234
BTC,BUY,0.0300,10197200.000,2024-07-15 22:40:59.234
BTC,BUY,0.0100,10197730.000,2024-07-15 22:40:59.234
BTC,BUY,0.0001,10191725.000,2024-07-15 22:41:07.677
BTC,SELL,0.0003,10190000.000,2024-07-15 22:41:12.227
BTC,SELL,0.0197,10189346.000,2024-07-15 22:41:12.227
BTC,BUY,0.0001,10191725.000,2024-07-15 22:41:26.651
BTC,BUY,0.0001,10191725.000,2024-07-15 22:41:38.217
BTC,BUY,0.0010,10191725.000,2024-07-15 22:41:39.776
BTC,SELL,0.0300,10191724.000,2024-07-15 22:41:39.970
BTC,SELL,0.0300,10191724.000,2024-07-15 22:41:39.970
BTC,SELL,0.0400,10191724.000,2024-07-15 22:41:39.970
BTC,BUY,0.0088,10191725.000,2024-07-15 22:41:48.933
BTC,BUY,0.0114,10200000.000,2024-07-15 22:41:50.058
BTC,BUY,0.0016,10200000.000,2024-07-15 22:41:50.058
BTC,BUY,0.0010,10200000.000,2024-07-15 22:41:50.058
BTC,BUY,0.0284,10200000.000,2024-07-15 22:41:50.058
BTC,BUY,0.0060,10200000.000,2024-07-15 22:41:50.178
BTC,SELL,0.0010,10191850.000,2024-07-15 22:41:50.436
BTC,BUY,0.0163,10200000.000,2024-07-15 22:41:50.614
BTC,BUY,0.0100,10200000.000,2024-07-15 22:41:50.692
BTC,BUY,0.0133,10200000.000,2024-07-15 22:41:50.717
BTC,BUY,0.0260,10200000.000,2024-07-15 22:41:50.839
BTC,BUY,0.0025,10200000.000,2024-07-15 22:41:50.839
BTC,BUY,0.0001,10200000.000,2024-07-15 22:41:50.839
BTC,BUY,0.0001,10200000.000,2024-07-15 22:41:50.839
BTC,BUY,0.0001,10200000.000,2024-07-15 22:41:50.839
BTC,BUY,0.0003,10200000.000,2024-07-15 22:41:50.839
BTC,BUY,0.0050,10200000.000,2024-07-15 22:41:50.839
BTC,BUY,0.0001,10200000.000,2024-07-15 22:41:50.839
BTC,BUY,0.0070,10200000.000,2024-07-15 22:41:50.839
BTC,BUY,0.0001,10200000.000,2024-07-15 22:41:50.839
BTC,BUY,0.0030,10200000.000,2024-07-15 22:41:50.839
BTC,BUY,0.0040,10200000.000,2024-07-15 22:41:50.839
BTC,BUY,0.0002,10200000.000,2024-07-15 22:41:50.839
BTC,BUY,0.0002,10200000.000,2024-07-15 22:41:50.839
BTC,BUY,0.0100,10200000.000,2024-07-15 22:41:50.839
BTC,BUY,0.0005,10200000.000,2024-07-15 22:41:50.839
BTC,BUY,0.0100,10200000.000,2024-07-15 22:41:50.839
BTC,BUY,0.0015,10200000.000,2024-07-15 22:41:50.839
BTC,BUY,0.0001,10200000.000,2024-07-15 22:41:50.839
BTC,BUY,0.0001,10200000.000,2024-07-15 22:41:50.839
BTC,BUY,0.0010,10200000.000,2024-07-15 22:41:50.839
BTC,BUY,0.0035,10200000.000,2024-07-15 22:41:50.839
BTC,BUY,0.0100,10200000.000,2024-07-15 22:41:50.839
BTC,BUY,0.0009,10200000.000,2024-07-15 22:41:50.839
BTC,BUY,0.0014,10200000.000,2024-07-15 22:41:50.839
BTC,BUY,0.0100,10200000.000,2024-07-15 22:41:50.839
BTC,BUY,0.0023,10200000.000,2024-07-15 22:41:50.839
BTC,BUY,0.0077,10200000.000,2024-07-15 22:41:51.139
BTC,BUY,0.0010,10200000.000,2024-07-15 22:41:51.139
BTC,BUY,0.0083,10200000.000,2024-07-15 22:41:51.139
BTC,BUY,0.0019,10200000.000,2024-07-15 22:41:51.187
BTC,BUY,0.1000,10200000.000,2024-07-15 22:41:51.187
BTC,BUY,0.0030,10200000.000,2024-07-15 22:41:51.187
BTC,BUY,0.0040,10200000.000,2024-07-15 22:41:51.187
BTC,BUY,0.0001,10200000.000,2024-07-15 22:41:51.187
BTC,BUY,0.0050,10200000.000,2024-07-15 22:41:51.187
BTC,BUY,0.0100,10200000.000,2024-07-15 22:41:51.187
BTC,BUY,0.0008,10200000.000,2024-07-15 22:41:51.187
BTC,BUY,0.0219,10200000.000,2024-07-15 22:41:51.187
BTC,BUY,0.0500,10200000.000,2024-07-15 22:41:51.187
BTC,BUY,0.0010,10200000.000,2024-07-15 22:41:51.187
BTC,BUY,0.1000,10200000.000,2024-07-15 22:41:51.187
BTC,BUY,0.0300,10200000.000,2024-07-15 22:41:51.187
BTC,BUY,0.0002,10200000.000,2024-07-15 22:41:51.187
BTC,BUY,0.0020,10201000.000,2024-07-15 22:41:51.373
BTC,BUY,0.0010,10203560.000,2024-07-15 22:41:51.373
BTC,BUY,0.0001,10205000.000,2024-07-15 22:41:51.373
BTC,BUY,0.0019,10206345.000,2024-07-15 22:41:51.373
BTC,SELL,0.0010,10197200.000,2024-07-15 22:41:51.459
BTC,BUY,0.0010,10207270.000,2024-07-15 22:41:51.617
BTC,BUY,0.0010,10207861.000,2024-07-15 22:41:51.617
BTC,BUY,0.0001,10209967.000,2024-07-15 22:41:51.653
BTC,BUY,0.0029,10210000.000,2024-07-15 22:41:51.653
BTC,BUY,0.0071,10210000.000,2024-07-15 22:41:51.658
BTC,BUY,0.0010,10210000.000,2024-07-15 22:41:51.658
BTC,BUY,0.0003,10210000.000,2024-07-15 22:41:51.658
BTC,BUY,0.0001,10210000.000,2024-07-15 22:41:51.658
BTC,BUY,0.0015,10210000.000,2024-07-15 22:41:51.658
BTC,SELL,0.0010,10191957.000,2024-07-15 22:41:51.840
BTC,BUY,0.0035,10210000.000,2024-07-15 22:41:51.942
BTC,BUY,0.0010,10215000.000,2024-07-15 22:41:51.942
BTC,BUY,0.0155,10215743.000,2024-07-15 22:41:51.942
BTC,BUY,0.0100,10215743.000,2024-07-15 22:41:52.377
BTC,BUY,0.0010,10215743.000,2024-07-15 22:41:52.478
BTC,BUY,0.0400,10215743.000,2024-07-15 22:41:52.481
BTC,BUY,0.0335,10215743.000,2024-07-15 22:41:52.482
BTC,BUY,0.0065,10216240.000,2024-07-15 22:41:52.482
BTC,SELL,0.0004,10213630.000,2024-07-15 22:41:52.871
BTC,BUY,0.0060,10216240.000,2024-07-15 22:41:52.883
BTC,BUY,0.0300,10218785.000,2024-07-15 22:41:52.981
BTC,BUY,0.0188,10218901.000,2024-07-15 22:41:52.981
BTC,BUY,0.0112,10218901.000,2024-07-15 22:41:53.197
BTC,BUY,0.0010,10219316.000,2024-07-15 22:41:53.197
BTC,BUY,0.0100,10220000.000,2024-07-15 22:41:53.197
BTC,BUY,0.0010,10220000.000,2024-07-15 22:41:53.197
BTC,BUY,0.0003,10220000.000,2024-07-15 22:41:53.197
BTC,BUY,0.0001,10220000.000,2024-07-15 22:41:53.197
BTC,BUY,0.0001,10220000.000,2024-07-15 22:41:53.197
BTC,BUY,0.0001,10220000.000,2024-07-15 22:41:53.197
BTC,BUY,0.0050,10225384.000,2024-07-15 22:41:53.473
BTC,SELL,0.0010,10221050.000,2024-07-15 22:41:54.336
BTC,BUY,0.0010,10225384.000,2024-07-15 22:41:54.467
BTC,SELL,0.0020,10218400.000,2024-07-15 22:41:54.657
BTC,SELL,0.0040,10224240.000,2024-07-15 22:41:54.911
BTC,SELL,0.0050,10224240.000,2024-07-15 22:41:54.916
BTC,SELL,0.0035,10224240.000,2024-07-15 22:41:55.214
BTC,SELL,0.0020,10216241.000,2024-07-15 22:41:55.711
BTC,BUY,0.0010,10220780.000,2024-07-15 22:41:55.854
BTC,BUY,0.0004,10217446.000,2024-07-15 22:41:56.793
BTC,BUY,0.0040,10217445.000,2024-07-15 22:41:58.605
BTC,BUY,0.0010,10218500.000,2024-07-15 22:42:01.309
BTC,BUY,0.0020,10218500.000,2024-07-15 22:42:01.659
BTC,SELL,0.0100,10218498.000,2024-07-15 22:42:01.959
BTC,SELL,0.0050,10217445.000,2024-07-15 22:42:04.477
BTC,SELL,0.0300,10217444.000,2024-07-15 22:42:04.922
BTC,SELL,0.1000,10217386.000,2024-07-15 22:42:04.922
BTC,SELL,0.0300,10217271.000,2024-07-15 22:42:04.922
BTC,SELL,0.0050,10213123.000,2024-07-15 22:42:05.069
BTC,SELL,0.0600,10215145.000,2024-07-15 22:42:06.420
BTC,SELL,0.0100,10215145.000,2024-07-15 22:42:06.679
BTC,SELL,0.0136,10215145.000,2024-07-15 22:42:06.723
BTC,SELL,0.0164,10215145.000,2024-07-15 22:42:07.048
BTC,SELL,0.0003,10210000.000,2024-07-15 22:42:07.320
BTC,SELL,0.0057,10208232.000,2024-07-15 22:42:07.320
BTC,SELL,0.0935,10214173.000,2024-07-15 22:42:09.541
BTC,SELL,0.0015,10214173.000,2024-07-15 22:42:10.177
BTC,SELL,0.0016,10214173.000,2024-07-15 22:42:10.931
BTC,SELL,0.0001,10214173.000,2024-07-15 22:42:11.037
BTC,SELL,0.0030,10214173.000,2024-07-15 22:42:11.336
BTC,BUY,0.0001,10209361.000,2024-07-15 22:42:12.995
BTC,SELL,0.0114,10209360.000,2024-07-15 22:42:13.048
BTC,SELL,0.0421,10209360.000,2024-07-15 22:42:13.172
BTC,SELL,0.0200,10209360.000,2024-07-15 22:42:14.225
BTC,SELL,0.0200,10209360.000,2024-07-15 22:42:14.363
BTC,BUY,0.0010,10209361.000,2024-07-15 22:42:15.197
BTC,SELL,0.0010,10207270.000,2024-07-15 22:42:28.488
BTC,SELL,0.0190,10201970.000,2024-07-15 22:42:28.488
BTC,BUY,0.0010,10206740.000,2024-07-15 22:42:29.852
BTC,BUY,0.0001,10207271.000,2024-07-15 22:42:34.553
BTC,SELL,0.0100,10204620.000,2024-07-15 22:42:58.596
BTC,SELL,0.0088,10204092.000,2024-07-15 22:43:07.596
BTC,SELL,0.0081,10206987.000,2024-07-15 22:43:14.502
BTC,SELL,0.0005,10206987.000,2024-07-15 22:43:14.582
BTC,SELL,0.0100,10206468.000,2024-07-15 22:43:15.280
BTC,SELL,0.0400,10206468.000,2024-07-15 22:43:15.796
BTC,SELL,0.0048,10206468.000,2024-07-15 22:43:15.889
BTC,BUY,0.0007,10206469.000,2024-07-15 22:43:16.264
BTC,SELL,0.0001,10206468.000,2024-07-15 22:43:16.697
BTC,SELL,0.0200,10206468.000,2024-07-15 22:43:16.996
BTC,SELL,0.0100,10206468.000,2024-07-15 22:43:17.236
BTC,SELL,0.0008,10206468.000,2024-07-15 22:43:17.614
BTC,BUY,0.0500,10204235.000,2024-07-15 22:43:27.756
BTC,BUY,0.0500,10204236.000,2024-07-15 22:43:27.756
BTC,BUY,0.0010,10202717.000,2024-07-15 22:43:39.299
BTC,SELL,0.0003,10200000.000,2024-07-15 22:43:51.346
BTC,SELL,0.0009,10200000.000,2024-07-15 22:43:51.346
BTC,SELL,0.0001,10200000.000,2024-07-15 22:43:53.002
BTC,SELL,0.0100,10198797.000,2024-07-15 22:43:54.396
BTC,SELL,0.0022,10198797.000,2024-07-15 22:43:55.190
BTC,BUY,0.0001,10198798.000,2024-07-15 22:43:55.312
BTC,SELL,0.0187,10198797.000,2024-07-15 22:43:56.308
BTC,SELL,0.0500,10196900.000,2024-07-15 22:43:59.107
BTC,SELL,0.0100,10196000.000,2024-07-15 22:44:23.353
BTC,SELL,0.0010,10196000.000,2024-07-15 22:44:23.409
BTC,SELL,0.0006,10196000.000,2024-07-15 22:44:27.469
BTC,SELL,0.0200,10196000.000,2024-07-15 22:44:27.901
BTC,SELL,0.0333,10196000.000,2024-07-15 22:44:28.028
BTC,SELL,0.0036,10196000.000,2024-07-15 22:44:28.482
BTC,SELL,0.0200,10196000.000,2024-07-15 22:44:29.735
BTC,SELL,0.0200,10196000.000,2024-07-15 22:44:29.876
BTC,SELL,0.0111,10196000.000,2024-07-15 22:44:30.897
BTC,SELL,0.0003,10196000.000,2024-07-15 22:44:37.626
BTC,SELL,0.0100,10196000.000,2024-07-15 22:44:37.722
BTC,SELL,0.0200,10196000.000,2024-07-15 22:44:37.952
BTC,SELL,0.0200,10196000.000,2024-07-15 22:44:38.115
BTC,SELL,0.0100,10196000.000,2024-07-15 22:44:40.098
BTC,SELL,0.0200,10196000.000,2024-07-15 22:44:40.265
BTC,SELL,0.0050,10196000.000,2024-07-15 22:44:45.411
BTC,SELL,0.0043,10196000.000,2024-07-15 22:44:56.021
BTC,BUY,0.0099,10196001.000,2024-07-15 22:44:58.630
BTC,BUY,0.0400,10196001.000,2024-07-15 22:44:58.630
BTC,BUY,0.0015,10196001.000,2024-07-15 22:44:58.630
BTC,BUY,0.0215,10196001.000,2024-07-15 22:44:58.630
BTC,BUY,0.0100,10196001.000,2024-07-15 22:44:58.630
BTC,BUY,0.0010,10196670.000,2024-07-15 22:44:59.107
BTC,SELL,0.0010,10196001.000,2024-07-15 22:45:00.745
BTC,SELL,0.0100,10196001.000,2024-07-15 22:45:01.863
BTC,SELL,0.0061,10196001.000,2024-07-15 22:45:03.348
BTC,SELL,0.0039,10196000.000,2024-07-15 22:45:03.348
BTC,BUY,0.0010,10196002.000,2024-07-15 22:45:06.201
BTC,BUY,0.0010,10196002.000,2024-07-15 22:45:07.577
BTC,SELL,0.0200,10196000.000,2024-07-15 22:45:17.807
BTC,BUY,0.0010,10196002.000,2024-07-15 22:45:27.421
BTC,BUY,0.0009,10196002.000,2024-07-15 22:45:31.451
BTC,BUY,0.0001,10196002.000,2024-07-15 22:45:41.037
BTC,BUY,0.0010,10196002.000,2024-07-15 22:45:45.615
BTC,BUY,0.0050,10196002.000,2024-07-15 22:45:52.344
BTC,BUY,0.0100,10201449.000,2024-07-15 22:46:07.598
BTC,BUY,0.0005,10204303.000,2024-07-15 22:46:22.710
BTC,SELL,0.0100,10204190.000,2024-07-15 22:46:34.071
BTC,BUY,0.0005,10206180.000,2024-07-15 22:46:42.262
BTC,BUY,0.0010,10207286.000,2024-07-15 22:46:54.117
BTC,BUY,0.0001,10207305.000,2024-07-15 22:47:04.547
BTC,BUY,0.0002,10208236.000,2024-07-15 22:47:04.547
BTC,BUY,0.0047,10208805.000,2024-07-15 22:47:04.547
BTC,BUY,0.0001,10210725.000,2024-07-15 22:47:07.830
BTC,BUY,0.0009,10210727.000,2024-07-15 22:47:07.830
BTC,BUY,0.0001,10208425.000,2024-07-15 22:47:47.730
BTC,BUY,0.0295,10208528.000,2024-07-15 22:48:01.323
BTC,BUY,0.0100,10209285.000,2024-07-15 22:48:01.323
BTC,BUY,0.0050,10210727.000,2024-07-15 22:48:01.323
BTC,BUY,0.0555,10211643.000,2024-07-15 22:48:01.323
BTC,SELL,0.0209,10211651.000,2024-07-15 22:48:42.133
BTC,BUY,0.0100,10214173.000,2024-07-15 22:48:50.558
BTC,BUY,0.1000,10217297.000,2024-07-15 22:48:50.558
BTC,BUY,0.0007,10218311.000,2024-07-15 22:48:50.558
BTC,BUY,0.0300,10218697.000,2024-07-15 22:48:50.558
BTC,BUY,0.0010,10223000.000,2024-07-15 22:48:50.558
BTC,BUY,0.0983,10223700.000,2024-07-15 22:48:50.558
BTC,BUY,0.0001,10218329.000,2024-07-15 22:49:03.148
BTC,SELL,0.0500,10220693.000,2024-07-15 22:49:07.117
BTC,SELL,0.1000,10218337.000,2024-07-15 22:49:10.974
BTC,SELL,0.0100,10215895.000,2024-07-15 22:49:15.752
BTC,SELL,0.0100,10215895.000,2024-07-15 22:49:16.133
BTC,SELL,0.0100,10215895.000,2024-07-15 22:49:16.288
BTC,SELL,0.0018,10215895.000,2024-07-15 22:49:16.344
BTC,SELL,0.0100,10215895.000,2024-07-15 22:49:16.662
BTC,SELL,0.0200,10215895.000,2024-07-15 22:49:17.015
BTC,SELL,0.0004,10211768.000,2024-07-15 22:49:23.495
BTC,SELL,0.0010,10204318.000,2024-07-15 22:49:33.907
BTC,SELL,0.0040,10204303.000,2024-07-15 22:49:33.907
BTC,SELL,0.0010,10204303.000,2024-07-15 22:49:33.958
BTC,SELL,0.0010,10204303.000,2024-07-15 22:49:34.157
BTC,SELL,0.0010,10204303.000,2024-07-15 22:49:34.321
BTC,SELL,0.0010,10204303.000,2024-07-15 22:49:34.431
BTC,BUY,0.0110,10205150.000,2024-07-15 22:49:38.259
BTC,BUY,0.0140,10205577.000,2024-07-15 22:49:45.822
BTC,BUY,0.0001,10204304.000,2024-07-15 22:49:57.623
BTC,SELL,0.0003,10204303.000,2024-07-15 22:50:18.288
BTC,SELL,0.0017,10204303.000,2024-07-15 22:50:18.752
BTC,SELL,0.0100,10200080.000,2024-07-15 22:50:32.313
BTC,SELL,0.0012,10200080.000,2024-07-15 22:50:33.586
BTC,BUY,0.0298,10200081.000,2024-07-15 22:50:34.343
BTC,BUY,0.0100,10200081.000,2024-07-15 22:50:34.343
BTC,BUY,0.0166,10200277.000,2024-07-15 22:50:34.343
BTC,BUY,0.0300,10200333.000,2024-07-15 22:50:34.343
BTC,BUY,0.0436,10200380.000,2024-07-15 22:50:34.343
BTC,SELL,0.0200,10200000.000,2024-07-15 22:50:34.800
BTC,SELL,0.0100,10200000.000,2024-07-15 22:50:37.772
BTC,SELL,0.0003,10200000.000,2024-07-15 22:50:40.345
BTC,SELL,0.0009,10200000.000,2024-07-15 22:50:41.315
BTC,SELL,0.0200,10200000.000,2024-07-15 22:50:41.459
BTC,SELL,0.0100,10200000.000,2024-07-15 22:50:41.942
BTC,SELL,0.0008,10200000.000,2024-07-15 22:50:43.195
BTC,SELL,0.0016,10200000.000,2024-07-15 22:50:45.008
BTC,SELL,0.0100,10200000.000,2024-07-15 22:50:45.245
BTC,SELL,0.0100,10200000.000,2024-07-15 22:50:45.774
BTC,SELL,0.0100,10200000.000,2024-07-15 22:50:46.546
BTC,SELL,0.0008,10200000.000,2024-07-15 22:50:46.691
BTC,SELL,0.0200,10200000.000,2024-07-15 22:50:47.011
BTC,SELL,0.0200,10200000.000,2024-07-15 22:50:47.863
BTC,SELL,0.0100,10200000.000,2024-07-15 22:50:48.072
BTC,SELL,0.0400,10200000.000,2024-07-15 22:50:48.297
BTC,SELL,0.0028,10200000.000,2024-07-15 22:50:48.385
BTC,SELL,0.0100,10200000.000,2024-07-15 22:50:48.734
BTC,SELL,0.1028,10200000.000,2024-07-15 22:50:49.186
BTC,SELL,0.0100,10196000.000,2024-07-15 22:50:50.321
BTC,SELL,0.1000,10196000.000,2024-07-15 22:50:52.921
BTC,SELL,0.0069,10196000.000,2024-07-15 22:50:53.150
BTC,SELL,0.0331,10195281.000,2024-07-15 22:50:53.150
BTC,SELL,0.0100,10195281.000,2024-07-15 22:50:53.154
BTC,SELL,0.0100,10195281.000,2024-07-15 22:50:54.426
BTC,BUY,0.0005,10195282.000,2024-07-15 22:50:59.571
BTC,SELL,0.0169,10195281.000,2024-07-15 22:51:00.914
BTC,BUY,0.0030,10191726.000,2024-07-15 22:51:07.906
BTC,SELL,0.0088,10191725.000,2024-07-15 22:51:15.567
BTC,SELL,0.0001,10191643.000,2024-07-15 22:51:18.555
BTC,BUY,0.0028,10191724.000,2024-07-15 22:51:18.678
BTC,SELL,0.0010,10190000.000,2024-07-15 22:51:19.686
BTC,SELL,0.0002,10190000.000,2024-07-15 22:51:36.083
BTC,BUY,0.0020,10190001.000,2024-07-15 22:51:36.244
BTC,SELL,0.0050,10181049.000,2024-07-15 22:51:38.997
BTC,SELL,0.0002,10180000.000,2024-07-15 22:51:40.659
BTC,SELL,0.0003,10180000.000,2024-07-15 22:51:40.659
BTC,SELL,0.0010,10180000.000,2024-07-15 22:51:40.659
BTC,SELL,0.0479,10179663.000,2024-07-15 22:51:40.659
BTC,SELL,0.0005,10179158.000,2024-07-15 22:51:42.341
BTC,BUY,0.0010,10178746.000,2024-07-15 22:51:55.916
BTC,SELL,0.0010,10171318.000,2024-07-15 22:52:08.292
BTC,BUY,0.0010,10174233.000,2024-07-15 22:52:10.209
BTC,BUY,0.0010,10175658.000,2024-07-15 22:52:22.076
BTC,BUY,0.0001,10177580.000,2024-07-15 22:52:36.036
BTC,BUY,0.0009,10178740.000,2024-07-15 22:52:36.036
BTC,BUY,0.0010,10175095.000,2024-07-15 22:52:47.642
BTC,BUY,0.0035,10174681.000,2024-07-15 22:52:58.436
BTC,BUY,0.0015,10174782.000,2024-07-15 22:52:58.436
BTC,BUY,0.0010,10173853.000,2024-07-15 22:53:25.512
BTC,BUY,0.0010,10173335.000,2024-07-15 22:53:39.015
BTC,BUY,0.0010,10172009.000,2024-07-15 22:53:55.090
BTC,BUY,0.0010,10171091.000,2024-07-15 22:54:09.580
BTC,BUY,0.0010,10171244.000,2024-07-15 22:54:28.648
BTC,BUY,0.0010,10170223.000,2024-07-15 22:54:48.310
BTC,BUY,0.0010,10170572.000,2024-07-15 22:55:04.292
BTC,BUY,0.0100,10171000.000,2024-07-15 22:55:41.447
BTC,BUY,0.1000,10171269.000,2024-07-15 22:55:42.523
BTC,BUY,0.0010,10172504.000,2024-07-15 22:55:43.039
BTC,BUY,0.0001,10174778.000,2024-07-15 22:55:55.852
BTC,BUY,0.0009,10174880.000,2024-07-15 22:55:55.852
BTC,BUY,0.0006,10174778.000,2024-07-15 22:56:01.213
BTC,BUY,0.0010,10178857.000,2024-07-15 22:56:07.560
BTC,BUY,0.0928,10178008.000,2024-07-15 22:56:12.939
BTC,SELL,0.0002,10181136.000,2024-07-15 22:56:34.355
BTC,SELL,0.0880,10180366.000,2024-07-15 22:56:34.355
BTC,SELL,0.0100,10180350.000,2024-07-15 22:56:34.355
BTC,SELL,0.0780,10180349.000,2024-07-15 22:56:34.355
BTC,SELL,0.0870,10180270.000,2024-07-15 22:56:34.355
BTC,SELL,0.1121,10180266.000,2024-07-15 22:56:34.355
BTC,SELL,0.0562,10179600.000,2024-07-15 22:56:34.355
BTC,BUY,0.0003,10184615.000,2024-07-15 22:56:46.561
BTC,BUY,0.0002,10186639.000,2024-07-15 22:56:46.561
BTC,BUY,0.0003,10185420.000,2024-07-15 22:56:49.975
BTC,BUY,0.0001,10186498.000,2024-07-15 22:57:01.995
BTC,BUY,0.0001,10182676.000,2024-07-15 22:57:38.485
BTC,SELL,0.0015,10182880.000,2024-07-15 22:57:53.941
BTC,BUY,0.0596,10182881.000,2024-07-15 22:57:59.181
BTC,BUY,0.0388,10182882.000,2024-07-15 22:57:59.181
BTC,BUY,0.0116,10179920.000,2024-07-15 22:59:04.863
BTC,BUY,0.0300,10180000.000,2024-07-15 22:59:04.863
BTC,BUY,0.0084,10181844.000,2024-07-15 22:59:04.863
BTC,BUY,0.0002,10179279.000,2024-07-15 22:59:21.154
BTC,BUY,0.0100,10177852.000,2024-07-15 22:59:55.531
BTC,BUY,0.0500,10179313.000,2024-07-15 23:00:07.632
BTC,BUY,0.0001,10183243.000,2024-07-15 23:00:25.939
BTC,SELL,0.0012,10182525.000,2024-07-15 23:00:46.590
BTC,BUY,0.0003,10181926.000,2024-07-15 23:00:53.406
BTC,BUY,0.0050,10181074.000,2024-07-15 23:01:09.044
BTC,BUY,0.0125,10181280.000,2024-07-15 23:02:17.769
BTC,BUY,0.2975,10181300.000,2024-07-15 23:02:17.769
BTC,BUY,0.0005,10180382.000,2024-07-15 23:02:43.053
BTC,SELL,0.0007,10178525.000,2024-07-15 23:03:17.459
BTC,SELL,0.0002,10178525.000,2024-07-15 23:03:19.325
BTC,SELL,0.0002,10178524.000,2024-07-15 23:03:22.827
BTC,SELL,0.0043,10175031.000,2024-07-15 23:03:31.260
BTC,SELL,0.0010,10175030.000,2024-07-15 23:03:32.267
BTC,SELL,0.0100,10175012.000,2024-07-15 23:03:34.157
BTC,BUY,0.0150,10174374.000,2024-07-15 23:03:57.261
BTC,SELL,0.0020,10170721.000,2024-07-15 23:03:58.924
BTC,SELL,0.0013,10170720.000,2024-07-15 23:03:58.924
BTC,SELL,0.0067,10170000.000,2024-07-15 23:03:58.924
BTC,BUY,0.0100,10170001.000,2024-07-15 23:04:15.781
BTC,BUY,0.0046,10170080.000,2024-07-15 23:04:17.351
BTC,BUY,0.0004,10170538.000,2024-07-15 23:04:20.744
BTC,BUY,0.0001,10170538.000,2024-07-15 23:04:22.697
BTC,SELL,0.0001,10170210.000,2024-07-15 23:04:33.418
BTC,SELL,0.0002,10170210.000,2024-07-15 23:04:33.418
BTC,SELL,0.0010,10170000.000,2024-07-15 23:04:55.000
BTC,SELL,0.0003,10170000.000,2024-07-15 23:04:55.000
BTC,BUY,0.0001,10169611.000,2024-07-15 23:04:59.949
BTC,BUY,0.0100,10169008.000,2024-07-15 23:05:02.683
BTC,BUY,0.0179,10169407.000,2024-07-15 23:05:02.683
BTC,BUY,0.0079,10169600.000,2024-07-15 23:05:02.683
BTC,BUY,0.0100,10170169.000,2024-07-15 23:05:02.683
BTC,BUY,0.0292,10170170.000,2024-07-15 23:05:02.683
BTC,BUY,0.0001,10169008.000,2024-07-15 23:05:15.337
BTC,SELL,0.0040,10169007.000,2024-07-15 23:05:16.689
BTC,SELL,0.0001,10165000.000,2024-07-15 23:05:46.436
BTC,BUY,0.0001,10167932.000,2024-07-15 23:06:11.849
BTC,BUY,0.0199,10168150.000,2024-07-15 23:06:11.849
BTC,SELL,0.0002,10169760.000,2024-07-15 23:06:28.328
BTC,BUY,0.0125,10171680.000,2024-07-15 23:06:44.844
BTC,BUY,0.0075,10174330.000,2024-07-15 23:06:44.844
BTC,BUY,0.0001,10171578.000,2024-07-15 23:06:47.646
BTC,BUY,0.0009,10174330.000,2024-07-15 23:06:47.646
BTC,SELL,0.0002,10174565.000,2024-07-15 23:07:02.373
BTC,BUY,0.0001,10178525.000,2024-07-15 23:07:10.260
BTC,BUY,0.0010,10178525.000,2024-07-15 23:07:21.986
BTC,BUY,0.0001,10178525.000,2024-07-15 23:07:37.052
BTC,BUY,0.0016,10178525.000,2024-07-15 23:07:39.281
BTC,BUY,0.0084,10178525.000,2024-07-15 23:07:39.281
BTC,SELL,0.0001,10178480.000,2024-07-15 23:07:59.919
BTC,BUY,0.0001,10178525.000,2024-07-15 23:08:12.931
BTC,SELL,0.0040,10178524.000,2024-07-15 23:08:59.621
BTC,BUY,0.0200,10178525.000,2024-07-15 23:09:21.863
BTC,BUY,0.0100,10178525.000,2024-07-15 23:09:23.187
BTC,BUY,0.0200,10178525.000,2024-07-15 23:09:29.412
BTC,BUY,0.0200,10178525.000,2024-07-15 23:09:29.831
BTC,BUY,0.0200,10178525.000,2024-07-15 23:09:30.307
BTC,BUY,0.0100,10178525.000,2024-07-15 23:09:30.735
BTC,BUY,0.0200,10178525.000,2024-07-15 23:09:31.144
BTC,BUY,0.0100,10178525.000,2024-07-15 23:09:31.628
BTC,BUY,0.0100,10178525.000,2024-07-15 23:09:32.209
BTC,BUY,0.0100,10178525.000,2024-07-15 23:09:32.561
BTC,BUY,0.0200,10178525.000,2024-07-15 23:09:32.623
BTC,BUY,0.0090,10178525.000,2024-07-15 23:09:33.142
BTC,BUY,0.0200,10178525.000,2024-07-15 23:09:33.936
BTC,BUY,0.0200,10178525.000,2024-07-15 23:09:34.441
BTC,BUY,0.0200,10178525.000,2024-07-15 23:09:36.531
BTC,BUY,0.0100,10178525.000,2024-07-15 23:09:38.203
BTC,BUY,0.0100,10178525.000,2024-07-15 23:09:41.323
BTC,BUY,0.0100,10178525.000,2024-07-15 23:09:41.532
BTC,BUY,0.0013,10178525.000,2024-07-15 23:09:41.869
BTC,BUY,0.0200,10178525.000,2024-07-15 23:09:42.574
BTC,BUY,0.0100,10178525.000,2024-07-15 23:09:44.110
BTC,BUY,0.0200,10178525.000,2024-07-15 23:09:44.254
BTC,BUY,0.0100,10178525.000,2024-07-15 23:09:45.627
BTC,BUY,0.0200,10178525.000,2024-07-15 23:09:47.167
BTC,BUY,0.0072,10178525.000,2024-07-15 23:09:47.393
BTC,BUY,0.0256,10178525.000,2024-07-15 23:09:47.532
BTC,BUY,0.2384,10178525.000,2024-07-15 23:09:47.616
BTC,BUY,0.0010,10185000.000,2024-07-15 23:09:47.990
BTC,BUY,0.0002,10185000.000,2024-07-15 23:09:47.990
BTC,BUY,0.0001,10187305.000,2024-07-15 23:09:47.990
BTC,BUY,0.0110,10188498.000,2024-07-15 23:09:47.990
BTC,BUY,0.0060,10192685.000,2024-07-15 23:09:48.051
BTC,BUY,0.0030,10194733.000,2024-07-15 23:09:48.243
BTC,SELL,0.1000,10192876.000,2024-07-15 23:10:19.073
BTC,SELL,0.1000,10191531.000,2024-07-15 23:10:40.180
BTC,SELL,0.0122,10190480.000,2024-07-15 23:10:41.114
BTC,SELL,0.0262,10190455.000,2024-07-15 23:10:41.114
BTC,BUY,0.0100,10191708.000,2024-07-15 23:10:53.378
BTC,BUY,0.0001,10191606.000,2024-07-15 23:11:02.235
BTC,SELL,0.0028,10191531.000,2024-07-15 23:11:21.413
BTC,SELL,0.0172,10190455.000,2024-07-15 23:11:21.413
BTC,SELL,0.0060,10189782.000,2024-07-15 23:11:22.326
BTC,BUY,0.0100,10189783.000,2024-07-15 23:11:34.708
BTC,BUY,0.0005,10192504.000,2024-07-15 23:12:21.723
BTC,BUY,0.0100,10192606.000,2024-07-15 23:12:31.005
BTC,BUY,0.0200,10192606.000,2024-07-15 23:13:08.985
BTC,SELL,0.0028,10194274.000,2024-07-15 23:13:26.852
BTC,SELL,0.0001,10192504.000,2024-07-15 23:13:26.852
BTC,SELL,0.0071,10192480.000,2024-07-15 23:13:26.852
BTC,BUY,0.0001,10195000.000,2024-07-15 23:13:48.508
BTC,BUY,0.0002,10195462.000,2024-07-15 23:14:26.392
BTC,BUY,0.0100,10200000.000,2024-07-15 23:14:26.392
BTC,BUY,0.0010,10200000.000,2024-07-15 23:14:26.392
BTC,BUY,0.0100,10200000.000,2024-07-15 23:14:26.392
BTC,BUY,0.0002,10200000.000,2024-07-15 23:14:26.392
BTC,BUY,0.0001,10203293.000,2024-07-15 23:14:54.560
BTC,SELL,0.0010,10202500.000,2024-07-15 23:14:59.323
BTC,BUY,0.0010,10203560.000,2024-07-15 23:15:12.745
BTC,BUY,0.0001,10204735.000,2024-07-15 23:15:12.745
BTC,BUY,0.0277,10204843.000,2024-07-15 23:15:12.745
BTC,BUY,0.0012,10207408.000,2024-07-15 23:15:12.745
BTC,SELL,0.0100,10206740.000,2024-07-15 23:15:24.228
BTC,BUY,0.0010,10210000.000,2024-07-15 23:15:39.447
BTC,BUY,0.0090,10210000.000,2024-07-15 23:15:39.447
BTC,BUY,0.0010,10210000.000,2024-07-15 23:15:48.623
BTC,BUY,0.0003,10210000.000,2024-07-15 23:15:48.623
BTC,BUY,0.0087,10213036.000,2024-07-15 23:15:48.623
BTC,SELL,0.0100,10212570.000,2024-07-15 23:15:50.158
BTC,SELL,0.0003,10211520.000,2024-07-15 23:15:54.544
BTC,BUY,0.0001,10216240.000,2024-07-15 23:15:56.318
BTC,SELL,0.0100,10214690.000,2024-07-15 23:15:58.264
BTC,SELL,0.0010,10214441.000,2024-07-15 23:16:25.217
BTC,BUY,0.0124,10216240.000,2024-07-15 23:16:25.971
BTC,BUY,0.0646,10216461.000,2024-07-15 23:16:25.971
BTC,BUY,0.0959,10217174.000,2024-07-15 23:16:25.971
BTC,SELL,0.0050,10217120.000,2024-07-15 23:16:35.755
BTC,SELL,0.0010,10216810.000,2024-07-15 23:16:38.290
BTC,SELL,0.0001,10216320.000,2024-07-15 23:16:47.981
BTC,SELL,0.0019,10216280.000,2024-07-15 23:16:47.981
BTC,SELL,0.0010,10215220.000,2024-07-15 23:16:50.087
BTC,SELL,0.0010,10214640.000,2024-07-15 23:17:01.488
BTC,BUY,0.0001,10214641.000,2024-07-15 23:17:03.938
BTC,SELL,0.0010,10214240.000,2024-07-15 23:17:12.713
BTC,BUY,0.0002,10215000.000,2024-07-15 23:17:42.351
BTC,BUY,0.0010,10218329.000,2024-07-15 23:17:42.351
BTC,BUY,0.0988,10219437.000,2024-07-15 23:17:42.351
BTC,SELL,0.0010,10218400.000,2024-07-15 23:17:43.536
BTC,BUY,0.0100,10219360.000,2024-07-15 23:17:57.694
BTC,BUY,0.0100,10219777.000,2024-07-15 23:17:57.694
BTC,BUY,0.0010,10220000.000,2024-07-15 23:17:57.694
BTC,BUY,0.0003,10220000.000,2024-07-15 23:17:57.694
BTC,BUY,0.0187,10220636.000,2024-07-15 23:17:57.694
BTC,SELL,0.0010,10221719.000,2024-07-15 23:18:07.792
BTC,BUY,0.0100,10222862.000,2024-07-15 23:18:10.415
BTC,BUY,0.0600,10223015.000,2024-07-15 23:18:17.071
BTC,SELL,0.0100,10222960.000,2024-07-15 23:18:18.372
BTC,SELL,0.0010,10221580.000,2024-07-15 23:18:25.527
BTC,BUY,0.0001,10223233.000,2024-07-15 23:18:27.506
BTC,SELL,0.0010,10222862.000,2024-07-15 23:18:38.276
BTC,SELL,0.0010,10222862.000,2024-07-15 23:18:56.538
BTC,SELL,0.0030,10222862.000,2024-07-15 23:19:14.386
BTC,SELL,0.0020,10222862.000,2024-07-15 23:19:19.110
BTC,SELL,0.0003,10220000.000,2024-07-15 23:19:24.974
BTC,BUY,0.0100,10211189.000,2024-07-15 23:19:46.566
BTC,BUY,0.0001,10208313.000,2024-07-15 23:19:59.270
BTC,BUY,0.0001,10207274.000,2024-07-15 23:20:13.295
BTC,BUY,0.0019,10208860.000,2024-07-15 23:20:13.295
BTC,SELL,0.1000,10204314.000,2024-07-15 23:20:30.557
BTC,SELL,0.0005,10204240.000,2024-07-15 23:20:30.557
BTC,SELL,0.0700,10200921.000,2024-07-15 23:20:30.557
BTC,SELL,0.0238,10200910.000,2024-07-15 23:20:30.557
BTC,BUY,0.0001,10206726.000,2024-07-15 23:21:14.700
BTC,BUY,0.0050,10207168.000,2024-07-15 23:21:37.162
BTC,SELL,0.0005,10207966.000,2024-07-15 23:21:48.654
BTC,BUY,0.0030,10216494.000,2024-07-15 23:21:58.360
BTC,BUY,0.0001,10220562.000,2024-07-15 23:22:20.543
BTC,BUY,0.0049,10222862.000,2024-07-15 23:22:20.543
BTC,BUY,0.0100,10222857.000,2024-07-15 23:22:43.080
BTC,BUY,0.0100,10222857.000,2024-07-15 23:22:43.082
BTC,SELL,0.0007,10222210.000,2024-07-15 23:22:45.273
BTC,BUY,0.0031,10222862.000,2024-07-15 23:22:50.512
BTC,BUY,0.0019,10222996.000,2024-07-15 23:22:50.512
BTC,BUY,0.0001,10223026.000,2024-07-15 23:22:57.020
BTC,BUY,0.0001,10222607.000,2024-07-15 23:23:03.571
BTC,BUY,0.0006,10223036.000,2024-07-15 23:23:09.363
BTC,BUY,0.0004,10224837.000,2024-07-15 23:23:09.363
BTC,BUY,0.0010,10224840.000,2024-07-15 23:23:18.832
BTC,BUY,0.0010,10224840.000,2024-07-15 23:23:22.475
BTC,BUY,0.0010,10224840.000,2024-07-15 23:23:25.900
BTC,BUY,0.0070,10224840.000,2024-07-15 23:23:30.705
BTC,BUY,0.0030,10224999.000,2024-07-15 23:23:30.705
BTC,BUY,0.0001,10224999.000,2024-07-15 23:23:35.957
BTC,BUY,0.0001,10224999.000,2024-07-15 23:23:42.903
BTC,BUY,0.0001,10224999.000,2024-07-15 23:23:46.465
BTC,BUY,0.0001,10224999.000,2024-07-15 23:23:50.471
BTC,BUY,0.0001,10224999.000,2024-07-15 23:24:48.681
BTC,BUY,0.0001,10224999.000,2024-07-15 23:26:24.094
BTC,BUY,0.0005,10224999.000,2024-07-15 23:26:31.756
BTC,BUY,0.0100,10220785.000,2024-07-15 23:28:13.890
BTC,BUY,0.0002,10221622.000,2024-07-15 23:28:31.922
BTC,BUY,0.0001,10206001.000,2024-07-15 23:30:12.624
BTC,BUY,0.0009,10206001.000,2024-07-15 23:31:05.583
BTC,BUY,0.0191,10210970.000,2024-07-15 23:31:05.583
BTC,BUY,0.0030,10216016.000,2024-07-15 23:32:32.268
BTC,BUY,0.1000,10217782.000,2024-07-15 23:32:48.136
BTC,BUY,0.0435,10220252.000,2024-07-15 23:32:48.136
BTC,BUY,0.0001,10221479.000,2024-07-15 23:32:48.136
BTC,BUY,0.0874,10222995.000,2024-07-15 23:32:48.136
BTC,BUY,0.0040,10224147.000,2024-07-15 23:32:48.136
BTC,BUY,0.0650,10224165.000,2024-07-15 23:32:48.136
BTC,BUY,0.0100,10224999.000,2024-07-15 23:33:28.403
BTC,BUY,0.0001,10224999.000,2024-07-15 23:33:41.428
BTC,BUY,0.0100,10224999.000,2024-07-15 23:34:14.157
BTC,BUY,0.0710,10224999.000,2024-07-15 23:34:18.357
BTC,BUY,0.0048,10224999.000,2024-07-15 23:34:18.529
BTC,BUY,0.0150,10224999.000,2024-07-15 23:34:18.529
BTC,BUY,0.0017,10224999.000,2024-07-15 23:34:18.529
BTC,BUY,0.0017,10224999.000,2024-07-15 23:34:18.529
BTC,BUY,0.0002,10225000.000,2024-07-15 23:34:18.529
BTC,SELL,0.0010,10226946.000,2024-07-15 23:34:51.461
BTC,SELL,0.0010,10226946.000,2024-07-15 23:34:58.696
BTC,BUY,0.0001,10226947.000,2024-07-15 23:35:04.440
BTC,SELL,0.0010,10227016.000,2024-07-15 23:35:05.275
BTC,SELL,0.0008,10227016.000,2024-07-15 23:35:11.487
BTC,SELL,0.0002,10226790.000,2024-07-15 23:35:11.487
BTC,SELL,0.0010,10226790.000,2024-07-15 23:35:18.062
BTC,SELL,0.0010,10228137.000,2024-07-15 23:35:24.256
BTC,SELL,0.0001,10228330.000,2024-07-15 23:35:29.728
BTC,SELL,0.0010,10227110.000,2024-07-15 23:35:46.608
BTC,SELL,0.0010,10225844.000,2024-07-15 23:35:52.835
BTC,SELL,0.0010,10225367.000,2024-07-15 23:35:59.051
BTC,SELL,0.0010,10225174.000,2024-07-15 23:36:05.604
BTC,BUY,0.0001,10224220.000,2024-07-15 23:36:25.925
BTC,BUY,0.0005,10219821.000,2024-07-15 23:36:43.832
BTC,SELL,0.0010,10216736.000,2024-07-15 23:36:50.038
BTC,BUY,0.0001,10218008.000,2024-07-15 23:37:05.683
BTC,BUY,0.0100,10222770.000,2024-07-15 23:37:16.411
BTC,SELL,0.0020,10220720.000,2024-07-15 23:37:17.146
BTC,SELL,0.0100,10219180.000,2024-07-15 23:37:47.719
BTC,SELL,0.0010,10219180.000,2024-07-15 23:37:48.081
BTC,SELL,0.0010,10220191.000,2024-07-15 23:37:56.757
BTC,SELL,0.0001,10218318.000,2024-07-15 23:38:04.277
BTC,BUY,0.0500,10229171.000,2024-07-15 23:38:56.078
BTC,BUY,0.0010,10230000.000,2024-07-15 23:38:59.370
BTC,BUY,0.0090,10230000.000,2024-07-15 23:39:21.649
BTC,BUY,0.0010,10230000.000,2024-07-15 23:39:21.649
BTC,BUY,0.0010,10230000.000,2024-07-15 23:39:21.649
BTC,BUY,0.0290,10230000.000,2024-07-15 23:39:21.649
BTC,SELL,0.0003,10229680.000,2024-07-15 23:39:47.771
BTC,BUY,0.0010,10230000.000,2024-07-15 23:39:52.356
BTC,BUY,0.0001,10230000.000,2024-07-15 23:39:52.356
BTC,BUY,0.0003,10230000.000,2024-07-15 23:39:52.356
BTC,BUY,0.0100,10230000.000,2024-07-15 23:39:52.356
BTC,BUY,0.0002,10230000.000,2024-07-15 23:39:52.356
BTC,SELL,0.0102,10230320.000,2024-07-15 23:39:59.739
BTC,SELL,0.0001,10230280.000,2024-07-15 23:39:59.739
BTC,SELL,0.0070,10230081.000,2024-07-15 23:39:59.739
BTC,SELL,0.0827,10230081.000,2024-07-15 23:39:59.739
BTC,BUY,0.0010,10230772.000,2024-07-15 23:40:07.872
BTC,BUY,0.0055,10234694.000,2024-07-15 23:40:07.872
BTC,BUY,0.0100,10234830.000,2024-07-15 23:40:07.872
BTC,BUY,0.0002,10235000.000,2024-07-15 23:40:07.872
BTC,SELL,0.0010,10235000.000,2024-07-15 23:40:10.393
BTC,SELL,0.0100,10235000.000,2024-07-15 23:40:11.096
BTC,BUY,0.0002,10235300.000,2024-07-15 23:40:11.331
BTC,BUY,0.0018,10235300.000,2024-07-15 23:40:11.331
BTC,SELL,0.0100,10235000.000,2024-07-15 23:40:11.481
BTC,BUY,0.0020,10235300.000,2024-07-15 23:40:12.014
BTC,SELL,0.0100,10235000.000,2024-07-15 23:40:12.166
BTC,BUY,0.0001,10235840.000,2024-07-15 23:40:20.770
BTC,SELL,0.0019,10235783.000,2024-07-15 23:40:22.295
BTC,SELL,0.0200,10235000.000,2024-07-15 23:41:14.678
BTC,SELL,0.0200,10235000.000,2024-07-15 23:41:15.135
BTC,SELL,0.0010,10230000.000,2024-07-15 23:41:17.223
BTC,SELL,0.0003,10230000.000,2024-07-15 23:41:17.223
BTC,SELL,0.0187,10228100.000,2024-07-15 23:41:17.223
BTC,SELL,0.0100,10225026.000,2024-07-15 23:41:33.397
BTC,SELL,0.0010,10225026.000,2024-07-15 23:41:33.453
BTC,BUY,0.0005,10225028.000,2024-07-15 23:41:34.271
BTC,SELL,0.0890,10225026.000,2024-07-15 23:41:35.438
BTC,SELL,0.0110,10224690.000,2024-07-15 23:41:35.438
BTC,BUY,0.0001,10224694.000,2024-07-15 23:41:40.349
BTC,BUY,0.0004,10231785.000,2024-07-15 23:41:56.993
BTC,SELL,0.0100,10231281.000,2024-07-15 23:42:06.720
BTC,SELL,0.0100,10232680.000,2024-07-15 23:42:43.713
BTC,BUY,0.0001,10235890.000,2024-07-15 23:42:49.839
BTC,BUY,0.0030,10235890.000,2024-07-15 23:42:54.805
BTC,BUY,0.0060,10235890.000,2024-07-15 23:42:55.712
BTC,BUY,0.0009,10235890.000,2024-07-15 23:42:55.714
BTC,BUY,0.0001,10237268.000,2024-07-15 23:42:55.714
BTC,BUY,0.0054,10238952.000,2024-07-15 23:42:55.714
BTC,BUY,0.0048,10239900.000,2024-07-15 23:42:55.714
BTC,BUY,0.0030,10239900.000,2024-07-15 23:42:55.885
BTC,BUY,0.0022,10239900.000,2024-07-15 23:42:56.710
BTC,BUY,0.0010,10240000.000,2024-07-15 23:42:56.710
BTC,BUY,0.0068,10240000.000,2024-07-15 23:42:56.710
BTC,BUY,0.0032,10240000.000,2024-07-15 23:42:56.715
BTC,BUY,0.0020,10240000.000,2024-07-15 23:42:56.715
BTC,BUY,0.0001,10240000.000,2024-07-15 23:42:56.715
BTC,BUY,0.0001,10240000.000,2024-07-15 23:42:56.715
BTC,BUY,0.0001,10240000.000,2024-07-15 23:42:56.715
BTC,BUY,0.0003,10240000.000,2024-07-15 23:42:56.715
BTC,BUY,0.0142,10241183.000,2024-07-15 23:42:56.715
BTC,SELL,0.0010,10240130.000,2024-07-15 23:42:57.489
BTC,BUY,0.0010,10242228.000,2024-07-15 23:42:58.397
BTC,SELL,0.0040,10240774.000,2024-07-15 23:42:58.554
BTC,BUY,0.0001,10242276.000,2024-07-15 23:43:00.563
BTC,BUY,0.0034,10244870.000,2024-07-15 23:43:00.563
BTC,BUY,0.0002,10245000.000,2024-07-15 23:43:00.563
BTC,BUY,0.0003,10246699.000,2024-07-15 23:43:00.563
BTC,SELL,0.0010,10245430.000,2024-07-15 23:43:01.273
BTC,BUY,0.0010,10246699.000,2024-07-15 23:43:01.502
BTC,SELL,0.0020,10244012.000,2024-07-15 23:43:01.678
BTC,SELL,0.0004,10244012.000,2024-07-15 23:43:02.788
BTC,BUY,0.0010,10246699.000,2024-07-15 23:43:05.260
BTC,BUY,0.0004,10246699.000,2024-07-15 23:43:06.810
BTC,SELL,0.0100,10244905.000,2024-07-15 23:43:10.277
BTC,BUY,0.0100,10245691.000,2024-07-15 23:43:10.411
BTC,SELL,0.0100,10240005.000,2024-07-15 23:43:16.080
BTC,SELL,0.1000,10240655.000,2024-07-15 23:43:23.476
BTC,SELL,0.0113,10240946.000,2024-07-15 23:43:26.515
BTC,SELL,0.0060,10240946.000,2024-07-15 23:43:26.607
BTC,BUY,0.0001,10240001.000,2024-07-15 23:43:37.738
BTC,BUY,0.0200,10240002.000,2024-07-15 23:43:49.432
BTC,BUY,0.0742,10240002.000,2024-07-15 23:43:49.432
BTC,SELL,0.0003,10240000.000,2024-07-15 23:43:55.408
BTC,SELL,0.0500,10232782.000,2024-07-15 23:43:55.537
BTC,BUY,0.0001,10233270.000,2024-07-15 23:44:10.638
BTC,BUY,0.0001,10235771.000,2024-07-15 23:44:32.608
BTC,SELL,0.0001,10237228.000,2024-07-15 23:44:44.477
BTC,BUY,0.0003,10237874.000,2024-07-15 23:45:06.099
BTC,BUY,0.0017,10238715.000,2024-07-15 23:45:06.099
BTC,SELL,0.0001,10236147.000,2024-07-15 23:45:50.823
BTC,SELL,0.0005,10234493.000,2024-07-15 23:46:17.495
BTC,BUY,0.0005,10234713.000,2024-07-15 23:46:19.293
BTC,BUY,0.0042,10238715.000,2024-07-15 23:47:29.081
BTC,BUY,0.0050,10242250.000,2024-07-15 23:47:46.172
BTC,BUY,0.0032,10244785.000,2024-07-15 23:47:46.172
BTC,BUY,0.0028,10244785.000,2024-07-15 23:47:57.675
BTC,BUY,0.0042,10244785.000,2024-07-15 23:47:57.675
BTC,BUY,0.0001,10244785.000,2024-07-15 23:48:25.058
BTC,BUY,0.0057,10244785.000,2024-07-15 23:48:43.187
BTC,BUY,0.0043,10246699.000,2024-07-15 23:48:43.187
BTC,BUY,1.0000,10246699.000,2024-07-15 23:48:44.562
BTC,BUY,0.0050,10246699.000,2024-07-15 23:48:44.593
BTC,SELL,0.0100,10246698.000,2024-07-15 23:48:58.438
BTC,BUY,0.0001,10246699.000,2024-07-15 23:48:58.507
BTC,BUY,0.0001,10246083.000,2024-07-15 23:50:28.220
BTC,SELL,0.0050,10246081.000,2024-07-15 23:50:29.944
BTC,BUY,0.0085,10246284.000,2024-07-15 23:50:44.300
BTC,BUY,0.0115,10246699.000,2024-07-15 23:50:44.300
BTC,BUY,0.0200,10246699.000,2024-07-15 23:50:44.714
BTC,BUY,0.0200,10246699.000,2024-07-15 23:50:45.795
BTC,BUY,0.0200,10246699.000,2024-07-15 23:50:45.979
BTC,BUY,0.0200,10246699.000,2024-07-15 23:50:50.130
BTC,BUY,0.0001,10246699.000,2024-07-15 23:51:30.539
BTC,BUY,0.0100,10246699.000,2024-07-15 23:51:33.039
BTC,BUY,0.0200,10246699.000,2024-07-15 23:51:43.742
BTC,BUY,0.0100,10246699.000,2024-07-15 23:51:45.780
BTC,BUY,0.0200,10246699.000,2024-07-15 23:51:45.893
BTC,BUY,0.0200,10246699.000,2024-07-15 23:51:48.001
BTC,SELL,0.0400,10246698.000,2024-07-15 23:51:49.977
BTC,BUY,0.0002,10246699.000,2024-07-15 23:51:56.788
BTC,BUY,0.0010,10246699.000,2024-07-15 23:52:19.650
BTC,BUY,0.0001,10246699.000,2024-07-15 23:52:30.551
BTC,BUY,0.0160,10246699.000,2024-07-15 23:53:00.908
BTC,BUY,0.0006,10246699.000,2024-07-15 23:53:27.802
BTC,BUY,0.0084,10246699.000,2024-07-15 23:53:34.505
BTC,BUY,0.0500,10246699.000,2024-07-15 23:53:34.505
BTC,SELL,0.0010,10246950.000,2024-07-15 23:53:35.628
BTC,SELL,0.0001,10246904.000,2024-07-15 23:53:37.045
BTC,BUY,0.0001,10248836.000,2024-07-15 23:53:37.512
BTC,BUY,0.0019,10249999.000,2024-07-15 23:53:37.512
BTC,BUY,0.0005,10249834.000,2024-07-15 23:54:07.745
BTC,BUY,0.0193,10249999.000,2024-07-15 23:54:35.572
BTC,BUY,0.0020,10249999.000,2024-07-15 23:54:56.924
BTC,SELL,0.0020,10247301.000,2024-07-15 23:55:04.419
BTC,BUY,0.0300,10249674.000,2024-07-15 23:55:18.975
BTC,BUY,0.0001,10249999.000,2024-07-15 23:55:21.623
BTC,BUY,0.0767,10249999.000,2024-07-15 23:55:51.627
BTC,BUY,0.0100,10249999.000,2024-07-15 23:55:51.627
BTC,BUY,0.0010,10250000.000,2024-07-15 23:56:01.132
BTC,BUY,0.0007,10250000.000,2024-07-15 23:56:01.132
BTC,BUY,0.0100,10250000.000,2024-07-15 23:56:01.132
BTC,BUY,0.0005,10250000.000,2024-07-15 23:56:01.132
BTC,BUY,0.0010,10250000.000,2024-07-15 23:56:01.132
BTC,BUY,0.0010,10250000.000,2024-07-15 23:56:01.132
BTC,BUY,0.0003,10250000.000,2024-07-15 23:56:01.132
BTC,BUY,0.0100,10250000.000,2024-07-15 23:56:01.132
BTC,BUY,0.0001,10250000.000,2024-07-15 23:56:01.132
BTC,BUY,0.0100,10250000.000,2024-07-15 23:56:01.132
BTC,BUY,0.0500,10250000.000,2024-07-15 23:56:01.132
BTC,BUY,0.0010,10250000.000,2024-07-15 23:56:01.132
BTC,BUY,0.0072,10250000.000,2024-07-15 23:56:01.132
BTC,BUY,0.0100,10250000.000,2024-07-15 23:56:09.935
BTC,BUY,0.0200,10250000.000,2024-07-15 23:56:10.848
BTC,BUY,0.0200,10250000.000,2024-07-15 23:56:11.340
BTC,BUY,0.0200,10250000.000,2024-07-15 23:56:13.099
BTC,BUY,0.0200,10250000.000,2024-07-15 23:56:13.517
BTC,BUY,0.0028,10250000.000,2024-07-15 23:56:16.651
BTC,BUY,0.0030,10250000.000,2024-07-15 23:56:16.651
BTC,BUY,0.0003,10250000.000,2024-07-15 23:56:16.651
BTC,BUY,0.0050,10250000.000,2024-07-15 23:56:16.651
BTC,BUY,0.0005,10250000.000,2024-07-15 23:56:16.651
BTC,BUY,0.0100,10250000.000,2024-07-15 23:56:16.651
BTC,BUY,0.0034,10250000.000,2024-07-15 23:56:16.651
BTC,BUY,0.0050,10250000.000,2024-07-15 23:56:25.546
BTC,BUY,0.0016,10250000.000,2024-07-15 23:56:25.894
BTC,BUY,0.0005,10250000.000,2024-07-15 23:56:25.894
BTC,BUY,0.0039,10250000.000,2024-07-15 23:56:25.894
BTC,BUY,0.0011,10250000.000,2024-07-15 23:56:26.108
BTC,BUY,0.0010,10250000.000,2024-07-15 23:56:26.108
BTC,BUY,0.0014,10251000.000,2024-07-15 23:56:26.108
BTC,SELL,0.0100,10250000.000,2024-07-15 23:56:26.950
BTC,BUY,0.0200,10253000.000,2024-07-15 23:56:39.573
BTC,BUY,0.0030,10253000.000,2024-07-15 23:57:06.449
BTC,BUY,0.0020,10253000.000,2024-07-15 23:57:09.240
BTC,BUY,0.0009,10253683.000,2024-07-15 23:57:09.240
BTC,BUY,0.0001,10253683.000,2024-07-15 23:57:09.240
BTC,BUY,0.0005,10255000.000,2024-07-15 23:57:09.240
BTC,BUY,0.0095,10255000.000,2024-07-15 23:57:22.175
BTC,BUY,0.0100,10258000.000,2024-07-15 23:57:22.175
BTC,BUY,0.0002,10258995.000,2024-07-15 23:57:22.175
BTC,BUY,0.0100,10259966.000,2024-07-15 23:57:22.175
BTC,BUY,0.0010,10260000.000,2024-07-15 23:57:22.175
BTC,BUY,0.0100,10260000.000,2024-07-15 23:57:22.175
BTC,BUY,0.0001,10260000.000,2024-07-15 23:57:22.175
BTC,BUY,0.0001,10260000.000,2024-07-15 23:57:22.175
BTC,BUY,0.0050,10260000.000,2024-07-15 23:57:22.175
BTC,BUY,0.0003,10260000.000,2024-07-15 23:57:22.175
BTC,BUY,0.0002,10260000.000,2024-07-15 23:57:22.175
BTC,BUY,0.0200,10260000.000,2024-07-15 23:57:22.175
BTC,BUY,0.0002,10260001.000,2024-07-15 23:57:22.175
BTC,BUY,0.0334,10260625.000,2024-07-15 23:57:22.175
BTC,BUY,0.0002,10260625.000,2024-07-15 23:57:22.284
BTC,SELL,0.0020,10258700.000,2024-07-15 23:57:24.050
BTC,BUY,0.0010,10262140.000,2024-07-15 23:57:25.609
BTC,BUY,0.0009,10262141.000,2024-07-15 23:57:25.952
BTC,BUY,0.0001,10260374.000,2024-07-15 23:57:40.271
BTC,BUY,0.0001,10260001.000,2024-07-15 23:58:08.983
BTC,SELL,0.0003,10260000.000,2024-07-15 23:58:09.313
BTC,SELL,0.0097,10260000.000,2024-07-15 23:58:09.313
BTC,SELL,0.0100,10260000.000,2024-07-15 23:58:21.006
BTC,SELL,0.0003,10260000.000,2024-07-15 23:58:30.817
BTC,SELL,0.0100,10260000.000,2024-07-15 23:58:31.061
BTC,SELL,0.0004,10257100.000,2024-07-15 23:58:53.323
BTC,SELL,0.0003,10250000.000,2024-07-15 23:59:27.227
BTC,SELL,0.0175,10250000.000,2024-07-15 23:59:27.227
BTC,SELL,0.0010,10250000.000,2024-07-15 23:59:27.285
BTC,SELL,0.0010,10250000.000,2024-07-15 23:59:27.386
BTC,SELL,0.0100,10250000.000,2024-07-15 23:59:33.793
BTC,SELL,0.0050,10250000.000,2024-07-15 23:59:34.094
BTC,SELL,0.0050,10250000.000,2024-07-15 23:59:35.140
BTC,SELL,0.0200,10250000.000,2024-07-15 23:59:36.863
BTC,SELL,0.0200,10250000.000,2024-07-15 23:59:37.270
BTC,SELL,0.0055,10250000.000,2024-07-15 23:59:37.488
BTC,SELL,0.0150,10250000.000,2024-07-15 23:59:39.471
BTC,SELL,0.0250,10250000.000,2024-07-15 23:59:39.471
BTC,BUY,0.0001,10250001.000,2024-07-15 23:59:40.269
BTC,SELL,0.0012,10250000.000,2024-07-15 23:59:40.505
BTC,SELL,0.0200,10250000.000,2024-07-15 23:59:41.372
BTC,SELL,0.0200,10250000.000,2024-07-15 23:59:42.972
BTC,SELL,0.0200,10250000.000,2024-07-15 23:59:53.690
BTC,SELL,0.0100,10250000.000,2024-07-15 23:59:55.322
BTC,SELL,0.0016,10250000.000,2024-07-15 23:59:55.828
BTC,SELL,0.0084,10242413.000,2024-07-15 23:59:55.828
BTC,SELL,0.0010,10242413.000,2024-07-15 23:59:55.918
BTC,BUY,0.0124,10242986.000,2024-07-16 00:00:15.346
BTC,BUY,0.0500,10249026.000,2024-07-16 00:00:42.036
BTC,BUY,0.0005,10248165.000,2024-07-16 00:00:46.694
BTC,SELL,0.0107,10247926.000,2024-07-16 00:00:50.476
BTC,SELL,0.0035,10242961.000,2024-07-16 00:00:55.977
BTC,SELL,0.0001,10242957.000,2024-07-16 00:01:03.653
BTC,BUY,0.0001,10242962.000,2024-07-16 00:01:12.536
BTC,BUY,0.0001,10242962.000,2024-07-16 00:01:23.475
BTC,BUY,0.1000,10243785.000,2024-07-16 00:01:31.939
BTC,SELL,0.0010,10242957.000,2024-07-16 00:01:40.724
BTC,BUY,0.0097,10242958.000,2024-07-16 00:01:48.566
BTC,BUY,0.0054,10242958.000,2024-07-16 00:01:48.566
BTC,BUY,0.0024,10243157.000,2024-07-16 00:01:48.566
BTC,BUY,0.0025,10245578.000,2024-07-16 00:01:48.566
BTC,BUY,0.0500,10252465.000,2024-07-16 00:03:26.854
BTC,BUY,0.0006,10253504.000,2024-07-16 00:03:28.719
BTC,SELL,0.0012,10254353.000,2024-07-16 00:03:36.015
BTC,BUY,0.0001,10252743.000,2024-07-16 00:03:44.067
BTC,BUY,0.0001,10255000.000,2024-07-16 00:04:06.296
BTC,BUY,0.0005,10254422.000,2024-07-16 00:04:37.551
BTC,BUY,0.0001,10257138.000,2024-07-16 00:05:07.909
BTC,BUY,0.0002,10257872.000,2024-07-16 00:05:07.909
BTC,BUY,0.0197,10260000.000,2024-07-16 00:05:07.909
BTC,BUY,0.0003,10260000.000,2024-07-16 00:05:08.002
BTC,BUY,0.0002,10260000.000,2024-07-16 00:05:08.002
BTC,BUY,0.0005,10264125.000,2024-07-16 00:05:08.002
BTC,SELL,0.0001,10263509.000,2024-07-16 00:05:13.508
BTC,BUY,0.0001,10263946.000,2024-07-16 00:05:15.907
BTC,BUY,0.0003,10264128.000,2024-07-16 00:05:23.542
BTC,BUY,0.0100,10264238.000,2024-07-16 00:05:23.542
BTC,BUY,0.1000,10264520.000,2024-07-16 00:05:23.542
BTC,BUY,0.0010,10265139.000,2024-07-16 00:05:23.542
BTC,BUY,0.0430,10269479.000,2024-07-16 00:05:23.542
BTC,BUY,0.0001,10269481.000,2024-07-16 00:05:23.542
BTC,BUY,0.0010,10270000.000,2024-07-16 00:05:23.542
BTC,BUY,0.0100,10270000.000,2024-07-16 00:05:23.542
BTC,BUY,0.0002,10270000.000,2024-07-16 00:05:23.542
BTC,BUY,0.0001,10270000.000,2024-07-16 00:05:23.542
BTC,BUY,0.0050,10270000.000,2024-07-16 00:05:23.542
BTC,BUY,0.0050,10270000.000,2024-07-16 00:05:23.542
BTC,BUY,0.0003,10270000.000,2024-07-16 00:05:23.542
BTC,BUY,0.0855,10271835.000,2024-07-16 00:05:23.542
BTC,BUY,0.0868,10271890.000,2024-07-16 00:05:23.542
BTC,BUY,0.0090,10271929.000,2024-07-16 00:05:23.542
BTC,BUY,0.1927,10271930.000,2024-07-16 00:05:23.542
BTC,SELL,0.0010,10262868.000,2024-07-16 00:05:24.416
BTC,SELL,0.0040,10264454.000,2024-07-16 00:05:24.551
BTC,BUY,0.0010,10264455.000,2024-07-16 00:05:26.387
BTC,BUY,0.0040,10264455.000,2024-07-16 00:05:26.528
BTC,BUY,0.0050,10268666.000,2024-07-16 00:05:55.128
BTC,SELL,0.0004,10266680.000,2024-07-16 00:06:12.795
BTC,BUY,0.0002,10270000.000,2024-07-16 00:06:13.179
BTC,BUY,0.0018,10271920.000,2024-07-16 00:06:13.179
BTC,BUY,0.0004,10270194.000,2024-07-16 00:06:14.819
BTC,SELL,0.0010,10266682.000,2024-07-16 00:06:15.441
BTC,BUY,0.0020,10266703.000,2024-07-16 00:06:16.026
BTC,SELL,0.0060,10266470.000,2024-07-16 00:06:27.022
BTC,SELL,0.0100,10266470.000,2024-07-16 00:06:27.058
BTC,SELL,0.0030,10266470.000,2024-07-16 00:06:27.500
BTC,BUY,0.0002,10265705.000,2024-07-16 00:06:33.402
BTC,SELL,0.0001,10262000.000,2024-07-16 00:06:42.634
BTC,BUY,0.0020,10261917.000,2024-07-16 00:06:44.611
BTC,BUY,0.0010,10262000.000,2024-07-16 00:06:44.611
BTC,BUY,0.0025,10262001.000,2024-07-16 00:06:44.611
BTC,BUY,0.0225,10262001.000,2024-07-16 00:06:44.611
BTC,BUY,0.0001,10262000.000,2024-07-16 00:06:45.889
BTC,SELL,0.0015,10259525.000,2024-07-16 00:06:47.461
BTC,SELL,0.0010,10259525.000,2024-07-16 00:06:47.523
BTC,BUY,0.0019,10259680.000,2024-07-16 00:06:56.638
BTC,BUY,0.0500,10260270.000,2024-07-16 00:07:41.101
BTC,BUY,0.0100,10270000.000,2024-07-16 00:08:58.271
BTC,SELL,0.0010,10270000.000,2024-07-16 00:08:59.305
BTC,BUY,0.0002,10271991.000,2024-07-16 00:08:59.455
BTC,BUY,0.0008,10275045.000,2024-07-16 00:08:59.455
BTC,SELL,0.0020,10275044.000,2024-07-16 00:09:01.513
BTC,BUY,0.0004,10275125.000,2024-07-16 00:09:03.288
BTC,BUY,0.0006,10275225.000,2024-07-16 00:09:03.288
BTC,SELL,0.0001,10275437.000,2024-07-16 00:09:04.903
BTC,SELL,0.0100,10275124.000,2024-07-16 00:09:10.881
BTC,SELL,0.0003,10272460.000,2024-07-16 00:09:20.017
BTC,BUY,0.0010,10276595.000,2024-07-16 00:09:20.991
BTC,BUY,0.0090,10277700.000,2024-07-16 00:09:20.991
BTC,BUY,0.0050,10273955.000,2024-07-16 00:09:32.091
BTC,BUY,0.0055,10273955.000,2024-07-16 00:09:33.826
BTC,BUY,0.0010,10277700.000,2024-07-16 00:09:48.499
BTC,BUY,0.0010,10277777.000,2024-07-16 00:09:48.499
BTC,SELL,0.0100,10272000.000,2024-07-16 00:10:47.172
BTC,SELL,0.0014,10272000.000,2024-07-16 00:10:47.217
BTC,SELL,0.0200,10272000.000,2024-07-16 00:10:47.283
BTC,SELL,0.0004,10272000.000,2024-07-16 00:10:48.930
BTC,SELL,0.0200,10272000.000,2024-07-16 00:10:49.350
BTC,SELL,0.0017,10272000.000,2024-07-16 00:10:49.489
BTC,SELL,0.0200,10272000.000,2024-07-16 00:10:49.492
BTC,SELL,0.0200,10272000.000,2024-07-16 00:10:51.469
BTC,SELL,0.0200,10272000.000,2024-07-16 00:10:51.694
BTC,SELL,0.0200,10272000.000,2024-07-16 00:10:53.812
BTC,SELL,0.0010,10272000.000,2024-07-16 00:10:54.645
BTC,SELL,0.0020,10272000.000,2024-07-16 00:10:54.969
BTC,SELL,0.0002,10272000.000,2024-07-16 00:11:00.190
BTC,SELL,0.0053,10272000.000,2024-07-16 00:11:00.471
BTC,SELL,0.0005,10263918.000,2024-07-16 00:11:02.539
BTC,SELL,0.0010,10263918.000,2024-07-16 00:11:02.612
BTC,BUY,0.0005,10259655.000,2024-07-16 00:11:22.605
BTC,SELL,0.0012,10254430.000,2024-07-16 00:11:23.996
BTC,BUY,0.0002,10254970.000,2024-07-16 00:11:32.557
BTC,SELL,0.0072,10253087.000,2024-07-16 00:11:38.488
BTC,SELL,0.0060,10251100.000,2024-07-16 00:11:43.968
BTC,BUY,0.0003,10254850.000,2024-07-16 00:11:48.034
BTC,BUY,0.0010,10255500.000,2024-07-16 00:12:03.964
BTC,SELL,0.0005,10255500.000,2024-07-16 00:12:19.346
BTC,SELL,0.0010,10255500.000,2024-07-16 00:12:20.809
BTC,SELL,0.0011,10255500.000,2024-07-16 00:12:24.479
BTC,SELL,0.0005,10255500.000,2024-07-16 00:12:32.637
BTC,SELL,0.0069,10255500.000,2024-07-16 00:12:33.963
BTC,SELL,0.0002,10255000.000,2024-07-16 00:12:34.426
BTC,SELL,0.0020,10251100.000,2024-07-16 00:12:59.994
BTC,SELL,0.0003,10251100.000,2024-07-16 00:13:01.211
BTC,SELL,0.0003,10251100.000,2024-07-16 00:13:02.211
BTC,SELL,0.0014,10251100.000,2024-07-16 00:13:02.854
BTC,SELL,0.0086,10250800.000,2024-07-16 00:13:02.854
BTC,SELL,0.0039,10250800.000,2024-07-16 00:13:03.584
BTC,SELL,0.0161,10250001.000,2024-07-16 00:13:03.584
BTC,SELL,0.0100,10250001.000,2024-07-16 00:13:04.439
BTC,SELL,0.2139,10250001.000,2024-07-16 00:13:04.549
BTC,SELL,0.0100,10248000.000,2024-07-16 00:14:37.166
BTC,SELL,0.0003,10248000.000,2024-07-16 00:15:11.483
BTC,SELL,0.0006,10240000.000,2024-07-16 00:15:39.470
BTC,SELL,0.0004,10240000.000,2024-07-16 00:15:44.963
BTC,BUY,0.0002,10240640.000,2024-07-16 00:16:09.575
BTC,SELL,0.0103,10237469.000,2024-07-16 00:16:17.986
BTC,SELL,0.0002,10237954.000,2024-07-16 00:16:33.125
BTC,SELL,0.0100,10235950.000,2024-07-16 00:16:51.417
BTC,SELL,0.0200,10235950.000,2024-07-16 00:17:06.913
BTC,SELL,0.0400,10235950.000,2024-07-16 00:17:07.333
BTC,SELL,0.0100,10235950.000,2024-07-16 00:17:49.315
BTC,SELL,0.0054,10234778.000,2024-07-16 00:17:50.824
BTC,SELL,0.0001,10234678.000,2024-07-16 00:17:52.081
BTC,SELL,0.0025,10230000.000,2024-07-16 00:17:52.081
BTC,SELL,0.0010,10230000.000,2024-07-16 00:17:52.081
BTC,SELL,0.0003,10230000.000,2024-07-16 00:17:52.081
BTC,SELL,0.0359,10227202.000,2024-07-16 00:17:54.127
BTC,SELL,0.0097,10227202.000,2024-07-16 00:17:55.478
BTC,SELL,0.0310,10224551.000,2024-07-16 00:17:57.033
BTC,SELL,0.0700,10224547.000,2024-07-16 00:17:57.033
BTC,SELL,0.0925,10224546.000,2024-07-16 00:17:57.033
BTC,SELL,0.0010,10228964.000,2024-07-16 00:18:10.902
BTC,SELL,0.0040,10228819.000,2024-07-16 00:18:10.902
BTC,SELL,0.0002,10229999.000,2024-07-16 00:18:34.951
BTC,BUY,0.0001,10229999.000,2024-07-16 00:18:49.399
BTC,SELL,0.0002,10229998.000,2024-07-16 00:18:53.457
BTC,BUY,0.0002,10229999.000,2024-07-16 00:18:58.417
BTC,SELL,0.0054,10228964.000,2024-07-16 00:19:13.256
BTC,BUY,0.0041,10228964.000,2024-07-16 00:19:20.459
BTC,BUY,0.0259,10229000.000,2024-07-16 00:19:20.459
BTC,BUY,0.0014,10229000.000,2024-07-16 00:19:20.817
BTC,BUY,0.1925,10229530.000,2024-07-16 00:19:20.817
BTC,BUY,0.0001,10230000.000,2024-07-16 00:19:37.604
BTC,BUY,0.0010,10230000.000,2024-07-16 00:20:06.694
BTC,BUY,0.0100,10231425.000,2024-07-16 00:20:06.694
BTC,BUY,0.0050,10232582.000,2024-07-16 00:20:07.215
BTC,BUY,0.0050,10232582.000,2024-07-16 00:20:07.696
BTC,BUY,0.0450,10232582.000,2024-07-16 00:20:09.380
BTC,BUY,0.0050,10232582.000,2024-07-16 00:20:09.713
BTC,BUY,0.0060,10232582.000,2024-07-16 00:20:09.934
BTC,BUY,0.0050,10236236.000,2024-07-16 00:20:10.275
BTC,BUY,0.0030,10236236.000,2024-07-16 00:20:11.045
BTC,BUY,0.0040,10243309.000,2024-07-16 00:20:21.313
BTC,BUY,0.0085,10246480.000,2024-07-16 00:20:27.328
BTC,BUY,0.1915,10248080.000,2024-07-16 00:20:27.328
BTC,BUY,0.0002,10250000.000,2024-07-16 00:20:39.680
BTC,BUY,0.0198,10252231.000,2024-07-16 00:20:39.680
BTC,SELL,0.0003,10251295.000,2024-07-16 00:20:48.505
BTC,BUY,0.0465,10251547.000,2024-07-16 00:20:54.211
BTC,BUY,0.0300,10253380.000,2024-07-16 00:21:25.468
BTC,SELL,0.0037,10252231.000,2024-07-16 00:21:25.472
BTC,BUY,0.0020,10253250.000,2024-07-16 00:21:39.714
BTC,SELL,0.0100,10252231.000,2024-07-16 00:21:46.823
BTC,SELL,0.0050,10252231.000,2024-07-16 00:22:03.743
BTC,SELL,0.0050,10252231.000,2024-07-16 00:22:04.194
BTC,SELL,0.0050,10252231.000,2024-07-16 00:22:04.738
BTC,SELL,0.0063,10252231.000,2024-07-16 00:22:05.184
BTC,SELL,0.0037,10252231.000,2024-07-16 00:22:05.184
BTC,SELL,0.0481,10252231.000,2024-07-16 00:22:05.381
BTC,SELL,0.0100,10252231.000,2024-07-16 00:22:06.085
BTC,SELL,0.0050,10252231.000,2024-07-16 00:22:06.150
BTC,SELL,0.0100,10252231.000,2024-07-16 00:22:06.319
BTC,SELL,0.0010,10252231.000,2024-07-16 00:22:06.515
BTC,SELL,0.0200,10252231.000,2024-07-16 00:22:06.782
BTC,SELL,0.0022,10252231.000,2024-07-16 00:22:06.980
BTC,SELL,0.0038,10242397.000,2024-07-16 00:22:06.980
BTC,SELL,0.0030,10242397.000,2024-07-16 00:22:07.671
BTC,SELL,0.0010,10241074.000,2024-07-16 00:22:08.492
BTC,SELL,0.0056,10240632.000,2024-07-16 00:22:08.492
BTC,SELL,0.0100,10231704.000,2024-07-16 00:22:19.300
BTC,SELL,0.0002,10232709.000,2024-07-16 00:22:47.608
BTC,SELL,0.0008,10229680.000,2024-07-16 00:22:47.608
BTC,BUY,0.0010,10232180.000,2024-07-16 00:22:48.936
BTC,BUY,0.0200,10234830.000,2024-07-16 00:22:58.636
BTC,SELL,0.0050,10234300.000,2024-07-16 00:23:28.412
BTC,SELL,0.0060,10232275.000,2024-07-16 00:23:28.412
