symbol,side,size,price,timestamp
ETH,BUY,1.0000,528253.000,2024-07-03 21:00:22.226
ETH,BUY,4.0000,528293.000,2024-07-03 21:00:33.061
ETH,BUY,0.8000,528351.000,2024-07-03 21:00:48.148
ETH,SELL,0.0700,528200.000,2024-07-03 21:01:43.336
ETH,SELL,0.2000,528200.000,2024-07-03 21:01:43.651
ETH,SELL,0.0301,528200.000,2024-07-03 21:01:44.552
ETH,SELL,0.1699,528000.000,2024-07-03 21:01:44.552
ETH,SELL,0.1000,528000.000,2024-07-03 21:01:44.819
ETH,BUY,0.1900,528032.000,2024-07-03 21:02:05.452
ETH,BUY,0.0610,528119.000,2024-07-03 21:02:11.651
ETH,BUY,0.0100,528119.000,2024-07-03 21:02:11.788
ETH,BUY,0.0700,528235.000,2024-07-03 21:02:51.176
ETH,BUY,0.0700,528351.000,2024-07-03 21:03:03.134
ETH,BUY,1.7000,528438.000,2024-07-03 21:03:06.668
ETH,BUY,1.7000,528438.000,2024-07-03 21:03:07.516
ETH,BUY,0.2000,528438.000,2024-07-03 21:03:07.519
ETH,BUY,0.0400,528583.000,2024-07-03 21:03:09.529
ETH,BUY,0.0200,528349.000,2024-07-03 21:05:14.975
ETH,BUY,0.0200,528380.000,2024-07-03 21:05:17.408
ETH,BUY,0.2000,528612.000,2024-07-03 21:06:29.632
ETH,BUY,0.0700,528786.000,2024-07-03 21:06:47.475
ETH,BUY,0.3200,528786.000,2024-07-03 21:06:47.476
ETH,BUY,0.2000,528873.000,2024-07-03 21:06:52.041
ETH,BUY,0.0200,529047.000,2024-07-03 21:07:01.952
ETH,BUY,0.2000,529626.000,2024-07-03 21:07:40.743
ETH,BUY,0.3200,529782.000,2024-07-03 21:07:41.836
ETH,BUY,0.0500,529801.000,2024-07-03 21:07:55.110
ETH,BUY,0.0100,529830.000,2024-07-03 21:08:02.715
ETH,BUY,0.3800,529830.000,2024-07-03 21:08:17.602
ETH,BUY,0.2000,530004.000,2024-07-03 21:08:26.101
ETH,BUY,0.0700,530381.000,2024-07-03 21:10:08.097
ETH,BUY,0.2000,530758.000,2024-07-03 21:10:45.383
ETH,BUY,0.4500,530523.000,2024-07-03 21:11:48.114
ETH,BUY,0.2959,530523.000,2024-07-03 21:11:48.854
ETH,SELL,0.0200,530522.000,2024-07-03 21:11:54.438
ETH,SELL,0.1000,530373.000,2024-07-03 21:11:54.438
ETH,SELL,0.1758,530319.000,2024-07-03 21:11:54.438
ETH,BUY,0.0300,530310.000,2024-07-03 21:12:45.424
ETH,BUY,0.3200,530352.000,2024-07-03 21:13:07.329
ETH,BUY,0.0100,530584.000,2024-07-03 21:14:20.983
ETH,BUY,0.1900,530642.000,2024-07-03 21:15:11.448
ETH,BUY,0.0100,530377.000,2024-07-03 21:23:20.641
ETH,BUY,0.0750,530525.000,2024-07-03 21:24:57.912
ETH,BUY,0.3854,530544.000,2024-07-03 21:25:34.565
ETH,BUY,0.6146,530584.000,2024-07-03 21:25:34.565
ETH,BUY,0.0600,530577.000,2024-07-03 21:26:28.646
ETH,BUY,0.0190,530671.000,2024-07-03 21:27:26.554
ETH,BUY,0.0400,530816.000,2024-07-03 21:28:52.267
ETH,BUY,0.1500,530845.000,2024-07-03 21:28:58.102
ETH,BUY,0.0340,530903.000,2024-07-03 21:29:46.897
ETH,BUY,0.2000,531106.000,2024-07-03 21:30:52.254
ETH,BUY,0.2723,531164.000,2024-07-03 21:30:53.302
ETH,BUY,0.0200,531338.000,2024-07-03 21:31:17.185
ETH,BUY,0.0100,531425.000,2024-07-03 21:32:01.239
ETH,BUY,0.1000,531409.000,2024-07-03 21:33:00.655
ETH,BUY,0.1000,531425.000,2024-07-03 21:33:17.998
ETH,BUY,0.0100,531541.000,2024-07-03 21:35:40.667
ETH,BUY,0.1900,531686.000,2024-07-03 21:35:52.513
ETH,BUY,1.0000,532208.000,2024-07-03 21:36:25.096
ETH,BUY,0.0800,532236.000,2024-07-03 21:36:50.343
ETH,BUY,0.1000,532261.000,2024-07-03 21:36:51.837
ETH,BUY,0.0100,532261.000,2024-07-03 21:37:19.235
ETH,BUY,0.0100,532262.000,2024-07-03 21:37:19.235
ETH,BUY,0.0800,532324.000,2024-07-03 21:37:19.235
ETH,SELL,0.5341,532324.000,2024-07-03 21:38:40.813
ETH,SELL,0.4659,532324.000,2024-07-03 21:38:41.393
ETH,SELL,0.1000,532320.000,2024-07-03 21:38:42.192
ETH,BUY,0.2000,532346.000,2024-07-03 21:39:50.192
ETH,BUY,0.2000,532585.000,2024-07-03 21:42:05.736
ETH,BUY,0.1000,532467.000,2024-07-03 21:44:13.523
ETH,BUY,0.0100,532498.000,2024-07-03 21:44:52.045
ETH,BUY,1.1000,532643.000,2024-07-03 21:45:28.228
ETH,BUY,0.0100,532730.000,2024-07-03 21:45:33.309
ETH,BUY,0.4500,532730.000,2024-07-03 21:45:56.375
ETH,BUY,0.2943,532730.000,2024-07-03 21:45:56.592
ETH,SELL,0.2000,532740.000,2024-07-03 21:46:02.265
ETH,SELL,0.0942,532736.000,2024-07-03 21:46:02.265
ETH,BUY,0.0100,532788.000,2024-07-03 21:46:29.103
ETH,BUY,0.2000,532788.000,2024-07-03 21:46:29.935
ETH,BUY,1.2100,532904.000,2024-07-03 21:46:43.400
ETH,BUY,0.0500,533020.000,2024-07-03 21:46:46.573
ETH,BUY,0.7341,533034.000,2024-07-03 21:47:00.182
ETH,BUY,0.7659,533049.000,2024-07-03 21:47:00.182
ETH,BUY,0.5321,533078.000,2024-07-03 21:48:10.488
ETH,BUY,0.0100,533136.000,2024-07-03 21:48:28.012
ETH,BUY,0.0100,533104.000,2024-07-03 21:50:33.609
ETH,BUY,0.0327,533106.000,2024-07-03 21:51:20.201
ETH,BUY,0.0573,533135.000,2024-07-03 21:51:20.201
ETH,BUY,0.0327,533165.000,2024-07-03 21:51:23.179
ETH,SELL,0.0200,532760.000,2024-07-03 21:52:34.899
ETH,BUY,0.0400,532904.000,2024-07-03 21:53:15.134
ETH,BUY,0.3000,533020.000,2024-07-03 21:53:25.900
ETH,BUY,0.0300,533049.000,2024-07-03 21:53:36.547
ETH,BUY,0.4000,533542.000,2024-07-03 21:55:33.588
ETH,BUY,0.0200,533709.000,2024-07-03 21:55:34.141
ETH,BUY,0.9800,533745.000,2024-07-03 21:55:34.141
ETH,BUY,0.0200,533745.000,2024-07-03 21:55:34.212
ETH,BUY,0.9545,533774.000,2024-07-03 21:55:34.212
ETH,BUY,0.0842,533802.000,2024-07-03 21:55:35.278
ETH,BUY,0.4903,533832.000,2024-07-03 21:55:35.278
ETH,BUY,0.0255,533832.000,2024-07-03 21:55:35.354
ETH,BUY,0.0100,534180.000,2024-07-03 21:55:35.989
ETH,BUY,0.0100,534209.000,2024-07-03 21:55:38.061
ETH,BUY,0.0100,534267.000,2024-07-03 21:58:38.115
ETH,BUY,0.1000,534354.000,2024-07-03 21:59:21.364
ETH,BUY,0.1427,534380.000,2024-07-03 22:00:52.784
ETH,BUY,0.0573,534383.000,2024-07-03 22:00:52.784
ETH,BUY,0.4000,534412.000,2024-07-03 22:03:33.543
ETH,BUY,0.5000,534499.000,2024-07-03 22:03:48.293
ETH,BUY,0.6200,534557.000,2024-07-03 22:04:58.187
ETH,BUY,0.3800,534586.000,2024-07-03 22:04:58.187
ETH,BUY,0.0285,534531.000,2024-07-03 22:07:20.172
ETH,BUY,0.0100,534658.000,2024-07-03 22:07:20.172
ETH,BUY,0.3975,534673.000,2024-07-03 22:07:20.172
ETH,BUY,0.0285,534731.000,2024-07-03 22:07:22.673
ETH,BUY,0.0207,534445.000,2024-07-03 22:08:52.772
ETH,BUY,0.9793,534760.000,2024-07-03 22:08:52.772
ETH,BUY,0.0207,534789.000,2024-07-03 22:08:56.695
ETH,BUY,0.0100,534598.000,2024-07-03 22:09:37.740
ETH,BUY,0.0900,534608.000,2024-07-03 22:09:37.740
ETH,BUY,0.1000,534673.000,2024-07-03 22:09:39.678
ETH,BUY,0.0100,534409.000,2024-07-03 22:10:40.547
ETH,BUY,0.0419,534409.000,2024-07-03 22:10:53.996
ETH,BUY,0.0519,534441.000,2024-07-03 22:10:57.175
ETH,BUY,0.0100,534528.000,2024-07-03 22:10:58.736
ETH,BUY,0.0200,534477.000,2024-07-03 22:11:52.620
ETH,BUY,0.0200,534528.000,2024-07-03 22:11:55.180
ETH,SELL,1.0212,534409.000,2024-07-03 22:14:19.240
ETH,BUY,0.0190,534441.000,2024-07-03 22:16:02.697
ETH,BUY,0.0200,534470.000,2024-07-03 22:16:03.752
ETH,BUY,0.0150,534499.000,2024-07-03 22:16:13.931
ETH,SELL,0.9199,534409.000,2024-07-03 22:17:45.638
ETH,BUY,0.0250,534499.000,2024-07-03 22:18:15.344
ETH,SELL,0.8879,534409.000,2024-07-03 22:19:56.609
ETH,SELL,0.0217,534409.000,2024-07-03 22:21:50.369
ETH,SELL,0.0926,534409.000,2024-07-03 22:21:58.784
ETH,SELL,0.0148,534409.000,2024-07-03 22:22:01.751
ETH,SELL,0.0100,534000.000,2024-07-03 22:22:18.330
ETH,SELL,0.0200,534000.000,2024-07-03 22:22:18.330
ETH,SELL,0.2421,534000.000,2024-07-03 22:22:18.330
ETH,SELL,1.3727,534000.000,2024-07-03 22:22:19.880
ETH,BUY,0.0450,534001.000,2024-07-03 22:22:32.122
ETH,BUY,0.3800,534035.000,2024-07-03 22:23:26.688
ETH,BUY,0.0100,534122.000,2024-07-03 22:24:49.328
ETH,BUY,0.5000,534151.000,2024-07-03 22:25:05.562
ETH,BUY,0.0200,534180.000,2024-07-03 22:27:19.150
ETH,BUY,0.0100,534262.000,2024-07-03 22:28:07.193
ETH,BUY,0.0200,534194.000,2024-07-03 22:28:16.601
ETH,BUY,0.0200,534170.000,2024-07-03 22:28:20.178
ETH,BUY,0.0100,534128.000,2024-07-03 22:28:36.860
ETH,BUY,0.0286,534055.000,2024-07-03 22:30:34.197
ETH,BUY,0.0114,534180.000,2024-07-03 22:30:34.197
ETH,BUY,0.0386,534180.000,2024-07-03 22:30:37.672
ETH,BUY,0.0100,534354.000,2024-07-03 22:34:57.324
ETH,BUY,0.0187,534412.000,2024-07-03 22:43:49.076
ETH,BUY,0.4000,534441.000,2024-07-03 22:45:03.533
ETH,BUY,0.3200,534441.000,2024-07-03 22:45:04.292
ETH,BUY,0.2000,534499.000,2024-07-03 22:45:05.992
ETH,BUY,0.2000,534644.000,2024-07-03 22:46:46.030
ETH,BUY,0.2000,534731.000,2024-07-03 22:49:13.968
ETH,BUY,0.2000,534789.000,2024-07-03 22:51:20.858
ETH,BUY,0.1100,534876.000,2024-07-03 22:51:30.189
ETH,BUY,0.3800,534934.000,2024-07-03 22:51:36.614
ETH,BUY,0.0100,535000.000,2024-07-03 22:51:46.921
ETH,BUY,0.0500,535000.000,2024-07-03 22:51:46.921
ETH,BUY,0.1400,535021.000,2024-07-03 22:51:46.921
ETH,BUY,0.3000,535050.000,2024-07-03 22:52:25.643
ETH,BUY,0.0100,535108.000,2024-07-03 22:52:38.189
ETH,BUY,0.1000,535137.000,2024-07-03 22:53:51.584
ETH,BUY,1.0000,535166.000,2024-07-03 22:54:17.135
ETH,BUY,0.2000,535195.000,2024-07-03 22:55:10.184
ETH,SELL,0.0100,535137.000,2024-07-03 22:57:42.081
ETH,SELL,0.0900,535137.000,2024-07-03 22:59:14.515
ETH,BUY,0.0100,535078.000,2024-07-03 23:00:21.925
ETH,BUY,0.0290,535069.000,2024-07-03 23:01:10.674
ETH,BUY,0.0610,535137.000,2024-07-03 23:01:10.674
ETH,BUY,0.0390,535166.000,2024-07-03 23:01:13.189
ETH,SELL,0.0100,535000.000,2024-07-03 23:02:54.849
ETH,SELL,0.0500,535000.000,2024-07-03 23:02:54.849
ETH,BUY,0.0190,534509.000,2024-07-03 23:06:22.645
ETH,BUY,0.2000,534509.000,2024-07-03 23:06:27.404
ETH,BUY,0.2000,534615.000,2024-07-03 23:10:50.719
ETH,BUY,0.0100,534673.000,2024-07-03 23:11:04.415
ETH,BUY,0.0235,534544.000,2024-07-03 23:12:27.213
ETH,BUY,0.2000,534615.000,2024-07-03 23:16:41.326
ETH,BUY,0.0100,534702.000,2024-07-03 23:19:04.037
ETH,BUY,0.0184,534655.000,2024-07-03 23:22:52.516
ETH,BUY,0.9816,534760.000,2024-07-03 23:22:52.516
ETH,BUY,0.0184,534789.000,2024-07-03 23:22:56.181
ETH,BUY,0.0290,534679.000,2024-07-03 23:28:23.174
ETH,BUY,0.1210,534847.000,2024-07-03 23:28:23.174
ETH,BUY,0.0290,534876.000,2024-07-03 23:28:25.675
ETH,BUY,0.0100,534847.000,2024-07-03 23:29:30.065
ETH,BUY,0.0900,534934.000,2024-07-03 23:29:30.065
ETH,BUY,0.0200,534992.000,2024-07-03 23:29:53.336
ETH,SELL,0.0300,534615.000,2024-07-03 23:31:48.424
ETH,SELL,0.1700,534364.000,2024-07-03 23:31:48.424
ETH,SELL,0.0100,534284.000,2024-07-03 23:32:58.341
ETH,SELL,0.1000,534284.000,2024-07-03 23:32:58.341
ETH,BUY,0.0100,534354.000,2024-07-03 23:36:58.448
ETH,BUY,0.1500,534130.000,2024-07-03 23:44:24.559
ETH,BUY,0.0200,534131.000,2024-07-03 23:44:46.475
ETH,BUY,0.2000,534150.000,2024-07-03 23:45:22.491
ETH,BUY,0.0100,534180.000,2024-07-03 23:46:33.403
ETH,BUY,1.0000,534267.000,2024-07-03 23:46:42.065
ETH,BUY,0.0200,534354.000,2024-07-03 23:49:43.665
ETH,BUY,1.0000,534383.000,2024-07-03 23:49:53.367
ETH,BUY,0.9800,534412.000,2024-07-03 23:52:55.179
ETH,BUY,0.0100,534441.000,2024-07-03 23:57:11.144
ETH,SELL,0.0100,534383.000,2024-07-03 23:58:23.826
ETH,SELL,0.0251,534005.000,2024-07-03 23:59:11.780
ETH,BUY,0.0146,534093.000,2024-07-03 23:59:12.856
ETH,SELL,0.0002,534000.000,2024-07-03 23:59:33.700
ETH,SELL,0.4977,534000.000,2024-07-03 23:59:33.700
ETH,BUY,0.7000,534122.000,2024-07-04 00:00:46.115
ETH,BUY,1.6800,534122.000,2024-07-04 00:00:46.230
ETH,BUY,0.2428,534151.000,2024-07-04 00:01:26.310
ETH,BUY,0.0772,534180.000,2024-07-04 00:01:26.310
ETH,BUY,0.4000,534151.000,2024-07-04 00:01:26.552
ETH,BUY,0.3200,534296.000,2024-07-04 00:01:37.353
ETH,BUY,0.4000,534383.000,2024-07-04 00:01:38.590
ETH,BUY,0.2000,534499.000,2024-07-04 00:01:39.935
ETH,BUY,0.0200,534350.000,2024-07-04 00:04:59.712
ETH,BUY,1.6600,534335.000,2024-07-04 00:05:07.956
ETH,BUY,0.4300,534339.000,2024-07-04 00:05:07.956
ETH,SELL,0.0304,534096.000,2024-07-04 00:05:21.759
ETH,SELL,0.1749,534235.000,2024-07-04 00:06:43.571
ETH,SELL,0.3200,534234.000,2024-07-04 00:06:43.571
ETH,BUY,0.1400,534254.000,2024-07-04 00:07:25.931
ETH,BUY,0.0600,534325.000,2024-07-04 00:08:03.183
ETH,BUY,0.0800,534383.000,2024-07-04 00:09:45.866
ETH,BUY,0.0190,534470.000,2024-07-04 00:10:12.731
ETH,BUY,0.1200,534528.000,2024-07-04 00:10:15.007
ETH,SELL,0.1000,534537.000,2024-07-04 00:14:37.407
ETH,SELL,0.9000,534482.000,2024-07-04 00:14:37.407
ETH,BUY,0.0700,534500.000,2024-07-04 00:15:36.975
ETH,BUY,0.0200,534500.000,2024-07-04 00:15:42.666
ETH,BUY,0.3200,534500.000,2024-07-04 00:15:50.085
ETH,BUY,0.1100,534500.000,2024-07-04 00:15:50.286
ETH,BUY,0.4000,534500.000,2024-07-04 00:15:50.441
ETH,BUY,0.0200,534500.000,2024-07-04 00:16:08.495
ETH,BUY,1.0000,534500.000,2024-07-04 00:16:22.622
ETH,BUY,0.3200,534500.000,2024-07-04 00:16:23.148
ETH,BUY,0.5000,534500.000,2024-07-04 00:16:23.457
ETH,BUY,0.2000,534500.000,2024-07-04 00:16:23.459
ETH,BUY,0.4000,534500.000,2024-07-04 00:16:23.599
ETH,BUY,0.0198,534500.000,2024-07-04 00:16:23.601
ETH,BUY,0.5000,534500.000,2024-07-04 00:16:23.721
ETH,BUY,0.1000,534500.000,2024-07-04 00:16:24.281
ETH,BUY,0.1000,534500.000,2024-07-04 00:16:24.752
ETH,BUY,0.1000,534500.000,2024-07-04 00:16:24.805
ETH,BUY,0.1000,534500.000,2024-07-04 00:16:24.998
ETH,BUY,0.2000,534500.000,2024-07-04 00:16:25.722
ETH,BUY,0.1000,534500.000,2024-07-04 00:16:25.810
ETH,BUY,0.8000,534500.000,2024-07-04 00:16:26.229
ETH,BUY,0.1000,534500.000,2024-07-04 00:16:27.289
ETH,BUY,0.1000,534500.000,2024-07-04 00:16:27.769
ETH,BUY,1.6800,534500.000,2024-07-04 00:16:29.882
ETH,BUY,0.4300,534500.000,2024-07-04 00:16:29.942
ETH,BUY,0.5000,534500.000,2024-07-04 00:16:36.567
ETH,BUY,0.5000,534500.000,2024-07-04 00:16:50.287
ETH,BUY,0.1000,534500.000,2024-07-04 00:17:01.518
ETH,BUY,0.1000,534500.000,2024-07-04 00:18:30.188
ETH,BUY,0.1000,534500.000,2024-07-04 00:18:30.409
ETH,BUY,0.3917,534500.000,2024-07-04 00:18:32.786
ETH,BUY,0.0185,534500.000,2024-07-04 00:18:38.933
ETH,BUY,0.0990,534789.000,2024-07-04 00:18:38.933
ETH,BUY,0.2000,534905.000,2024-07-04 00:19:13.354
ETH,BUY,0.4908,534905.000,2024-07-04 00:19:13.392
ETH,BUY,0.3200,534905.000,2024-07-04 00:19:13.394
ETH,BUY,0.4000,534905.000,2024-07-04 00:19:14.097
ETH,BUY,0.2000,535021.000,2024-07-04 00:19:18.421
ETH,BUY,0.0100,535195.000,2024-07-04 00:20:20.661
ETH,BUY,0.3200,535282.000,2024-07-04 00:21:45.335
ETH,BUY,0.3900,535282.000,2024-07-04 00:21:45.507
ETH,BUY,0.2000,535340.000,2024-07-04 00:21:46.360
ETH,BUY,0.4000,535456.000,2024-07-04 00:21:49.120
ETH,BUY,0.3200,535456.000,2024-07-04 00:21:49.369
ETH,BUY,0.1600,535485.000,2024-07-04 00:21:55.199
ETH,BUY,0.4000,535485.000,2024-07-04 00:21:55.389
ETH,BUY,0.2000,535451.000,2024-07-04 00:23:15.536
ETH,BUY,0.2000,535485.000,2024-07-04 00:24:42.120
ETH,BUY,0.0100,535417.000,2024-07-04 00:25:20.253
ETH,BUY,0.1345,535284.000,2024-07-04 00:25:34.615
ETH,SELL,0.0128,535266.000,2024-07-04 00:25:46.769
ETH,BUY,0.0500,535282.000,2024-07-04 00:26:06.019
ETH,BUY,1.4000,535288.000,2024-07-04 00:26:26.267
ETH,BUY,0.0799,535318.000,2024-07-04 00:26:31.257
ETH,BUY,0.0201,535323.000,2024-07-04 00:26:31.257
ETH,BUY,0.0700,535330.000,2024-07-04 00:26:40.111
ETH,BUY,0.0100,535334.000,2024-07-04 00:26:45.308
ETH,SELL,0.0172,535266.000,2024-07-04 00:27:38.344
ETH,SELL,0.0198,534900.000,2024-07-04 00:30:41.331
ETH,SELL,0.0405,534900.000,2024-07-04 00:30:53.785
ETH,BUY,0.2000,535079.000,2024-07-04 00:34:47.918
ETH,BUY,0.1100,535195.000,2024-07-04 00:35:25.515
ETH,BUY,0.2000,535398.000,2024-07-04 00:37:07.619
ETH,BUY,0.0300,535456.000,2024-07-04 00:37:15.057
ETH,BUY,0.1300,535485.000,2024-07-04 00:37:18.411
ETH,BUY,0.0100,535572.000,2024-07-04 00:37:23.390
ETH,SELL,0.1000,535600.000,2024-07-04 00:39:00.395
ETH,BUY,0.0230,535688.000,2024-07-04 00:39:42.225
ETH,BUY,0.0100,535746.000,2024-07-04 00:39:42.886
ETH,BUY,0.2000,535804.000,2024-07-04 00:41:57.633
ETH,BUY,0.2000,535833.000,2024-07-04 00:42:12.792
ETH,BUY,0.0933,535901.000,2024-07-04 00:46:45.092
ETH,BUY,0.0900,535646.000,2024-07-04 00:48:45.590
ETH,BUY,0.0500,535646.000,2024-07-04 00:49:47.554
ETH,SELL,0.1000,535645.000,2024-07-04 00:50:42.744
ETH,SELL,0.1500,535645.000,2024-07-04 00:50:42.744
ETH,BUY,0.0200,535640.000,2024-07-04 00:50:43.215
ETH,SELL,0.1344,535638.000,2024-07-04 00:51:12.243
ETH,BUY,0.1100,535501.000,2024-07-04 00:51:28.696
ETH,BUY,1.9200,535501.000,2024-07-04 00:51:28.696
ETH,BUY,0.9000,535501.000,2024-07-04 00:51:28.696
ETH,BUY,1.6727,535582.000,2024-07-04 00:51:28.696
ETH,BUY,1.5173,535659.000,2024-07-04 00:51:28.696
ETH,BUY,0.1000,535746.000,2024-07-04 00:52:02.938
ETH,SELL,0.0100,535600.000,2024-07-04 00:53:11.851
ETH,BUY,0.1000,535501.000,2024-07-04 00:53:33.274
ETH,BUY,1.4000,535688.000,2024-07-04 00:53:33.274
ETH,SELL,0.2000,535500.000,2024-07-04 00:53:43.210
ETH,SELL,0.1000,535121.000,2024-07-04 00:53:43.689
ETH,BUY,0.0200,535137.000,2024-07-04 00:54:55.692
ETH,BUY,0.5000,535150.000,2024-07-04 00:57:59.011
ETH,BUY,0.1000,535159.000,2024-07-04 00:57:59.011
ETH,BUY,1.2680,535166.000,2024-07-04 00:57:59.011
ETH,BUY,0.8000,535195.000,2024-07-04 00:58:47.259
ETH,SELL,0.1346,535066.000,2024-07-04 01:00:35.632
ETH,SELL,0.1000,535001.000,2024-07-04 01:00:36.214
ETH,SELL,0.0200,535001.000,2024-07-04 01:00:36.221
ETH,SELL,0.1000,535001.000,2024-07-04 01:00:41.277
ETH,SELL,0.1000,535001.000,2024-07-04 01:00:41.855
ETH,SELL,0.1000,535001.000,2024-07-04 01:00:41.995
ETH,SELL,0.5800,535001.000,2024-07-04 01:00:48.401
ETH,SELL,0.0190,534900.000,2024-07-04 01:00:48.401
ETH,SELL,0.0010,534900.000,2024-07-04 01:00:48.401
ETH,SELL,0.0990,534900.000,2024-07-04 01:00:49.408
ETH,SELL,0.4010,534736.000,2024-07-04 01:00:49.408
ETH,BUY,0.5150,534760.000,2024-07-04 01:00:58.434
ETH,SELL,0.1000,534677.000,2024-07-04 01:01:04.914
ETH,BUY,0.1000,534097.000,2024-07-04 01:02:02.069
ETH,BUY,0.0100,534180.000,2024-07-04 01:04:29.126
ETH,SELL,0.2000,534096.000,2024-07-04 01:06:03.255
ETH,SELL,0.0023,534000.000,2024-07-04 01:06:03.647
ETH,SELL,0.1000,533900.000,2024-07-04 01:06:03.647
ETH,SELL,0.0977,533886.000,2024-07-04 01:06:03.647
ETH,SELL,0.0137,533886.000,2024-07-04 01:06:03.777
ETH,SELL,0.1886,533886.000,2024-07-04 01:06:06.475
ETH,SELL,0.0100,533500.000,2024-07-04 01:06:06.475
ETH,SELL,0.0014,533375.000,2024-07-04 01:06:06.475
ETH,SELL,0.9986,533375.000,2024-07-04 01:06:06.574
ETH,SELL,0.0014,533247.000,2024-07-04 01:06:06.574
ETH,BUY,0.9600,533310.000,2024-07-04 01:06:10.507
ETH,BUY,0.0187,533339.000,2024-07-04 01:06:37.747
ETH,SELL,0.2000,533310.000,2024-07-04 01:06:38.382
ETH,SELL,0.4000,533305.000,2024-07-04 01:06:38.382
ETH,SELL,1.5800,533279.000,2024-07-04 01:06:38.382
ETH,SELL,0.1200,533273.000,2024-07-04 01:06:38.382
ETH,BUY,0.0185,533310.000,2024-07-04 01:06:47.692
ETH,BUY,0.0200,533118.000,2024-07-04 01:07:17.774
ETH,BUY,0.4000,533223.000,2024-07-04 01:07:23.571
ETH,BUY,0.2000,533252.000,2024-07-04 01:07:26.148
ETH,BUY,0.0110,533114.000,2024-07-04 01:08:24.761
ETH,SELL,0.0100,533000.000,2024-07-04 01:09:18.855
ETH,SELL,0.0793,533000.000,2024-07-04 01:09:18.855
ETH,SELL,0.4207,533000.000,2024-07-04 01:09:18.948
ETH,SELL,0.0188,533000.000,2024-07-04 01:09:18.948
ETH,SELL,0.0100,532252.000,2024-07-04 01:09:19.807
ETH,SELL,0.0340,532050.000,2024-07-04 01:09:19.807
ETH,BUY,0.0186,532207.000,2024-07-04 01:09:27.749
ETH,BUY,0.0186,532295.000,2024-07-04 01:09:37.746
ETH,BUY,0.0400,532305.000,2024-07-04 01:10:09.445
ETH,SELL,0.0730,532304.000,2024-07-04 01:10:13.257
ETH,SELL,0.0100,532048.000,2024-07-04 01:10:19.534
ETH,SELL,0.0900,532002.000,2024-07-04 01:10:19.607
ETH,SELL,0.0100,532002.000,2024-07-04 01:10:19.677
ETH,SELL,0.7000,532002.000,2024-07-04 01:10:20.514
ETH,SELL,0.2000,531003.000,2024-07-04 01:10:20.696
ETH,BUY,1.5900,531019.000,2024-07-04 01:10:24.039
ETH,BUY,0.2721,531106.000,2024-07-04 01:10:25.468
ETH,BUY,1.0000,531251.000,2024-07-04 01:10:37.598
ETH,BUY,0.2900,531251.000,2024-07-04 01:10:37.600
ETH,BUY,0.4000,531251.000,2024-07-04 01:10:37.601
ETH,BUY,0.4000,531251.000,2024-07-04 01:10:37.603
ETH,BUY,0.0188,531251.000,2024-07-04 01:10:37.757
ETH,BUY,1.1600,531251.000,2024-07-04 01:10:38.103
ETH,BUY,0.0200,531338.000,2024-07-04 01:10:38.348
ETH,BUY,0.2000,531338.000,2024-07-04 01:10:38.454
ETH,BUY,1.0000,531367.000,2024-07-04 01:10:41.669
ETH,BUY,0.4000,531396.000,2024-07-04 01:10:42.590
ETH,BUY,0.2000,531396.000,2024-07-04 01:10:42.953
ETH,BUY,0.0187,531512.000,2024-07-04 01:10:47.739
ETH,BUY,0.0187,531541.000,2024-07-04 01:10:57.863
ETH,BUY,6.1200,531686.000,2024-07-04 01:11:05.746
ETH,BUY,0.0187,531715.000,2024-07-04 01:11:27.723
ETH,BUY,0.0187,531860.000,2024-07-04 01:11:47.724
ETH,BUY,0.0187,531918.000,2024-07-04 01:11:57.765
ETH,BUY,0.0100,531547.000,2024-07-04 01:13:00.066
ETH,BUY,0.2000,530645.000,2024-07-04 01:14:49.484
ETH,SELL,1.0000,530488.000,2024-07-04 01:14:49.528
ETH,BUY,0.0200,530581.000,2024-07-04 01:14:49.882
ETH,SELL,0.0192,530000.000,2024-07-04 01:15:23.201
ETH,SELL,0.1758,530000.000,2024-07-04 01:15:23.249
ETH,SELL,0.0370,530000.000,2024-07-04 01:15:23.249
ETH,SELL,0.0100,530000.000,2024-07-04 01:15:23.249
ETH,SELL,0.6500,530000.000,2024-07-04 01:15:23.249
ETH,SELL,0.0200,530000.000,2024-07-04 01:15:23.249
ETH,SELL,0.0700,530000.000,2024-07-04 01:15:23.249
ETH,SELL,0.0372,530000.000,2024-07-04 01:15:23.249
ETH,SELL,0.1628,530000.000,2024-07-04 01:15:34.968
ETH,SELL,0.0200,530000.000,2024-07-04 01:15:34.968
ETH,SELL,0.0150,530000.000,2024-07-04 01:15:34.968
ETH,SELL,0.0100,530000.000,2024-07-04 01:15:34.968
ETH,SELL,0.5000,530000.000,2024-07-04 01:15:34.968
ETH,SELL,0.0100,529856.000,2024-07-04 01:15:38.030
ETH,SELL,0.0112,529520.000,2024-07-04 01:15:46.718
ETH,SELL,0.0213,529520.000,2024-07-04 01:15:49.329
ETH,SELL,0.0672,529500.000,2024-07-04 01:16:00.900
ETH,SELL,0.0328,529500.000,2024-07-04 01:16:02.892
ETH,SELL,0.1000,529171.000,2024-07-04 01:16:02.995
ETH,SELL,0.1000,528901.000,2024-07-04 01:16:03.107
ETH,SELL,0.0641,528901.000,2024-07-04 01:16:04.055
ETH,SELL,0.1000,528888.000,2024-07-04 01:16:04.360
ETH,SELL,0.0910,528888.000,2024-07-04 01:16:06.693
ETH,SELL,0.8090,528888.000,2024-07-04 01:16:06.776
ETH,SELL,0.0100,528838.000,2024-07-04 01:16:08.689
ETH,SELL,0.0100,528700.000,2024-07-04 01:16:08.689
ETH,SELL,0.0316,528268.000,2024-07-04 01:16:08.689
ETH,BUY,0.1000,528290.000,2024-07-04 01:16:10.772
ETH,BUY,0.0300,528290.000,2024-07-04 01:16:11.095
ETH,BUY,0.0700,528290.000,2024-07-04 01:16:11.294
ETH,BUY,0.0370,528292.000,2024-07-04 01:16:11.294
ETH,BUY,0.7000,528525.000,2024-07-04 01:16:12.182
ETH,BUY,0.0374,528438.000,2024-07-04 01:16:12.620
ETH,BUY,0.1000,528438.000,2024-07-04 01:16:13.304
ETH,BUY,0.1000,528496.000,2024-07-04 01:16:14.201
ETH,BUY,0.0800,528554.000,2024-07-04 01:16:14.836
ETH,BUY,0.4000,528554.000,2024-07-04 01:16:15.215
ETH,BUY,0.3000,528612.000,2024-07-04 01:16:16.176
ETH,BUY,0.2000,528641.000,2024-07-04 01:16:19.959
ETH,BUY,1.0000,528641.000,2024-07-04 01:16:20.040
ETH,BUY,0.4000,528670.000,2024-07-04 01:16:20.548
ETH,BUY,0.2000,528844.000,2024-07-04 01:16:23.891
ETH,BUY,0.7100,528844.000,2024-07-04 01:16:24.096
ETH,BUY,0.0100,529076.000,2024-07-04 01:16:28.774
ETH,BUY,0.2000,529163.000,2024-07-04 01:16:30.498
ETH,BUY,0.2000,529163.000,2024-07-04 01:16:30.499
ETH,BUY,1.0000,529163.000,2024-07-04 01:16:30.548
ETH,BUY,0.4000,529337.000,2024-07-04 01:16:31.694
ETH,BUY,0.1000,529337.000,2024-07-04 01:16:32.230
ETH,BUY,1.9000,529453.000,2024-07-04 01:16:36.905
ETH,BUY,0.4000,529569.000,2024-07-04 01:16:38.715
ETH,BUY,0.2000,529714.000,2024-07-04 01:16:40.064
ETH,BUY,0.1000,529772.000,2024-07-04 01:16:42.477
ETH,BUY,0.2200,529801.000,2024-07-04 01:16:44.887
ETH,BUY,0.2611,529801.000,2024-07-04 01:16:45.324
ETH,BUY,0.0268,529801.000,2024-07-04 01:16:45.398
ETH,BUY,0.5000,529859.000,2024-07-04 01:16:46.217
ETH,BUY,0.2000,530033.000,2024-07-04 01:16:47.326
ETH,BUY,0.4000,530091.000,2024-07-04 01:16:51.537
ETH,BUY,0.1000,530207.000,2024-07-04 01:16:53.101
ETH,BUY,2.1000,530323.000,2024-07-04 01:16:57.850
ETH,BUY,0.0150,530323.000,2024-07-04 01:16:59.738
ETH,BUY,0.5000,530410.000,2024-07-04 01:17:00.636
ETH,BUY,0.0149,530410.000,2024-07-04 01:17:00.677
ETH,BUY,0.2000,530439.000,2024-07-04 01:17:07.749
ETH,BUY,0.2000,530816.000,2024-07-04 01:17:57.694
ETH,BUY,0.0546,531019.000,2024-07-04 01:18:17.920
ETH,SELL,0.1000,531465.000,2024-07-04 01:19:57.604
ETH,BUY,0.2000,531512.000,2024-07-04 01:20:35.515
ETH,BUY,0.0200,531606.000,2024-07-04 01:21:01.093
ETH,BUY,0.0200,531628.000,2024-07-04 01:21:01.483
ETH,BUY,0.0187,531614.000,2024-07-04 01:21:47.788
ETH,BUY,0.0187,531022.000,2024-07-04 01:22:07.810
ETH,BUY,0.0187,531202.000,2024-07-04 01:22:08.389
ETH,BUY,0.0500,531164.000,2024-07-04 01:22:12.854
ETH,BUY,0.0500,531251.000,2024-07-04 01:22:13.629
ETH,BUY,0.1500,531251.000,2024-07-04 01:22:18.914
ETH,BUY,0.0500,531309.000,2024-07-04 01:22:19.634
ETH,BUY,0.0199,531330.000,2024-07-04 01:22:53.246
ETH,BUY,0.4000,531483.000,2024-07-04 01:22:54.660
ETH,BUY,1.0000,531483.000,2024-07-04 01:22:54.707
ETH,BUY,0.0274,531483.000,2024-07-04 01:22:55.073
ETH,BUY,0.2000,531657.000,2024-07-04 01:22:58.311
ETH,BUY,0.4000,531773.000,2024-07-04 01:24:34.223
ETH,BUY,0.0100,531802.000,2024-07-04 01:24:58.833
ETH,BUY,0.4000,531802.000,2024-07-04 01:24:59.111
ETH,BUY,0.0900,531811.000,2024-07-04 01:25:14.132
ETH,BUY,0.9100,531860.000,2024-07-04 01:25:14.132
ETH,BUY,0.2000,531831.000,2024-07-04 01:25:14.606
ETH,BUY,0.0100,531976.000,2024-07-04 01:25:15.817
ETH,BUY,0.0164,531832.000,2024-07-04 01:25:26.276
ETH,BUY,0.0836,531832.000,2024-07-04 01:25:26.988
ETH,BUY,0.0300,532005.000,2024-07-04 01:25:30.621
ETH,BUY,0.1000,532005.000,2024-07-04 01:25:30.829
ETH,SELL,0.2490,531900.000,2024-07-04 01:25:33.373
ETH,BUY,0.3900,532004.000,2024-07-04 01:25:45.145
ETH,BUY,0.6100,532022.000,2024-07-04 01:25:45.145
ETH,BUY,0.0500,532063.000,2024-07-04 01:25:47.247
ETH,BUY,0.0500,532092.000,2024-07-04 01:26:02.036
ETH,BUY,0.0144,531555.000,2024-07-04 01:29:29.887
ETH,BUY,0.0200,531555.000,2024-07-04 01:29:36.000
ETH,BUY,0.0656,531555.000,2024-07-04 01:29:46.151
ETH,BUY,0.3344,531686.000,2024-07-04 01:29:46.151
ETH,BUY,0.0100,531686.000,2024-07-04 01:29:46.204
ETH,BUY,0.0100,531831.000,2024-07-04 01:30:10.013
ETH,SELL,0.0100,531830.000,2024-07-04 01:30:28.189
ETH,BUY,0.0200,531588.000,2024-07-04 01:30:40.004
ETH,BUY,0.0187,531157.000,2024-07-04 01:30:57.776
ETH,BUY,0.0280,531185.000,2024-07-04 01:31:11.451
ETH,BUY,0.0187,531111.000,2024-07-04 01:31:17.789
ETH,BUY,0.3772,531037.000,2024-07-04 01:31:26.129
ETH,BUY,0.0228,531092.000,2024-07-04 01:31:26.129
ETH,BUY,0.0187,531095.000,2024-07-04 01:31:27.681
ETH,BUY,0.0100,531135.000,2024-07-04 01:31:30.205
ETH,BUY,1.0000,531201.000,2024-07-04 01:31:35.518
ETH,BUY,0.0100,531057.000,2024-07-04 01:32:10.106
ETH,BUY,0.0100,531005.000,2024-07-04 01:32:11.837
ETH,BUY,0.0498,531005.000,2024-07-04 01:32:14.251
ETH,BUY,0.0600,531033.000,2024-07-04 01:32:27.091
ETH,BUY,0.0300,531106.000,2024-07-04 01:32:58.603
ETH,BUY,0.3000,531135.000,2024-07-04 01:33:00.391
ETH,BUY,0.0700,531219.000,2024-07-04 01:33:02.391
ETH,BUY,0.0115,531251.000,2024-07-04 01:33:12.139
ETH,BUY,0.0100,531280.000,2024-07-04 01:33:28.565
ETH,BUY,0.0300,531309.000,2024-07-04 01:33:47.662
ETH,BUY,0.0200,531303.000,2024-07-04 01:33:49.561
ETH,SELL,0.1000,531011.000,2024-07-04 01:34:15.255
ETH,SELL,0.0100,531000.000,2024-07-04 01:34:16.129
ETH,SELL,0.1000,530289.000,2024-07-04 01:34:19.012
ETH,SELL,0.0100,530289.000,2024-07-04 01:34:19.864
ETH,SELL,0.0200,530002.000,2024-07-04 01:34:22.669
ETH,BUY,0.0188,530149.000,2024-07-04 01:34:27.797
ETH,SELL,0.0100,530000.000,2024-07-04 01:34:40.140
ETH,SELL,0.0100,529122.000,2024-07-04 01:34:44.043
ETH,SELL,1.0000,528592.000,2024-07-04 01:34:47.834
ETH,SELL,0.5800,528548.000,2024-07-04 01:34:47.834
ETH,SELL,0.0601,528549.000,2024-07-04 01:34:48.989
ETH,SELL,0.1000,528568.000,2024-07-04 01:34:49.759
ETH,SELL,0.4200,528549.000,2024-07-04 01:34:49.759
ETH,BUY,0.0433,528544.000,2024-07-04 01:34:52.386
ETH,SELL,0.0100,528265.000,2024-07-04 01:34:54.783
ETH,SELL,0.0100,528001.000,2024-07-04 01:34:58.232
ETH,SELL,0.2400,528001.000,2024-07-04 01:34:59.305
ETH,SELL,0.3321,528000.000,2024-07-04 01:34:59.305
ETH,SELL,0.1000,528000.000,2024-07-04 01:34:59.305
ETH,SELL,0.1092,528000.000,2024-07-04 01:34:59.305
ETH,SELL,0.0908,528000.000,2024-07-04 01:34:59.636
ETH,SELL,0.0100,528000.000,2024-07-04 01:34:59.636
ETH,SELL,0.2447,527867.000,2024-07-04 01:34:59.636
ETH,SELL,0.6545,527516.000,2024-07-04 01:34:59.636
ETH,BUY,0.0552,527684.000,2024-07-04 01:35:00.472
ETH,BUY,0.0187,527606.000,2024-07-04 01:35:08.161
ETH,BUY,0.1000,527550.000,2024-07-04 01:35:22.799
ETH,BUY,0.0693,527550.000,2024-07-04 01:35:23.967
ETH,BUY,0.0197,527551.000,2024-07-04 01:35:25.851
ETH,BUY,0.0106,527551.000,2024-07-04 01:35:32.419
ETH,BUY,0.0189,527551.000,2024-07-04 01:35:37.922
ETH,BUY,0.9004,527597.000,2024-07-04 01:35:56.509
ETH,BUY,0.0500,527742.000,2024-07-04 01:35:57.102
ETH,BUY,0.0188,527742.000,2024-07-04 01:35:57.825
ETH,BUY,0.2000,527741.000,2024-07-04 01:35:59.121
ETH,BUY,0.0100,527741.000,2024-07-04 01:35:59.950
ETH,SELL,0.0100,527501.000,2024-07-04 01:36:09.220
ETH,SELL,0.0180,527500.000,2024-07-04 01:36:09.220
ETH,SELL,0.0100,527472.000,2024-07-04 01:36:09.220
ETH,SELL,0.2120,527006.000,2024-07-04 01:36:09.220
ETH,SELL,0.7880,527006.000,2024-07-04 01:36:09.303
ETH,SELL,0.2000,527005.000,2024-07-04 01:36:09.303
ETH,SELL,0.0120,527000.000,2024-07-04 01:36:09.303
ETH,BUY,0.2000,527133.000,2024-07-04 01:36:14.826
ETH,BUY,0.0188,527249.000,2024-07-04 01:36:18.077
ETH,BUY,0.5000,527217.000,2024-07-04 01:36:29.726
ETH,BUY,0.1000,527187.000,2024-07-04 01:36:36.488
ETH,BUY,0.0188,527185.000,2024-07-04 01:36:37.920
ETH,SELL,0.2880,527000.000,2024-07-04 01:36:48.332
ETH,SELL,0.0100,527000.000,2024-07-04 01:36:48.332
ETH,SELL,0.0100,527000.000,2024-07-04 01:36:48.332
ETH,SELL,0.3000,527000.000,2024-07-04 01:36:48.332
ETH,SELL,0.3053,527000.000,2024-07-04 01:36:48.332
ETH,SELL,0.0309,527000.000,2024-07-04 01:36:50.731
ETH,BUY,0.2000,527014.000,2024-07-04 01:36:56.937
ETH,BUY,0.2000,527075.000,2024-07-04 01:37:09.846
ETH,BUY,0.0300,527129.000,2024-07-04 01:37:19.334
ETH,BUY,0.2000,527129.000,2024-07-04 01:37:19.438
ETH,BUY,0.2000,527220.000,2024-07-04 01:37:26.036
ETH,BUY,0.2000,527278.000,2024-07-04 01:37:32.238
ETH,BUY,0.2000,527307.000,2024-07-04 01:37:35.156
ETH,BUY,0.2000,527336.000,2024-07-04 01:37:44.539
ETH,BUY,0.0115,527510.000,2024-07-04 01:37:51.872
ETH,BUY,0.0184,527524.000,2024-07-04 01:38:07.754
ETH,BUY,0.0183,527523.000,2024-07-04 01:38:17.847
ETH,BUY,0.1100,527495.000,2024-07-04 01:38:33.001
ETH,SELL,0.0720,527000.000,2024-07-04 01:38:38.468
ETH,SELL,0.2392,527000.000,2024-07-04 01:38:39.018
ETH,SELL,0.4608,527000.000,2024-07-04 01:38:39.018
ETH,SELL,0.1159,527000.000,2024-07-04 01:38:39.828
ETH,SELL,0.4000,527000.000,2024-07-04 01:38:40.136
ETH,SELL,0.0233,527000.000,2024-07-04 01:38:41.437
ETH,SELL,0.0767,527000.000,2024-07-04 01:38:41.437
ETH,BUY,0.0712,527015.000,2024-07-04 01:38:41.643
ETH,BUY,0.0788,527016.000,2024-07-04 01:38:41.643
ETH,SELL,0.4108,527000.000,2024-07-04 01:38:41.779
ETH,SELL,0.1892,526808.000,2024-07-04 01:38:41.779
ETH,BUY,0.0300,527015.000,2024-07-04 01:38:42.664
ETH,SELL,0.0150,526808.000,2024-07-04 01:38:42.732
ETH,SELL,0.0458,526808.000,2024-07-04 01:38:44.222
ETH,SELL,0.1054,526666.000,2024-07-04 01:38:44.222
ETH,SELL,0.1243,526666.000,2024-07-04 01:38:44.222
ETH,SELL,0.2757,526666.000,2024-07-04 01:38:44.507
ETH,SELL,0.0100,526589.000,2024-07-04 01:38:45.906
ETH,SELL,0.0090,526589.000,2024-07-04 01:38:46.208
ETH,SELL,0.0010,526574.000,2024-07-04 01:38:46.208
ETH,SELL,0.0090,526574.000,2024-07-04 01:38:46.313
ETH,SELL,0.0368,526000.000,2024-07-04 01:38:46.313
ETH,SELL,0.0500,526000.000,2024-07-04 01:38:46.672
ETH,BUY,0.0190,526589.000,2024-07-04 01:38:46.883
ETH,BUY,0.0310,526695.000,2024-07-04 01:38:46.883
ETH,SELL,0.1000,526000.000,2024-07-04 01:38:47.965
ETH,SELL,0.0385,526000.000,2024-07-04 01:38:48.285
ETH,SELL,0.5000,526000.000,2024-07-04 01:38:51.931
ETH,BUY,0.0100,526026.000,2024-07-04 01:38:57.790
ETH,BUY,0.0100,526022.000,2024-07-04 01:39:04.629
ETH,BUY,0.0100,526089.000,2024-07-04 01:39:11.608
ETH,BUY,0.1000,526263.000,2024-07-04 01:39:12.743
ETH,BUY,1.7100,526350.000,2024-07-04 01:39:16.302
ETH,BUY,1.7100,526350.000,2024-07-04 01:39:16.340
ETH,SELL,0.2000,526290.000,2024-07-04 01:39:17.230
ETH,SELL,1.0000,526290.000,2024-07-04 01:39:17.230
ETH,SELL,1.1000,526289.000,2024-07-04 01:39:17.230
ETH,BUY,0.7000,526669.000,2024-07-04 01:39:22.358
ETH,BUY,0.3797,526727.000,2024-07-04 01:39:24.311
ETH,BUY,0.2457,526831.000,2024-07-04 01:39:36.963
ETH,BUY,0.7543,526872.000,2024-07-04 01:39:36.963
ETH,BUY,0.6000,527278.000,2024-07-04 01:39:54.474
ETH,BUY,0.1000,527307.000,2024-07-04 01:39:56.532
ETH,BUY,0.0189,526755.000,2024-07-04 01:40:17.861
ETH,BUY,0.0189,526514.000,2024-07-04 01:40:47.867
ETH,BUY,0.2000,526513.000,2024-07-04 01:40:50.197
ETH,BUY,0.1000,526512.000,2024-07-04 01:40:50.404
ETH,BUY,0.2000,526510.000,2024-07-04 01:40:54.407
ETH,BUY,2.4200,526611.000,2024-07-04 01:40:56.240
ETH,BUY,0.0189,526507.000,2024-07-04 01:40:57.888
ETH,BUY,0.0189,526491.000,2024-07-04 01:41:07.870
ETH,BUY,0.1000,526640.000,2024-07-04 01:41:14.438
ETH,BUY,0.0189,526756.000,2024-07-04 01:41:17.942
ETH,BUY,0.0500,526785.000,2024-07-04 01:41:24.924
ETH,BUY,0.1000,527046.000,2024-07-04 01:41:25.530
ETH,BUY,0.2000,527046.000,2024-07-04 01:41:25.698
ETH,BUY,0.0189,527220.000,2024-07-04 01:41:27.789
ETH,BUY,0.0189,526992.000,2024-07-04 01:41:47.950
ETH,BUY,0.0211,526571.000,2024-07-04 01:42:46.338
ETH,BUY,0.0289,526572.000,2024-07-04 01:42:46.338
ETH,SELL,0.1612,526507.000,2024-07-04 01:42:53.701
ETH,BUY,0.0720,526405.000,2024-07-04 01:42:58.921
ETH,BUY,0.1000,526087.000,2024-07-04 01:43:11.805
ETH,BUY,1.0000,526023.000,2024-07-04 01:43:20.711
ETH,BUY,1.0000,526024.000,2024-07-04 01:43:20.711
ETH,BUY,0.0187,526017.000,2024-07-04 01:43:27.929
ETH,SELL,0.4747,526000.000,2024-07-04 01:43:32.669
ETH,SELL,0.0300,525800.000,2024-07-04 01:43:35.531
ETH,SELL,0.4447,525202.000,2024-07-04 01:43:35.531
ETH,SELL,0.5553,525202.000,2024-07-04 01:43:35.612
ETH,SELL,0.0200,525200.000,2024-07-04 01:43:35.612
ETH,SELL,0.0300,525190.000,2024-07-04 01:43:35.612
ETH,SELL,0.0100,525098.000,2024-07-04 01:43:35.612
ETH,SELL,0.1250,525001.000,2024-07-04 01:43:35.612
ETH,SELL,0.1000,525000.000,2024-07-04 01:43:35.612
ETH,SELL,0.0190,525000.000,2024-07-04 01:43:35.612
ETH,SELL,0.0500,525000.000,2024-07-04 01:43:35.612
ETH,SELL,0.0907,525000.000,2024-07-04 01:43:35.612
ETH,SELL,0.0767,525000.000,2024-07-04 01:43:35.619
ETH,SELL,0.0400,525000.000,2024-07-04 01:43:35.619
ETH,SELL,0.0100,525000.000,2024-07-04 01:43:35.619
ETH,SELL,0.0733,525000.000,2024-07-04 01:43:35.619
ETH,SELL,0.0267,525000.000,2024-07-04 01:43:35.714
ETH,SELL,0.3000,525000.000,2024-07-04 01:43:35.714
ETH,SELL,0.0100,525000.000,2024-07-04 01:43:35.714
ETH,SELL,0.0150,525000.000,2024-07-04 01:43:35.714
ETH,SELL,0.0200,525000.000,2024-07-04 01:43:35.714
ETH,SELL,0.0100,525000.000,2024-07-04 01:43:35.714
ETH,SELL,0.0200,525000.000,2024-07-04 01:43:35.714
ETH,SELL,0.1000,525000.000,2024-07-04 01:43:35.714
ETH,SELL,0.1000,525000.000,2024-07-04 01:43:35.714
ETH,SELL,0.0100,525000.000,2024-07-04 01:43:35.714
ETH,SELL,0.1000,525000.000,2024-07-04 01:43:35.714
ETH,SELL,0.1000,525000.000,2024-07-04 01:43:35.714
ETH,SELL,0.0800,525000.000,2024-07-04 01:43:35.714
ETH,SELL,0.0100,525000.000,2024-07-04 01:43:35.714
ETH,SELL,0.0983,525000.000,2024-07-04 01:43:35.714
ETH,SELL,0.2000,525000.000,2024-07-04 01:43:35.723
ETH,SELL,0.7017,525000.000,2024-07-04 01:43:42.064
ETH,SELL,0.8471,525000.000,2024-07-04 01:43:42.064
ETH,SELL,1.1529,525000.000,2024-07-04 01:43:42.152
ETH,SELL,0.0160,525000.000,2024-07-04 01:43:42.152
ETH,SELL,0.0570,525000.000,2024-07-04 01:43:42.152
ETH,SELL,0.0100,525000.000,2024-07-04 01:43:42.152
ETH,SELL,0.0100,525000.000,2024-07-04 01:43:42.152
ETH,SELL,0.0100,525000.000,2024-07-04 01:43:42.152
ETH,SELL,0.1000,525000.000,2024-07-04 01:43:42.152
ETH,SELL,0.0100,525000.000,2024-07-04 01:43:42.152
ETH,SELL,0.0100,525000.000,2024-07-04 01:43:42.152
ETH,BUY,0.1500,524998.000,2024-07-04 01:43:42.259
ETH,SELL,0.0450,524600.000,2024-07-04 01:43:43.188
ETH,SELL,0.0193,524400.000,2024-07-04 01:43:43.188
ETH,SELL,0.0197,524400.000,2024-07-04 01:43:44.781
ETH,BUY,0.1000,524737.000,2024-07-04 01:43:45.584
ETH,BUY,0.0363,524775.000,2024-07-04 01:43:45.584
ETH,BUY,0.0637,524870.000,2024-07-04 01:43:45.584
ETH,SELL,0.2000,524212.000,2024-07-04 01:43:46.191
ETH,SELL,0.1000,524212.000,2024-07-04 01:43:46.749
ETH,SELL,0.1000,524212.000,2024-07-04 01:43:47.558
ETH,SELL,0.6000,524212.000,2024-07-04 01:43:47.727
ETH,SELL,0.0300,524000.000,2024-07-04 01:43:48.220
ETH,SELL,0.0100,524000.000,2024-07-04 01:43:48.220
ETH,SELL,0.1600,523888.000,2024-07-04 01:43:48.220
ETH,SELL,0.0900,523888.000,2024-07-04 01:43:48.322
ETH,SELL,0.0100,523588.000,2024-07-04 01:43:49.016
ETH,BUY,0.0100,524085.000,2024-07-04 01:43:49.963
ETH,BUY,0.0100,523825.000,2024-07-04 01:43:51.535
ETH,BUY,0.3819,523652.000,2024-07-04 01:43:52.246
ETH,BUY,0.0100,523652.000,2024-07-04 01:43:53.069
ETH,BUY,0.6000,523651.000,2024-07-04 01:43:54.424
ETH,BUY,0.2000,523651.000,2024-07-04 01:43:54.665
ETH,BUY,0.0100,523651.000,2024-07-04 01:43:54.667
ETH,BUY,0.1900,523651.000,2024-07-04 01:43:55.175
ETH,BUY,0.1919,523653.000,2024-07-04 01:43:55.175
ETH,BUY,0.0100,524000.000,2024-07-04 01:43:56.305
ETH,BUY,0.0100,524000.000,2024-07-04 01:43:57.814
ETH,BUY,0.0190,524131.000,2024-07-04 01:43:58.101
ETH,BUY,0.0100,524132.000,2024-07-04 01:43:59.668
ETH,BUY,0.0100,524129.000,2024-07-04 01:44:01.342
ETH,BUY,0.6000,524129.000,2024-07-04 01:44:01.725
ETH,BUY,0.0499,524129.000,2024-07-04 01:44:02.148
ETH,BUY,0.0100,524400.000,2024-07-04 01:44:02.850
ETH,BUY,0.0096,524400.000,2024-07-04 01:44:04.257
ETH,BUY,0.3719,524436.000,2024-07-04 01:44:04.257
ETH,BUY,0.0100,524638.000,2024-07-04 01:44:04.720
ETH,BUY,0.0495,524789.000,2024-07-04 01:44:05.856
ETH,BUY,0.1972,524789.000,2024-07-04 01:44:05.999
ETH,BUY,0.0028,524900.000,2024-07-04 01:44:05.999
ETH,BUY,0.0100,524929.000,2024-07-04 01:44:06.935
ETH,BUY,0.1100,524217.000,2024-07-04 01:44:08.719
ETH,BUY,0.1000,524217.000,2024-07-04 01:44:08.775
ETH,BUY,0.5000,524217.000,2024-07-04 01:44:08.843
ETH,BUY,0.2757,524217.000,2024-07-04 01:44:08.919
ETH,BUY,0.0143,524217.000,2024-07-04 01:44:09.118
ETH,BUY,0.1331,525000.000,2024-07-04 01:44:09.118
ETH,BUY,0.0526,525187.000,2024-07-04 01:44:09.118
ETH,BUY,0.0100,525187.000,2024-07-04 01:44:10.022
ETH,BUY,0.1000,524310.000,2024-07-04 01:44:11.829
ETH,BUY,0.9000,524310.000,2024-07-04 01:44:12.365
ETH,BUY,0.2000,525185.000,2024-07-04 01:44:12.523
ETH,BUY,0.5000,524396.000,2024-07-04 01:44:17.887
ETH,BUY,0.1000,524396.000,2024-07-04 01:44:17.945
ETH,BUY,0.4000,524396.000,2024-07-04 01:44:17.998
ETH,BUY,0.4000,525537.000,2024-07-04 01:44:18.833
ETH,BUY,0.1000,524794.000,2024-07-04 01:44:20.953
ETH,BUY,0.5000,524794.000,2024-07-04 01:44:21.081
ETH,BUY,0.4000,524794.000,2024-07-04 01:44:21.470
ETH,BUY,0.1000,525654.000,2024-07-04 01:44:21.539
ETH,BUY,0.2000,525654.000,2024-07-04 01:44:21.640
ETH,BUY,0.5000,525654.000,2024-07-04 01:44:22.180
ETH,BUY,0.0133,525795.000,2024-07-04 01:44:22.925
ETH,BUY,0.0367,525799.000,2024-07-04 01:44:22.925
ETH,SELL,0.0999,524836.000,2024-07-04 01:44:23.566
ETH,BUY,0.0100,525103.000,2024-07-04 01:44:25.484
ETH,BUY,0.0189,525248.000,2024-07-04 01:44:27.902
ETH,BUY,1.0000,525364.000,2024-07-04 01:44:33.447
ETH,BUY,0.0188,525289.000,2024-07-04 01:44:37.893
ETH,BUY,0.0100,525235.000,2024-07-04 01:44:38.548
ETH,BUY,0.1364,525271.000,2024-07-04 01:44:39.210
ETH,BUY,0.1000,525392.000,2024-07-04 01:44:40.039
ETH,BUY,0.0359,525277.000,2024-07-04 01:44:40.838
ETH,BUY,0.0100,525277.000,2024-07-04 01:44:41.552
ETH,BUY,0.0100,525306.000,2024-07-04 01:44:42.364
ETH,BUY,0.0100,525306.000,2024-07-04 01:44:43.426
ETH,BUY,0.0100,525392.000,2024-07-04 01:44:44.483
ETH,BUY,0.0300,525421.000,2024-07-04 01:44:49.439
ETH,BUY,0.2900,525596.000,2024-07-04 01:44:51.386
ETH,BUY,0.0425,525741.000,2024-07-04 01:45:04.066
ETH,BUY,0.1500,525857.000,2024-07-04 01:45:08.100
ETH,SELL,0.0995,525577.000,2024-07-04 01:45:15.914
ETH,SELL,0.2000,525577.000,2024-07-04 01:45:16.118
ETH,SELL,0.2000,525577.000,2024-07-04 01:45:16.119
ETH,SELL,0.1000,525143.000,2024-07-04 01:45:18.297
ETH,BUY,0.1000,525275.000,2024-07-04 01:45:22.513
ETH,BUY,0.3000,525335.000,2024-07-04 01:45:26.441
ETH,BUY,0.0995,525335.000,2024-07-04 01:45:27.051
ETH,BUY,0.0475,525352.000,2024-07-04 01:45:28.251
ETH,SELL,0.4995,525128.000,2024-07-04 01:45:39.352
ETH,SELL,0.0100,524894.000,2024-07-04 01:45:45.965
ETH,SELL,0.2434,524217.000,2024-07-04 01:45:48.264
ETH,SELL,0.0100,524218.000,2024-07-04 01:45:48.399
ETH,SELL,0.4200,524218.000,2024-07-04 01:45:49.493
ETH,BUY,0.0100,523847.000,2024-07-04 01:45:53.979
ETH,BUY,0.0100,523845.000,2024-07-04 01:45:56.025
ETH,BUY,0.0100,523844.000,2024-07-04 01:45:57.585
ETH,BUY,0.1000,523784.000,2024-07-04 01:45:58.428
ETH,BUY,0.0800,523784.000,2024-07-04 01:45:58.489
ETH,BUY,0.1000,523818.000,2024-07-04 01:45:59.187
ETH,BUY,0.8000,523827.000,2024-07-04 01:46:02.665
ETH,BUY,0.0200,524001.000,2024-07-04 01:46:05.465
ETH,BUY,0.2000,524001.000,2024-07-04 01:46:05.468
ETH,BUY,0.3000,524001.000,2024-07-04 01:46:06.135
ETH,BUY,0.1000,524204.000,2024-07-04 01:46:06.980
ETH,BUY,0.0190,524362.000,2024-07-04 01:46:07.910
ETH,BUY,0.4000,524362.000,2024-07-04 01:46:07.960
ETH,BUY,0.1625,524362.000,2024-07-04 01:46:08.098
ETH,BUY,0.5004,524362.000,2024-07-04 01:46:08.431
ETH,BUY,1.0000,524552.000,2024-07-04 01:46:10.612
ETH,SELL,0.2420,524061.000,2024-07-04 01:46:30.713
ETH,BUY,0.1000,523839.000,2024-07-04 01:46:34.412
ETH,BUY,0.2000,523839.000,2024-07-04 01:46:34.615
ETH,BUY,0.6000,523838.000,2024-07-04 01:46:38.539
ETH,BUY,0.0100,523970.000,2024-07-04 01:46:39.644
ETH,BUY,0.2000,523943.000,2024-07-04 01:46:55.612
ETH,BUY,0.0409,523900.000,2024-07-04 01:47:05.463
ETH,BUY,0.1591,523972.000,2024-07-04 01:47:05.463
ETH,BUY,0.6000,524146.000,2024-07-04 01:47:07.099
ETH,BUY,1.7100,524233.000,2024-07-04 01:47:08.928
ETH,BUY,0.1000,524349.000,2024-07-04 01:47:09.522
ETH,BUY,0.2000,524378.000,2024-07-04 01:47:10.489
ETH,BUY,0.0900,524406.000,2024-07-04 01:47:17.581
ETH,BUY,0.0500,524407.000,2024-07-04 01:47:17.581
ETH,BUY,0.3332,524437.000,2024-07-04 01:47:17.581
ETH,BUY,0.3268,524437.000,2024-07-04 01:47:17.581
ETH,BUY,0.0200,524434.000,2024-07-04 01:47:20.335
ETH,BUY,0.1324,524423.000,2024-07-04 01:47:30.528
ETH,SELL,0.2579,523002.000,2024-07-04 01:47:41.210
ETH,BUY,0.0440,524395.000,2024-07-04 01:47:41.243
ETH,BUY,1.2309,524359.000,2024-07-04 01:48:03.073
ETH,BUY,1.0000,524361.000,2024-07-04 01:48:03.073
ETH,BUY,0.0691,524367.000,2024-07-04 01:48:03.073
ETH,BUY,0.0610,524340.000,2024-07-04 01:48:14.168
ETH,SELL,0.1100,523000.000,2024-07-04 01:48:14.243
ETH,SELL,0.2900,523000.000,2024-07-04 01:48:14.288
ETH,SELL,1.0000,522737.000,2024-07-04 01:48:14.410
ETH,SELL,0.0100,522736.000,2024-07-04 01:48:14.472
ETH,SELL,0.0100,522700.000,2024-07-04 01:48:14.472
ETH,SELL,0.0817,522503.000,2024-07-04 01:48:14.472
ETH,SELL,0.1017,522503.000,2024-07-04 01:48:14.537
ETH,SELL,0.3966,522503.000,2024-07-04 01:48:14.540
ETH,SELL,0.0644,522501.000,2024-07-04 01:48:14.540
ETH,SELL,0.0606,522501.000,2024-07-04 01:48:14.672
ETH,SELL,0.0411,522222.000,2024-07-04 01:48:14.672
ETH,SELL,0.0915,522222.000,2024-07-04 01:48:14.883
ETH,SELL,0.1017,522222.000,2024-07-04 01:48:14.965
ETH,SELL,0.0610,522223.000,2024-07-04 01:48:16.741
ETH,SELL,0.0379,522224.000,2024-07-04 01:48:16.946
ETH,BUY,0.0100,522289.000,2024-07-04 01:48:18.931
ETH,BUY,0.0100,522289.000,2024-07-04 01:48:20.462
ETH,BUY,0.0100,522288.000,2024-07-04 01:48:22.081
ETH,BUY,0.0100,522289.000,2024-07-04 01:48:23.657
ETH,BUY,0.0100,522289.000,2024-07-04 01:48:25.292
ETH,BUY,0.0100,522348.000,2024-07-04 01:48:26.887
ETH,BUY,0.0189,522462.000,2024-07-04 01:48:28.033
ETH,BUY,0.0100,522551.000,2024-07-04 01:48:28.521
ETH,BUY,0.0100,522470.000,2024-07-04 01:48:30.088
ETH,BUY,0.0100,522470.000,2024-07-04 01:48:31.667
ETH,BUY,0.0100,522493.000,2024-07-04 01:48:33.269
ETH,BUY,0.5000,522551.000,2024-07-04 01:48:34.616
ETH,BUY,0.0100,522551.000,2024-07-04 01:48:34.843
ETH,BUY,0.0333,522551.000,2024-07-04 01:48:34.975
ETH,BUY,0.0100,522638.000,2024-07-04 01:48:36.492
ETH,BUY,0.7000,522725.000,2024-07-04 01:48:38.500
ETH,BUY,0.0200,522753.000,2024-07-04 01:48:41.739
ETH,BUY,0.0789,522671.000,2024-07-04 01:48:48.667
ETH,BUY,0.9211,522712.000,2024-07-04 01:48:48.667
ETH,BUY,0.1200,522670.000,2024-07-04 01:48:49.920
ETH,SELL,0.0571,522470.000,2024-07-04 01:48:53.219
ETH,BUY,0.0100,522492.000,2024-07-04 01:48:55.997
ETH,BUY,0.0100,522551.000,2024-07-04 01:48:57.976
ETH,BUY,1.0000,522550.000,2024-07-04 01:48:58.980
ETH,BUY,1.8000,522580.000,2024-07-04 01:48:58.980
ETH,BUY,0.0100,522609.000,2024-07-04 01:48:59.684
ETH,BUY,0.0100,522579.000,2024-07-04 01:49:01.279
ETH,BUY,0.0100,522578.000,2024-07-04 01:49:02.867
ETH,BUY,0.4000,522609.000,2024-07-04 01:49:03.870
ETH,BUY,0.0100,522609.000,2024-07-04 01:49:04.511
ETH,BUY,0.0100,522696.000,2024-07-04 01:49:06.962
ETH,BUY,0.1000,522957.000,2024-07-04 01:49:08.585
ETH,BUY,0.1839,523001.000,2024-07-04 01:49:09.661
ETH,BUY,0.1286,523002.000,2024-07-04 01:49:09.661
ETH,BUY,0.0700,523073.000,2024-07-04 01:49:09.661
ETH,BUY,0.4000,523073.000,2024-07-04 01:49:09.918
ETH,BUY,0.2000,523102.000,2024-07-04 01:49:18.337
ETH,BUY,0.1000,523131.000,2024-07-04 01:49:38.426
ETH,BUY,0.1000,523131.000,2024-07-04 01:49:42.561
ETH,BUY,0.0200,523160.000,2024-07-04 01:50:16.428
ETH,BUY,0.0100,523160.000,2024-07-04 01:50:32.897
ETH,SELL,0.4000,523030.000,2024-07-04 01:50:35.184
ETH,SELL,0.9276,523011.000,2024-07-04 01:50:35.184
ETH,SELL,0.2000,523010.000,2024-07-04 01:50:35.184
ETH,SELL,0.4724,523000.000,2024-07-04 01:50:35.184
ETH,BUY,0.0300,523102.000,2024-07-04 01:50:42.523
ETH,BUY,0.3700,523160.000,2024-07-04 01:50:52.658
ETH,BUY,0.0800,523189.000,2024-07-04 01:50:53.609
ETH,SELL,0.5276,523000.000,2024-07-04 01:51:20.245
ETH,SELL,0.4000,522706.000,2024-07-04 01:51:21.649
ETH,SELL,0.3000,522684.000,2024-07-04 01:51:21.789
ETH,BUY,0.4000,522783.000,2024-07-04 01:51:22.972
ETH,SELL,1.0000,522224.000,2024-07-04 01:51:23.722
ETH,BUY,0.0100,522377.000,2024-07-04 01:51:26.755
ETH,BUY,0.0191,522406.000,2024-07-04 01:51:27.852
ETH,BUY,0.0100,522406.000,2024-07-04 01:51:28.387
ETH,BUY,0.0100,522464.000,2024-07-04 01:51:29.988
ETH,BUY,0.0100,522493.000,2024-07-04 01:51:31.574
ETH,BUY,0.0100,522580.000,2024-07-04 01:51:33.127
ETH,BUY,0.0100,522579.000,2024-07-04 01:51:34.715
ETH,SELL,0.0117,522222.000,2024-07-04 01:51:40.216
ETH,SELL,0.2540,522222.000,2024-07-04 01:51:42.012
ETH,SELL,0.2726,522178.000,2024-07-04 01:51:42.556
ETH,SELL,0.0100,522000.000,2024-07-04 01:51:43.034
ETH,SELL,0.0100,522000.000,2024-07-04 01:51:43.034
ETH,SELL,0.0100,522000.000,2024-07-04 01:51:43.034
ETH,SELL,0.0700,522000.000,2024-07-04 01:51:43.034
ETH,SELL,0.0500,522000.000,2024-07-04 01:51:43.099
ETH,SELL,0.1774,522000.000,2024-07-04 01:51:43.099
ETH,SELL,0.2000,522020.000,2024-07-04 01:51:44.302
ETH,SELL,0.0331,522020.000,2024-07-04 01:51:45.679
ETH,BUY,0.0191,522116.000,2024-07-04 01:51:47.969
ETH,BUY,0.0191,522145.000,2024-07-04 01:51:57.759
ETH,SELL,0.1500,522055.000,2024-07-04 01:52:00.187
ETH,BUY,0.0950,522170.000,2024-07-04 01:52:07.163
ETH,BUY,0.0191,522348.000,2024-07-04 01:52:08.046
ETH,BUY,0.1000,522435.000,2024-07-04 01:52:09.183
ETH,BUY,0.3900,522464.000,2024-07-04 01:52:11.079
ETH,BUY,0.0100,522638.000,2024-07-04 01:52:13.390
ETH,BUY,0.1100,522780.000,2024-07-04 01:52:16.421
ETH,BUY,0.0191,522783.000,2024-07-04 01:52:17.803
ETH,BUY,0.0100,522812.000,2024-07-04 01:52:21.158
ETH,BUY,0.2800,522899.000,2024-07-04 01:52:23.313
ETH,BUY,0.0191,522955.000,2024-07-04 01:52:37.823
ETH,BUY,0.1000,522820.000,2024-07-04 01:52:48.271
ETH,BUY,0.0709,522955.000,2024-07-04 01:52:49.387
ETH,BUY,0.3291,522957.000,2024-07-04 01:52:49.387
ETH,BUY,0.0499,522746.000,2024-07-04 01:53:00.678
ETH,BUY,0.0601,522747.000,2024-07-04 01:53:00.678
ETH,BUY,0.0700,522744.000,2024-07-04 01:53:03.770
ETH,BUY,0.2000,522735.000,2024-07-04 01:53:07.879
ETH,BUY,0.6000,522738.000,2024-07-04 01:53:07.879
ETH,BUY,0.2000,522754.000,2024-07-04 01:53:16.518
ETH,BUY,0.1670,522749.000,2024-07-04 01:53:21.190
ETH,BUY,0.0200,522729.000,2024-07-04 01:53:30.581
ETH,BUY,0.0181,522725.000,2024-07-04 01:53:32.835
ETH,BUY,0.0200,522700.000,2024-07-04 01:53:50.042
ETH,SELL,0.0163,522295.000,2024-07-04 01:53:54.188
ETH,BUY,0.0400,522316.000,2024-07-04 01:54:05.633
ETH,BUY,0.0500,522315.000,2024-07-04 01:54:07.411
ETH,SELL,0.0300,522025.000,2024-07-04 01:54:08.902
ETH,SELL,0.0700,522000.000,2024-07-04 01:54:08.902
ETH,SELL,0.2526,522000.000,2024-07-04 01:54:09.298
ETH,SELL,0.0100,522000.000,2024-07-04 01:54:09.298
ETH,SELL,0.0374,522000.000,2024-07-04 01:54:09.298
ETH,SELL,0.0126,522000.000,2024-07-04 01:54:10.467
ETH,SELL,0.0374,522000.000,2024-07-04 01:54:10.467
ETH,SELL,0.0226,522000.000,2024-07-04 01:54:12.174
ETH,SELL,0.0100,521500.000,2024-07-04 01:54:13.295
ETH,SELL,0.0100,521520.000,2024-07-04 01:54:14.801
ETH,SELL,0.0162,521088.000,2024-07-04 01:54:14.801
ETH,SELL,0.0100,521089.000,2024-07-04 01:54:15.381
ETH,BUY,0.5460,521188.000,2024-07-04 01:54:15.924
ETH,BUY,0.0450,521187.000,2024-07-04 01:54:17.480
ETH,BUY,0.0190,521186.000,2024-07-04 01:54:17.976
ETH,BUY,0.2000,521186.000,2024-07-04 01:54:18.382
ETH,BUY,0.1000,521183.000,2024-07-04 01:54:22.454
ETH,SELL,0.2338,521088.000,2024-07-04 01:54:25.872
ETH,SELL,0.1000,521010.000,2024-07-04 01:54:26.437
ETH,SELL,0.1000,521001.000,2024-07-04 01:54:27.349
ETH,SELL,0.0593,521001.000,2024-07-04 01:54:27.828
ETH,SELL,0.3407,521001.000,2024-07-04 01:54:27.829
ETH,SELL,0.0100,521021.000,2024-07-04 01:54:28.683
ETH,SELL,0.1000,521000.000,2024-07-04 01:54:28.683
ETH,SELL,0.1900,521000.000,2024-07-04 01:54:28.683
ETH,SELL,1.0000,521000.000,2024-07-04 01:54:28.820
ETH,SELL,0.0100,521000.000,2024-07-04 01:54:29.446
ETH,BUY,0.0200,521013.000,2024-07-04 01:54:32.480
ETH,BUY,0.0280,521042.000,2024-07-04 01:54:45.078
ETH,BUY,0.0180,521063.000,2024-07-04 01:54:57.838
ETH,BUY,0.4605,521068.000,2024-07-04 01:54:57.838
ETH,BUY,0.1400,521101.000,2024-07-04 01:54:57.838
ETH,BUY,0.3315,521130.000,2024-07-04 01:54:57.838
ETH,BUY,0.6000,521159.000,2024-07-04 01:55:07.383
ETH,BUY,0.4000,521304.000,2024-07-04 01:55:10.522
ETH,BUY,1.7200,521275.000,2024-07-04 01:55:11.421
ETH,BUY,1.7200,521536.000,2024-07-04 01:55:13.964
ETH,BUY,0.1000,521536.000,2024-07-04 01:55:14.395
ETH,BUY,0.1000,521652.000,2024-07-04 01:55:22.357
ETH,BUY,0.5000,521768.000,2024-07-04 01:55:26.427
ETH,BUY,0.1000,521826.000,2024-07-04 01:55:30.531
ETH,BUY,0.1000,521855.000,2024-07-04 01:55:34.360
ETH,SELL,0.0480,521000.000,2024-07-04 01:56:12.551
ETH,SELL,0.1593,521000.000,2024-07-04 01:56:16.157
ETH,SELL,0.5927,521000.000,2024-07-04 01:56:17.200
ETH,SELL,0.0100,521000.000,2024-07-04 01:56:17.200
ETH,SELL,0.0100,521000.000,2024-07-04 01:56:17.200
ETH,BUY,1.7000,520626.000,2024-07-04 01:56:22.602
ETH,SELL,0.0200,520500.000,2024-07-04 01:56:24.853
ETH,SELL,0.2000,520500.000,2024-07-04 01:56:24.853
ETH,BUY,0.0201,520510.000,2024-07-04 01:56:26.587
ETH,BUY,1.6799,520519.000,2024-07-04 01:56:26.587
ETH,BUY,0.8000,520579.000,2024-07-04 01:56:30.425
ETH,BUY,0.0100,520728.000,2024-07-04 01:56:32.309
ETH,BUY,0.2000,520728.000,2024-07-04 01:56:34.482
ETH,BUY,0.0401,520749.000,2024-07-04 01:56:38.423
ETH,BUY,0.0599,520753.000,2024-07-04 01:56:38.423
ETH,SELL,0.0100,520383.000,2024-07-04 01:56:58.314
ETH,SELL,0.4948,520383.000,2024-07-04 01:56:58.314
ETH,SELL,0.1000,520383.000,2024-07-04 01:56:58.543
ETH,SELL,0.1472,520383.000,2024-07-04 01:56:58.893
ETH,SELL,1.0000,520383.000,2024-07-04 01:56:59.054
ETH,SELL,0.1000,520383.000,2024-07-04 01:57:00.235
ETH,SELL,0.3000,520383.000,2024-07-04 01:57:00.605
ETH,SELL,0.0100,520320.000,2024-07-04 01:57:01.888
ETH,SELL,0.0900,520267.000,2024-07-04 01:57:01.888
ETH,SELL,0.1000,520267.000,2024-07-04 01:57:02.471
ETH,SELL,0.0030,520267.000,2024-07-04 01:57:03.099
ETH,SELL,0.0250,520113.000,2024-07-04 01:57:03.099
ETH,SELL,0.0200,520100.000,2024-07-04 01:57:03.099
ETH,SELL,0.0500,520011.000,2024-07-04 01:57:03.099
ETH,SELL,0.1000,520010.000,2024-07-04 01:57:03.099
ETH,SELL,0.1000,520002.000,2024-07-04 01:57:03.099
ETH,SELL,0.0020,520001.000,2024-07-04 01:57:03.099
ETH,SELL,0.0180,520001.000,2024-07-04 01:57:04.223
ETH,SELL,0.1300,520001.000,2024-07-04 01:57:04.223
ETH,SELL,0.0520,520001.000,2024-07-04 01:57:04.223
ETH,SELL,0.0730,520001.000,2024-07-04 01:57:04.671
ETH,SELL,0.0100,520001.000,2024-07-04 01:57:04.671
ETH,SELL,0.1170,520001.000,2024-07-04 01:57:04.671
ETH,SELL,0.3830,520001.000,2024-07-04 01:57:05.120
ETH,SELL,0.0500,520000.000,2024-07-04 01:57:05.120
ETH,SELL,0.0200,520000.000,2024-07-04 01:57:05.120
ETH,SELL,0.1000,520000.000,2024-07-04 01:57:05.120
ETH,SELL,0.3000,520000.000,2024-07-04 01:57:05.120
ETH,SELL,0.0100,520000.000,2024-07-04 01:57:05.120
ETH,SELL,0.1900,520000.000,2024-07-04 01:57:05.120
ETH,SELL,0.0660,520000.000,2024-07-04 01:57:05.120
ETH,SELL,0.0200,520000.000,2024-07-04 01:57:05.120
ETH,SELL,0.1000,520000.000,2024-07-04 01:57:05.120
ETH,SELL,0.0100,520000.000,2024-07-04 01:57:05.120
ETH,SELL,0.0100,520000.000,2024-07-04 01:57:05.120
ETH,SELL,0.1000,520000.000,2024-07-04 01:57:05.120
ETH,SELL,0.0100,520000.000,2024-07-04 01:57:05.120
ETH,SELL,0.0250,520000.000,2024-07-04 01:57:05.120
ETH,SELL,1.0000,520000.000,2024-07-04 01:57:05.120
ETH,SELL,0.4700,520000.000,2024-07-04 01:57:05.120
ETH,SELL,0.0100,520000.000,2024-07-04 01:57:05.120
ETH,SELL,0.0100,520000.000,2024-07-04 01:57:05.120
ETH,SELL,0.0100,520000.000,2024-07-04 01:57:05.120
ETH,SELL,0.0100,520000.000,2024-07-04 01:57:05.120
ETH,SELL,0.0400,520000.000,2024-07-04 01:57:05.120
ETH,SELL,0.4000,520000.000,2024-07-04 01:57:05.120
ETH,SELL,0.1900,520000.000,2024-07-04 01:57:05.120
ETH,SELL,0.2000,520000.000,2024-07-04 01:57:05.120
ETH,SELL,0.0100,520000.000,2024-07-04 01:57:05.120
ETH,SELL,0.7000,520000.000,2024-07-04 01:57:05.120
ETH,SELL,0.1000,520000.000,2024-07-04 01:57:05.120
ETH,SELL,0.1000,520000.000,2024-07-04 01:57:05.120
ETH,SELL,0.1000,520000.000,2024-07-04 01:57:05.120
ETH,SELL,0.0500,520000.000,2024-07-04 01:57:05.120
ETH,SELL,0.0500,520000.000,2024-07-04 01:57:05.120
ETH,SELL,0.0300,520000.000,2024-07-04 01:57:05.120
ETH,SELL,0.0250,520000.000,2024-07-04 01:57:05.120
ETH,SELL,0.0100,520000.000,2024-07-04 01:57:05.120
ETH,SELL,0.2000,520000.000,2024-07-04 01:57:05.120
ETH,SELL,0.0400,520000.000,2024-07-04 01:57:05.120
ETH,SELL,0.0100,520000.000,2024-07-04 01:57:05.120
ETH,SELL,0.0100,520000.000,2024-07-04 01:57:05.120
ETH,SELL,0.0300,520000.000,2024-07-04 01:57:05.120
ETH,SELL,1.0000,520000.000,2024-07-04 01:57:05.120
ETH,SELL,0.0140,520000.000,2024-07-04 01:57:05.120
ETH,SELL,0.2100,520000.000,2024-07-04 01:57:05.120
ETH,SELL,0.7000,520000.000,2024-07-04 01:57:05.120
ETH,SELL,0.0100,520000.000,2024-07-04 01:57:05.120
ETH,SELL,0.8670,520000.000,2024-07-04 01:57:05.120
ETH,SELL,0.0330,520000.000,2024-07-04 01:57:05.343
ETH,SELL,0.0100,520000.000,2024-07-04 01:57:05.343
ETH,SELL,0.0100,520000.000,2024-07-04 01:57:05.343
ETH,SELL,0.0100,520000.000,2024-07-04 01:57:05.343
ETH,SELL,0.0200,520000.000,2024-07-04 01:57:05.343
ETH,SELL,0.0200,520000.000,2024-07-04 01:57:05.343
ETH,SELL,0.0200,520000.000,2024-07-04 01:57:05.343
ETH,SELL,0.1000,520000.000,2024-07-04 01:57:05.343
ETH,SELL,0.0444,520000.000,2024-07-04 01:57:05.343
ETH,SELL,0.0100,520000.000,2024-07-04 01:57:05.343
ETH,SELL,0.0100,520000.000,2024-07-04 01:57:05.343
ETH,SELL,0.0300,520000.000,2024-07-04 01:57:05.343
ETH,SELL,0.1000,520000.000,2024-07-04 01:57:05.343
ETH,SELL,0.0100,520000.000,2024-07-04 01:57:05.343
ETH,SELL,0.0400,520000.000,2024-07-04 01:57:05.343
ETH,SELL,0.5000,520000.000,2024-07-04 01:57:05.343
ETH,SELL,0.0326,520000.000,2024-07-04 01:57:05.343
ETH,SELL,0.4400,520000.000,2024-07-04 01:57:05.352
ETH,SELL,0.0274,520000.000,2024-07-04 01:57:05.354
ETH,SELL,1.0000,520000.000,2024-07-04 01:57:05.354
ETH,SELL,0.6500,520000.000,2024-07-04 01:57:05.354
ETH,SELL,0.0100,520000.000,2024-07-04 01:57:05.354
ETH,SELL,0.3126,520000.000,2024-07-04 01:57:05.354
ETH,SELL,0.2000,520000.000,2024-07-04 01:57:06.170
ETH,SELL,0.1000,520000.000,2024-07-04 01:57:07.062
ETH,SELL,0.1000,520000.000,2024-07-04 01:57:07.239
ETH,SELL,0.2874,520000.000,2024-07-04 01:57:07.498
ETH,SELL,0.0126,520000.000,2024-07-04 01:57:07.498
ETH,SELL,0.2726,520000.000,2024-07-04 01:57:09.269
ETH,SELL,0.1000,520000.000,2024-07-04 01:57:10.328
ETH,SELL,0.6148,520000.000,2024-07-04 01:57:11.805
ETH,SELL,0.1000,520000.000,2024-07-04 01:57:11.805
ETH,SELL,0.0190,520000.000,2024-07-04 01:57:11.805
ETH,SELL,0.0570,520000.000,2024-07-04 01:57:11.805
ETH,SELL,0.0750,520000.000,2024-07-04 01:57:11.805
ETH,SELL,0.1000,520000.000,2024-07-04 01:57:11.805
ETH,SELL,0.0100,520000.000,2024-07-04 01:57:11.805
ETH,SELL,0.1000,520000.000,2024-07-04 01:57:11.805
ETH,SELL,0.0100,520000.000,2024-07-04 01:57:11.805
ETH,SELL,0.6416,520000.000,2024-07-04 01:57:11.805
ETH,SELL,0.0800,520000.000,2024-07-04 01:57:12.020
ETH,SELL,0.0800,520000.000,2024-07-04 01:57:12.021
ETH,SELL,0.0800,520000.000,2024-07-04 01:57:12.094
ETH,SELL,0.0800,520000.000,2024-07-04 01:57:12.158
ETH,SELL,0.0384,520000.000,2024-07-04 01:57:14.029
ETH,SELL,0.0616,520000.000,2024-07-04 01:57:14.029
ETH,SELL,0.1000,520000.000,2024-07-04 01:57:14.108
ETH,SELL,0.0384,520000.000,2024-07-04 01:57:14.165
ETH,SELL,0.0116,520000.000,2024-07-04 01:57:14.165
ETH,SELL,0.0384,520000.000,2024-07-04 01:57:17.981
ETH,SELL,0.0200,520000.000,2024-07-04 01:57:17.981
ETH,SELL,0.0210,520000.000,2024-07-04 01:57:17.981
ETH,SELL,0.0500,520000.000,2024-07-04 01:57:17.981
ETH,SELL,0.1000,520000.000,2024-07-04 01:57:17.981
ETH,BUY,0.0190,520025.000,2024-07-04 01:57:28.226
ETH,BUY,1.0800,520057.000,2024-07-04 01:57:30.529
ETH,BUY,0.1000,520086.000,2024-07-04 01:57:32.101
ETH,BUY,0.0495,520144.000,2024-07-04 01:57:35.499
ETH,BUY,0.1000,520173.000,2024-07-04 01:57:42.052
ETH,BUY,0.1000,520195.000,2024-07-04 01:57:45.077
ETH,SELL,0.0400,519900.000,2024-07-04 01:57:45.159
ETH,SELL,0.8945,519584.000,2024-07-04 01:57:45.159
ETH,SELL,0.0200,519500.000,2024-07-04 01:57:45.159
ETH,SELL,0.0455,519320.000,2024-07-04 01:57:45.159
ETH,BUY,4.0000,519506.000,2024-07-04 01:57:46.353
ETH,BUY,2.9100,519738.000,2024-07-04 01:57:46.353
ETH,BUY,0.1000,519738.000,2024-07-04 01:57:46.409
ETH,BUY,0.0455,519853.000,2024-07-04 01:57:48.041
ETH,BUY,0.0545,519854.000,2024-07-04 01:57:48.041
ETH,BUY,0.1000,519999.000,2024-07-04 01:57:49.341
ETH,BUY,0.1000,520028.000,2024-07-04 01:57:51.090
ETH,BUY,0.1000,520144.000,2024-07-04 01:57:54.048
ETH,BUY,0.1000,520173.000,2024-07-04 01:57:58.269
ETH,BUY,0.1000,520200.000,2024-07-04 01:58:00.280
ETH,BUY,0.6150,520200.000,2024-07-04 01:58:01.930
ETH,BUY,0.3850,520202.000,2024-07-04 01:58:01.930
ETH,BUY,1.7300,520202.000,2024-07-04 01:58:02.142
ETH,BUY,1.7300,520202.000,2024-07-04 01:58:02.312
ETH,BUY,0.1000,520318.000,2024-07-04 01:58:03.340
ETH,BUY,0.1000,520383.000,2024-07-04 01:58:04.211
ETH,BUY,0.1000,520383.000,2024-07-04 01:58:06.346
ETH,BUY,0.0058,520383.000,2024-07-04 01:58:09.325
ETH,BUY,0.0942,520405.000,2024-07-04 01:58:09.325
ETH,BUY,0.0571,520463.000,2024-07-04 01:58:12.000
ETH,BUY,0.0200,520492.000,2024-07-04 01:58:17.831
ETH,BUY,0.0100,520491.000,2024-07-04 01:58:28.542
ETH,BUY,0.0100,520521.000,2024-07-04 01:58:42.170
ETH,BUY,0.0100,520098.000,2024-07-04 01:59:27.595
ETH,BUY,0.0200,519991.000,2024-07-04 01:59:31.625
ETH,BUY,0.1930,519871.000,2024-07-04 01:59:37.575
ETH,BUY,0.1000,519404.000,2024-07-04 02:00:01.829
ETH,BUY,1.0000,519357.000,2024-07-04 02:00:03.521
ETH,BUY,0.8845,519139.000,2024-07-04 02:00:10.553
ETH,BUY,0.2496,519139.000,2024-07-04 02:00:10.553
ETH,BUY,0.0629,519140.000,2024-07-04 02:00:10.553
ETH,BUY,0.2030,519144.000,2024-07-04 02:00:10.553
ETH,BUY,0.0900,519158.000,2024-07-04 02:00:14.376
ETH,BUY,0.0100,519169.000,2024-07-04 02:00:14.376
ETH,BUY,0.1000,519155.000,2024-07-04 02:00:16.138
ETH,SELL,0.0200,519023.000,2024-07-04 02:00:17.201
ETH,SELL,0.0023,519000.000,2024-07-04 02:00:17.201
ETH,SELL,0.0077,519000.000,2024-07-04 02:00:17.306
ETH,SELL,0.0300,519000.000,2024-07-04 02:00:17.306
ETH,SELL,0.1000,519000.000,2024-07-04 02:00:17.306
ETH,SELL,0.2500,518988.000,2024-07-04 02:00:17.306
ETH,SELL,0.0100,518888.000,2024-07-04 02:00:17.306
ETH,SELL,0.0106,518787.000,2024-07-04 02:00:17.306
ETH,SELL,1.0000,518612.000,2024-07-04 02:00:17.306
ETH,SELL,0.7150,518611.000,2024-07-04 02:00:17.306
ETH,SELL,0.0200,518500.000,2024-07-04 02:00:17.306
ETH,SELL,0.0450,518500.000,2024-07-04 02:00:17.306
ETH,SELL,0.0390,518500.000,2024-07-04 02:00:17.306
ETH,SELL,0.7227,518286.000,2024-07-04 02:00:17.306
ETH,SELL,0.1735,518286.000,2024-07-04 02:00:17.311
ETH,SELL,0.0665,518200.000,2024-07-04 02:00:17.311
ETH,BUY,1.9000,518346.000,2024-07-04 02:00:18.442
ETH,BUY,0.0100,518520.000,2024-07-04 02:00:19.170
ETH,BUY,0.0407,518440.000,2024-07-04 02:00:22.486
ETH,BUY,0.0593,518445.000,2024-07-04 02:00:22.486
ETH,BUY,0.1000,518252.000,2024-07-04 02:00:26.348
ETH,SELL,0.0335,518200.000,2024-07-04 02:00:29.249
ETH,SELL,0.0100,518000.000,2024-07-04 02:00:29.251
ETH,SELL,0.0100,518000.000,2024-07-04 02:00:29.251
ETH,SELL,0.0124,518000.000,2024-07-04 02:00:29.251
ETH,SELL,1.0000,518000.000,2024-07-04 02:00:29.340
ETH,SELL,0.9876,518000.000,2024-07-04 02:00:29.349
ETH,SELL,0.0100,518000.000,2024-07-04 02:00:29.349
ETH,SELL,0.1000,517890.000,2024-07-04 02:00:29.349
ETH,SELL,0.0400,517800.000,2024-07-04 02:00:29.349
ETH,SELL,0.0100,517579.000,2024-07-04 02:00:29.349
ETH,SELL,1.0000,517502.000,2024-07-04 02:00:29.349
ETH,SELL,0.1250,517501.000,2024-07-04 02:00:29.349
ETH,SELL,0.0100,517400.000,2024-07-04 02:00:29.349
ETH,SELL,0.2226,517371.000,2024-07-04 02:00:29.349
ETH,SELL,0.1000,517000.000,2024-07-04 02:00:29.349
ETH,SELL,0.0200,517000.000,2024-07-04 02:00:29.349
ETH,SELL,0.2000,517000.000,2024-07-04 02:00:29.349
ETH,SELL,0.1500,517000.000,2024-07-04 02:00:29.349
ETH,SELL,0.0470,516914.000,2024-07-04 02:00:29.349
ETH,SELL,1.7778,516728.000,2024-07-04 02:00:29.349
ETH,BUY,1.0000,517389.000,2024-07-04 02:00:30.451
ETH,BUY,0.0100,517108.000,2024-07-04 02:00:32.790
ETH,BUY,0.0100,516923.000,2024-07-04 02:00:34.366
ETH,BUY,1.2000,516923.000,2024-07-04 02:00:34.434
ETH,BUY,0.0100,516774.000,2024-07-04 02:00:36.224
ETH,SELL,0.1000,516731.000,2024-07-04 02:00:36.323
ETH,SELL,0.1075,516666.000,2024-07-04 02:00:36.323
ETH,SELL,0.3000,516666.000,2024-07-04 02:00:36.323
ETH,SELL,0.0200,516610.000,2024-07-04 02:00:36.323
ETH,SELL,0.2475,516312.000,2024-07-04 02:00:36.323
ETH,BUY,0.0200,516575.000,2024-07-04 02:00:36.496
ETH,BUY,0.0100,516574.000,2024-07-04 02:00:37.498
ETH,BUY,0.0200,516574.000,2024-07-04 02:00:37.643
ETH,BUY,0.0240,516573.000,2024-07-04 02:00:38.152
ETH,BUY,0.0560,516573.000,2024-07-04 02:00:38.275
ETH,BUY,0.1302,516573.000,2024-07-04 02:00:38.375
ETH,BUY,0.2100,516573.000,2024-07-04 02:00:38.377
ETH,BUY,1.3576,516573.000,2024-07-04 02:00:38.378
ETH,BUY,0.3424,516574.000,2024-07-04 02:00:38.378
ETH,BUY,0.0800,516574.000,2024-07-04 02:00:38.520
ETH,BUY,0.0800,516574.000,2024-07-04 02:00:38.575
ETH,SELL,0.2100,516314.000,2024-07-04 02:00:38.631
ETH,BUY,0.0100,516573.000,2024-07-04 02:00:39.069
ETH,BUY,0.1800,516573.000,2024-07-04 02:00:39.130
ETH,SELL,0.1300,516315.000,2024-07-04 02:00:39.339
ETH,BUY,0.0100,516665.000,2024-07-04 02:00:40.682
ETH,BUY,0.0100,516808.000,2024-07-04 02:00:42.273
ETH,BUY,0.4000,516808.000,2024-07-04 02:00:42.282
ETH,BUY,0.5900,516808.000,2024-07-04 02:00:42.621
ETH,BUY,0.3100,516893.000,2024-07-04 02:00:42.621
ETH,BUY,0.1000,516923.000,2024-07-04 02:00:43.458
ETH,BUY,0.0100,516892.000,2024-07-04 02:00:44.123
ETH,BUY,0.4350,516896.000,2024-07-04 02:00:45.238
ETH,BUY,0.0100,516896.000,2024-07-04 02:00:45.552
ETH,BUY,0.0140,516896.000,2024-07-04 02:00:45.701
ETH,BUY,0.0185,516923.000,2024-07-04 02:00:45.701
ETH,BUY,0.1068,516547.000,2024-07-04 02:00:51.239
ETH,SELL,0.3000,516307.000,2024-07-04 02:00:53.681
ETH,SELL,0.1000,516220.000,2024-07-04 02:00:54.237
ETH,SELL,0.0100,516000.000,2024-07-04 02:00:54.845
ETH,SELL,0.0200,516000.000,2024-07-04 02:00:54.845
ETH,SELL,0.4500,515999.000,2024-07-04 02:00:54.845
ETH,SELL,0.0500,515960.000,2024-07-04 02:00:54.845
ETH,SELL,0.0450,515853.000,2024-07-04 02:00:54.845
ETH,SELL,0.0100,515777.000,2024-07-04 02:00:54.845
ETH,SELL,0.0100,515661.000,2024-07-04 02:00:54.845
ETH,SELL,0.0200,515601.000,2024-07-04 02:00:54.845
ETH,SELL,0.0200,515555.000,2024-07-04 02:00:54.845
ETH,SELL,0.0194,515331.000,2024-07-04 02:00:54.845
ETH,SELL,0.0194,515007.000,2024-07-04 02:00:56.182
ETH,SELL,0.0583,515005.000,2024-07-04 02:00:56.182
ETH,SELL,0.1600,515001.000,2024-07-04 02:00:56.182
ETH,SELL,0.0623,515001.000,2024-07-04 02:00:56.182
ETH,SELL,0.0627,515001.000,2024-07-04 02:00:56.294
ETH,SELL,0.0373,515001.000,2024-07-04 02:00:56.294
ETH,SELL,0.1000,515002.000,2024-07-04 02:00:56.586
ETH,SELL,0.0300,515002.000,2024-07-04 02:00:57.236
ETH,SELL,0.0170,515002.000,2024-07-04 02:00:57.326
ETH,SELL,1.5930,515002.000,2024-07-04 02:00:57.342
ETH,SELL,0.0470,515002.000,2024-07-04 02:00:57.342
ETH,BUY,0.0194,515040.000,2024-07-04 02:00:57.506
ETH,SELL,0.0627,515001.000,2024-07-04 02:00:57.745
ETH,SELL,0.0373,515000.000,2024-07-04 02:00:57.745
ETH,SELL,0.0627,515000.000,2024-07-04 02:00:57.839
ETH,SELL,0.0373,515000.000,2024-07-04 02:00:57.839
ETH,SELL,0.0627,515000.000,2024-07-04 02:00:57.866
ETH,SELL,0.0100,515000.000,2024-07-04 02:00:57.866
ETH,SELL,0.0100,515000.000,2024-07-04 02:00:57.866
ETH,SELL,0.1000,515000.000,2024-07-04 02:00:57.866
ETH,SELL,0.1173,515000.000,2024-07-04 02:00:57.866
ETH,SELL,0.1000,515000.000,2024-07-04 02:00:58.469
ETH,SELL,0.2000,515000.000,2024-07-04 02:00:58.805
ETH,SELL,0.0100,515000.000,2024-07-04 02:00:59.396
ETH,SELL,0.0330,515000.000,2024-07-04 02:00:59.477
ETH,SELL,0.0450,515000.000,2024-07-04 02:00:59.556
ETH,SELL,0.0100,515000.000,2024-07-04 02:00:59.643
ETH,SELL,0.4847,515000.000,2024-07-04 02:00:59.780
ETH,SELL,0.1000,515000.000,2024-07-04 02:00:59.780
ETH,SELL,0.0500,515000.000,2024-07-04 02:00:59.780
ETH,SELL,0.0500,515000.000,2024-07-04 02:00:59.780
ETH,SELL,0.5000,515000.000,2024-07-04 02:00:59.780
ETH,SELL,0.0200,515000.000,2024-07-04 02:00:59.780
ETH,SELL,0.0500,515000.000,2024-07-04 02:00:59.780
ETH,SELL,0.1000,515000.000,2024-07-04 02:00:59.780
ETH,SELL,0.3853,515000.000,2024-07-04 02:00:59.780
ETH,SELL,0.1147,515000.000,2024-07-04 02:00:59.815
ETH,SELL,0.0100,515000.000,2024-07-04 02:00:59.815
ETH,SELL,0.0100,515000.000,2024-07-04 02:00:59.815
ETH,SELL,0.0180,514900.000,2024-07-04 02:01:00.260
ETH,SELL,0.0200,514900.000,2024-07-04 02:01:00.615
ETH,SELL,0.0020,514900.000,2024-07-04 02:01:00.637
ETH,SELL,0.0600,514236.000,2024-07-04 02:01:00.637
ETH,BUY,0.0789,514998.000,2024-07-04 02:01:00.685
ETH,BUY,0.5151,515039.000,2024-07-04 02:01:00.685
ETH,BUY,0.7962,515039.000,2024-07-04 02:01:00.685
ETH,BUY,0.2721,515173.000,2024-07-04 02:01:00.685
ETH,BUY,0.1000,516271.000,2024-07-04 02:01:00.685
ETH,SELL,0.1653,516346.000,2024-07-04 02:01:00.962
ETH,SELL,0.0220,516346.000,2024-07-04 02:01:00.971
ETH,SELL,0.1000,516346.000,2024-07-04 02:01:01.568
ETH,SELL,0.2000,516346.000,2024-07-04 02:01:01.573
ETH,SELL,0.4686,516346.000,2024-07-04 02:01:01.657
ETH,SELL,0.1818,516346.000,2024-07-04 02:01:02.502
ETH,BUY,0.0237,516348.000,2024-07-04 02:01:03.423
ETH,BUY,0.2479,516348.000,2024-07-04 02:01:03.423
ETH,SELL,0.0470,514236.000,2024-07-04 02:01:05.586
ETH,SELL,0.0930,514236.000,2024-07-04 02:01:05.739
ETH,SELL,0.2000,514180.000,2024-07-04 02:01:05.739
ETH,SELL,0.0400,514100.000,2024-07-04 02:01:05.739
ETH,SELL,0.0139,514100.000,2024-07-04 02:01:05.739
ETH,SELL,0.0300,514236.000,2024-07-04 02:01:06.723
ETH,SELL,0.1099,514182.000,2024-07-04 02:01:06.723
ETH,SELL,0.1400,514190.000,2024-07-04 02:01:11.377
ETH,SELL,0.0100,514101.000,2024-07-04 02:01:15.233
ETH,BUY,0.1099,515414.000,2024-07-04 02:01:15.522
ETH,BUY,0.2519,515415.000,2024-07-04 02:01:15.522
ETH,SELL,0.0100,514105.000,2024-07-04 02:01:15.745
ETH,SELL,0.0100,514105.000,2024-07-04 02:01:16.469
ETH,SELL,0.0100,514105.000,2024-07-04 02:01:16.648
ETH,SELL,0.0100,514106.000,2024-07-04 02:01:17.334
ETH,SELL,0.0100,514106.000,2024-07-04 02:01:17.550
ETH,SELL,0.0100,514110.000,2024-07-04 02:01:18.199
ETH,SELL,0.0100,514110.000,2024-07-04 02:01:18.436
ETH,SELL,0.0100,514110.000,2024-07-04 02:01:18.477
ETH,SELL,0.0100,514107.000,2024-07-04 02:01:18.620
ETH,BUY,0.0200,515675.000,2024-07-04 02:01:21.200
ETH,BUY,0.0200,515675.000,2024-07-04 02:01:21.200
ETH,BUY,0.0982,515676.000,2024-07-04 02:01:21.200
ETH,BUY,0.0018,515676.000,2024-07-04 02:01:21.964
ETH,BUY,0.2516,515785.000,2024-07-04 02:01:21.964
ETH,BUY,0.0194,515851.000,2024-07-04 02:01:21.964
ETH,BUY,0.2272,515968.000,2024-07-04 02:01:21.964
ETH,BUY,0.0800,514308.000,2024-07-04 02:01:24.661
ETH,BUY,0.7600,514308.000,2024-07-04 02:01:24.745
ETH,BUY,0.1600,514308.000,2024-07-04 02:01:24.815
ETH,BUY,0.0200,516547.000,2024-07-04 02:01:24.859
ETH,BUY,0.1800,516780.000,2024-07-04 02:01:24.859
ETH,BUY,0.2000,516896.000,2024-07-04 02:01:25.346
ETH,BUY,0.0300,514508.000,2024-07-04 02:01:28.032
ETH,BUY,0.9700,514508.000,2024-07-04 02:01:28.330
ETH,BUY,0.0194,516925.000,2024-07-04 02:01:28.896
ETH,BUY,0.1000,516548.000,2024-07-04 02:01:29.158
ETH,BUY,0.0200,516548.000,2024-07-04 02:01:29.288
ETH,BUY,0.0194,514688.000,2024-07-04 02:01:30.488
ETH,BUY,0.9806,514688.000,2024-07-04 02:01:30.785
ETH,BUY,0.9000,515913.000,2024-07-04 02:01:32.102
ETH,BUY,0.0194,514709.000,2024-07-04 02:01:34.457
ETH,BUY,0.9806,514709.000,2024-07-04 02:01:34.614
ETH,BUY,0.0200,515243.000,2024-07-04 02:01:34.815
ETH,BUY,0.1000,515098.000,2024-07-04 02:01:35.420
ETH,BUY,0.0500,515727.000,2024-07-04 02:01:37.351
ETH,BUY,0.0500,515727.000,2024-07-04 02:01:37.563
ETH,BUY,0.1000,515724.000,2024-07-04 02:01:38.153
ETH,BUY,0.1512,515724.000,2024-07-04 02:01:38.186
ETH,BUY,0.2400,515724.000,2024-07-04 02:01:38.187
ETH,BUY,0.4000,515724.000,2024-07-04 02:01:38.242
ETH,BUY,0.1700,515724.000,2024-07-04 02:01:38.396
ETH,BUY,0.4300,515726.000,2024-07-04 02:01:38.396
ETH,BUY,0.0200,515726.000,2024-07-04 02:01:38.736
ETH,BUY,0.2888,515946.000,2024-07-04 02:01:39.247
ETH,BUY,0.1000,515946.000,2024-07-04 02:01:39.448
ETH,BUY,0.0325,516316.000,2024-07-04 02:01:39.719
ETH,SELL,0.2000,515946.000,2024-07-04 02:01:41.217
ETH,SELL,0.2000,515946.000,2024-07-04 02:01:41.438
ETH,BUY,0.1000,516725.000,2024-07-04 02:01:42.346
ETH,BUY,0.2200,516751.000,2024-07-04 02:01:42.346
ETH,BUY,0.0735,516780.000,2024-07-04 02:01:42.346
ETH,BUY,0.5556,516809.000,2024-07-04 02:01:45.578
ETH,BUY,0.0100,516578.000,2024-07-04 02:01:47.626
ETH,BUY,0.0194,516808.000,2024-07-04 02:01:48.675
ETH,BUY,0.0315,516838.000,2024-07-04 02:01:48.675
ETH,BUY,0.0900,516422.000,2024-07-04 02:01:49.158
ETH,BUY,0.0100,516422.000,2024-07-04 02:01:49.659
ETH,BUY,0.0211,516579.000,2024-07-04 02:01:49.659
ETH,BUY,0.9689,516635.000,2024-07-04 02:01:49.659
ETH,BUY,0.0200,516635.000,2024-07-04 02:01:49.751
ETH,BUY,0.1400,516722.000,2024-07-04 02:01:53.170
ETH,SELL,0.0500,516010.000,2024-07-04 02:01:54.151
ETH,SELL,0.1305,515995.000,2024-07-04 02:01:54.151
ETH,BUY,0.0250,516577.000,2024-07-04 02:01:54.808
ETH,BUY,0.0100,516345.000,2024-07-04 02:01:54.981
ETH,BUY,0.1500,516519.000,2024-07-04 02:01:56.377
ETH,BUY,0.3657,516519.000,2024-07-04 02:01:56.701
ETH,BUY,0.0200,516983.000,2024-07-04 02:01:59.500
ETH,BUY,0.1305,517070.000,2024-07-04 02:02:00.796
ETH,SELL,0.0800,517072.000,2024-07-04 02:02:05.258
ETH,BUY,0.2000,517095.000,2024-07-04 02:02:05.277
ETH,BUY,0.1550,517128.000,2024-07-04 02:02:05.277
ETH,SELL,0.4000,516308.000,2024-07-04 02:02:06.837
ETH,SELL,1.3400,516308.000,2024-07-04 02:02:10.166
ETH,SELL,0.0100,515936.000,2024-07-04 02:02:10.166
ETH,SELL,0.0782,515915.000,2024-07-04 02:02:10.166
ETH,SELL,0.3118,515820.000,2024-07-04 02:02:10.166
ETH,SELL,0.4485,515798.000,2024-07-04 02:02:10.596
ETH,SELL,0.0500,515798.000,2024-07-04 02:02:15.930
ETH,SELL,0.0015,515798.000,2024-07-04 02:02:17.807
ETH,BUY,0.1678,515795.000,2024-07-04 02:02:19.480
ETH,BUY,0.0322,515790.000,2024-07-04 02:02:20.496
ETH,BUY,0.6847,515793.000,2024-07-04 02:02:20.496
ETH,BUY,0.1153,515789.000,2024-07-04 02:02:21.530
ETH,BUY,0.0100,515789.000,2024-07-04 02:02:21.686
ETH,SELL,0.1000,514900.000,2024-07-04 02:02:23.209
ETH,BUY,0.0100,515415.000,2024-07-04 02:02:28.342
ETH,BUY,0.2721,515619.000,2024-07-04 02:02:32.951
ETH,BUY,1.0000,515707.000,2024-07-04 02:02:35.904
ETH,BUY,0.0991,515736.000,2024-07-04 02:02:37.556
ETH,BUY,0.0450,515939.000,2024-07-04 02:02:43.791
ETH,BUY,0.0400,515997.000,2024-07-04 02:02:46.311
ETH,BUY,0.0100,516020.000,2024-07-04 02:03:05.053
ETH,BUY,0.1000,516020.000,2024-07-04 02:03:08.462
ETH,BUY,0.1000,516020.000,2024-07-04 02:03:08.687
ETH,BUY,0.2000,516020.000,2024-07-04 02:03:09.420
ETH,BUY,0.0900,516020.000,2024-07-04 02:03:09.448
ETH,BUY,0.1305,516430.000,2024-07-04 02:03:10.694
ETH,BUY,0.0695,516432.000,2024-07-04 02:03:10.694
ETH,BUY,0.4000,516489.000,2024-07-04 02:03:14.905
ETH,BUY,0.2600,516548.000,2024-07-04 02:03:14.905
ETH,SELL,0.1000,516464.000,2024-07-04 02:03:17.258
ETH,SELL,0.0695,516465.000,2024-07-04 02:03:18.029
ETH,SELL,0.0100,515997.000,2024-07-04 02:03:19.088
ETH,SELL,0.0900,515322.000,2024-07-04 02:03:19.088
ETH,BUY,0.0100,515388.000,2024-07-04 02:03:21.698
ETH,BUY,0.0695,515388.000,2024-07-04 02:03:22.035
ETH,BUY,0.1000,515794.000,2024-07-04 02:03:23.868
ETH,SELL,0.1000,515391.000,2024-07-04 02:03:26.661
ETH,SELL,0.0109,515395.000,2024-07-04 02:03:28.209
ETH,SELL,0.1891,515395.000,2024-07-04 02:03:28.545
ETH,SELL,0.2109,515391.000,2024-07-04 02:03:28.545
ETH,SELL,0.1000,515253.000,2024-07-04 02:03:35.344
ETH,BUY,0.2000,515504.000,2024-07-04 02:03:45.700
ETH,BUY,0.0900,515504.000,2024-07-04 02:03:45.832
ETH,BUY,0.0193,515504.000,2024-07-04 02:03:47.896
ETH,BUY,0.1000,515794.000,2024-07-04 02:03:48.660
ETH,BUY,0.0600,515910.000,2024-07-04 02:03:49.405
ETH,SELL,0.2000,515510.000,2024-07-04 02:03:52.549
ETH,SELL,0.8000,515506.000,2024-07-04 02:03:52.549
ETH,BUY,0.2000,515649.000,2024-07-04 02:03:54.463
ETH,BUY,0.1651,515649.000,2024-07-04 02:03:54.806
ETH,BUY,0.5000,515794.000,2024-07-04 02:03:56.341
ETH,BUY,0.1000,516084.000,2024-07-04 02:03:59.514
ETH,BUY,0.9000,516490.000,2024-07-04 02:04:13.803
ETH,BUY,0.0193,516838.000,2024-07-04 02:04:27.904
ETH,BUY,0.0163,516896.000,2024-07-04 02:04:33.603
ETH,SELL,0.2200,516441.000,2024-07-04 02:04:39.776
ETH,SELL,0.1000,516924.000,2024-07-04 02:04:55.604
ETH,SELL,0.1000,516751.000,2024-07-04 02:04:55.604
ETH,BUY,0.0200,516954.000,2024-07-04 02:04:55.681
ETH,BUY,0.0193,516983.000,2024-07-04 02:04:57.882
ETH,BUY,0.0604,517012.000,2024-07-04 02:05:39.536
ETH,BUY,0.0170,517389.000,2024-07-04 02:05:46.269
ETH,BUY,0.0200,517389.000,2024-07-04 02:05:46.318
ETH,BUY,0.0200,517389.000,2024-07-04 02:05:46.375
ETH,BUY,0.9900,517621.000,2024-07-04 02:05:56.742
ETH,BUY,0.0200,517621.000,2024-07-04 02:05:56.804
ETH,BUY,0.0100,517329.000,2024-07-04 02:07:02.557
ETH,BUY,0.1000,517360.000,2024-07-04 02:07:35.159
ETH,BUY,0.0193,517414.000,2024-07-04 02:07:57.909
ETH,BUY,0.7900,517409.000,2024-07-04 02:08:00.782
ETH,BUY,0.0695,517410.000,2024-07-04 02:08:00.782
ETH,BUY,0.2951,517446.000,2024-07-04 02:08:00.782
ETH,BUY,0.8454,517447.000,2024-07-04 02:08:00.782
ETH,SELL,0.0500,517370.000,2024-07-04 02:08:05.147
ETH,SELL,1.3720,517360.000,2024-07-04 02:08:05.147
ETH,SELL,0.5780,517012.000,2024-07-04 02:08:05.147
ETH,BUY,0.0700,517041.000,2024-07-04 02:08:06.696
ETH,BUY,0.0193,517070.000,2024-07-04 02:08:07.916
ETH,SELL,0.1000,517008.000,2024-07-04 02:08:11.439
ETH,SELL,0.0390,517000.000,2024-07-04 02:08:11.439
ETH,SELL,0.0500,516900.000,2024-07-04 02:08:11.439
ETH,SELL,0.3110,516773.000,2024-07-04 02:08:11.439
ETH,BUY,0.2000,517244.000,2024-07-04 02:08:11.666
ETH,BUY,0.0193,517190.000,2024-07-04 02:08:18.199
ETH,BUY,0.0100,516902.000,2024-07-04 02:08:27.448
ETH,BUY,0.0193,516984.000,2024-07-04 02:08:27.975
ETH,BUY,0.0193,516569.000,2024-07-04 02:08:37.955
ETH,BUY,0.0300,516634.000,2024-07-04 02:08:40.628
ETH,BUY,0.0193,516693.000,2024-07-04 02:08:47.926
ETH,SELL,0.3000,516693.000,2024-07-04 02:08:50.653
ETH,BUY,0.0193,516715.000,2024-07-04 02:08:57.988
ETH,BUY,0.0193,516660.000,2024-07-04 02:09:07.877
ETH,BUY,0.1614,516595.000,2024-07-04 02:09:12.686
ETH,BUY,0.8386,516598.000,2024-07-04 02:09:12.686
ETH,BUY,0.0193,516344.000,2024-07-04 02:09:17.960
ETH,BUY,0.5000,516340.000,2024-07-04 02:09:22.475
ETH,BUY,0.1000,516028.000,2024-07-04 02:09:42.970
ETH,BUY,0.1000,516055.000,2024-07-04 02:09:58.538
ETH,BUY,0.1000,516200.000,2024-07-04 02:10:00.365
ETH,BUY,0.0193,516548.000,2024-07-04 02:10:17.980
ETH,BUY,0.1000,516751.000,2024-07-04 02:10:22.786
ETH,BUY,0.1000,516751.000,2024-07-04 02:10:22.788
ETH,BUY,0.1000,516751.000,2024-07-04 02:10:22.924
ETH,BUY,0.1000,516751.000,2024-07-04 02:10:23.058
ETH,BUY,0.1000,516809.000,2024-07-04 02:10:23.265
ETH,BUY,0.0500,516838.000,2024-07-04 02:10:27.484
ETH,BUY,0.0193,516838.000,2024-07-04 02:10:28.026
ETH,BUY,0.0500,517070.000,2024-07-04 02:10:31.385
ETH,BUY,0.0200,517070.000,2024-07-04 02:10:31.446
ETH,BUY,0.0200,517070.000,2024-07-04 02:10:31.524
ETH,BUY,0.1000,517157.000,2024-07-04 02:10:36.091
ETH,BUY,0.0200,517447.000,2024-07-04 02:10:36.316
ETH,BUY,0.0472,517447.000,2024-07-04 02:10:36.441
ETH,BUY,0.0200,517447.000,2024-07-04 02:10:36.581
ETH,BUY,0.0193,517320.000,2024-07-04 02:11:57.853
ETH,BUY,0.0100,517377.000,2024-07-04 02:11:58.923
ETH,BUY,0.7900,517376.000,2024-07-04 02:12:00.571
ETH,BUY,0.1000,517559.000,2024-07-04 02:12:34.282
ETH,BUY,0.1000,517610.000,2024-07-04 02:12:36.170
ETH,BUY,0.0193,517611.000,2024-07-04 02:12:37.989
ETH,BUY,0.1000,517612.000,2024-07-04 02:12:38.559
ETH,BUY,0.1000,517613.000,2024-07-04 02:12:40.570
ETH,BUY,0.1000,517621.000,2024-07-04 02:12:44.796
ETH,BUY,0.0192,517708.000,2024-07-04 02:12:47.861
ETH,BUY,0.0137,517795.000,2024-07-04 02:12:49.699
ETH,BUY,0.2000,517824.000,2024-07-04 02:12:52.192
ETH,BUY,0.2000,517853.000,2024-07-04 02:12:57.686
ETH,BUY,0.2000,517812.000,2024-07-04 02:13:07.937
ETH,BUY,0.1000,517911.000,2024-07-04 02:13:14.006
ETH,BUY,0.7000,517911.000,2024-07-04 02:13:14.076
ETH,BUY,0.1000,517993.000,2024-07-04 02:13:15.888
ETH,BUY,0.1000,517993.000,2024-07-04 02:13:17.739
ETH,BUY,0.1000,517993.000,2024-07-04 02:13:19.700
ETH,BUY,0.1000,517993.000,2024-07-04 02:13:21.591
ETH,BUY,0.1240,517993.000,2024-07-04 02:13:22.224
ETH,BUY,0.1000,517993.000,2024-07-04 02:13:23.533
ETH,SELL,0.1000,517992.000,2024-07-04 02:13:23.852
ETH,SELL,0.1000,517992.000,2024-07-04 02:13:23.852
ETH,BUY,0.0206,517993.000,2024-07-04 02:13:25.229
ETH,BUY,0.1000,517993.000,2024-07-04 02:13:26.414
ETH,BUY,0.0274,517993.000,2024-07-04 02:13:26.580
ETH,BUY,0.2000,517993.000,2024-07-04 02:13:27.275
ETH,BUY,0.1000,517993.000,2024-07-04 02:13:28.908
ETH,BUY,0.1000,517993.000,2024-07-04 02:13:31.282
ETH,BUY,0.0100,518031.000,2024-07-04 02:13:33.285
ETH,BUY,0.0900,518201.000,2024-07-04 02:13:33.285
ETH,BUY,0.0135,518288.000,2024-07-04 02:13:35.386
ETH,BUY,0.0134,518433.000,2024-07-04 02:13:43.677
ETH,BUY,0.2000,518462.000,2024-07-04 02:13:46.580
ETH,SELL,0.2000,518160.000,2024-07-04 02:13:47.369
ETH,BUY,1.0000,518375.000,2024-07-04 02:13:48.080
ETH,BUY,0.0110,518404.000,2024-07-04 02:13:48.283
ETH,BUY,0.1880,518507.000,2024-07-04 02:14:36.914
ETH,BUY,0.1000,518516.000,2024-07-04 02:14:36.914
ETH,BUY,0.1000,518601.000,2024-07-04 02:14:48.812
ETH,BUY,0.0324,518601.000,2024-07-04 02:14:48.812
ETH,BUY,1.3796,518629.000,2024-07-04 02:14:48.812
ETH,BUY,0.0310,518434.000,2024-07-04 02:14:55.283
ETH,BUY,0.1000,518462.000,2024-07-04 02:15:08.811
ETH,BUY,0.0151,518533.000,2024-07-04 02:15:09.685
ETH,BUY,0.1851,518428.000,2024-07-04 02:15:10.339
ETH,BUY,0.0149,518442.000,2024-07-04 02:15:10.339
ETH,BUY,0.1000,518491.000,2024-07-04 02:15:16.908
ETH,BUY,0.1000,518491.000,2024-07-04 02:15:17.264
ETH,BUY,0.1000,518602.000,2024-07-04 02:15:20.392
ETH,BUY,0.0998,518604.000,2024-07-04 02:15:22.632
ETH,BUY,0.1002,518694.000,2024-07-04 02:15:22.632
ETH,BUY,0.1000,518897.000,2024-07-04 02:15:23.646
ETH,BUY,0.1000,518897.000,2024-07-04 02:15:26.666
ETH,BUY,0.1000,518955.000,2024-07-04 02:15:29.625
ETH,BUY,0.1000,519129.000,2024-07-04 02:15:32.666
ETH,BUY,0.1000,519303.000,2024-07-04 02:15:35.766
ETH,BUY,0.1000,519506.000,2024-07-04 02:15:38.738
ETH,BUY,0.1000,519535.000,2024-07-04 02:15:41.587
ETH,BUY,0.1000,519530.000,2024-07-04 02:15:44.808
ETH,BUY,0.1000,519494.000,2024-07-04 02:15:47.665
ETH,BUY,0.1000,519494.000,2024-07-04 02:15:51.644
ETH,BUY,0.2000,519494.000,2024-07-04 02:15:57.472
ETH,BUY,0.0400,519494.000,2024-07-04 02:16:03.181
ETH,BUY,0.0100,519466.000,2024-07-04 02:16:07.918
ETH,BUY,0.1000,519431.000,2024-07-04 02:16:39.421
ETH,BUY,0.1000,519430.000,2024-07-04 02:17:00.590
ETH,BUY,0.1000,519430.000,2024-07-04 02:17:04.095
ETH,BUY,0.0200,519430.000,2024-07-04 02:17:20.931
ETH,BUY,0.0800,519420.000,2024-07-04 02:17:23.978
ETH,BUY,0.0838,519420.000,2024-07-04 02:17:38.535
ETH,SELL,0.2000,519075.000,2024-07-04 02:17:42.221
ETH,SELL,0.0500,519016.000,2024-07-04 02:17:42.221
ETH,BUY,0.1000,519420.000,2024-07-04 02:17:42.450
ETH,BUY,0.0162,519420.000,2024-07-04 02:17:43.559
ETH,BUY,0.0200,519535.000,2024-07-04 02:17:46.357
ETH,BUY,0.6800,519564.000,2024-07-04 02:17:46.357
ETH,BUY,0.0270,519592.000,2024-07-04 02:17:49.621
ETH,SELL,0.2000,519100.000,2024-07-04 02:17:49.893
ETH,SELL,0.4000,519095.000,2024-07-04 02:17:49.893
ETH,SELL,0.0100,519000.000,2024-07-04 02:17:49.893
ETH,SELL,0.8900,518833.000,2024-07-04 02:17:49.893
ETH,BUY,0.1000,518926.000,2024-07-04 02:17:50.394
ETH,BUY,0.1000,518926.000,2024-07-04 02:17:51.176
ETH,BUY,0.1000,518955.000,2024-07-04 02:17:52.992
ETH,BUY,0.3067,518955.000,2024-07-04 02:17:53.503
ETH,BUY,0.4000,518984.000,2024-07-04 02:17:54.299
ETH,BUY,0.1000,518984.000,2024-07-04 02:17:54.842
ETH,BUY,0.2000,519071.000,2024-07-04 02:17:56.139
ETH,BUY,0.1000,519216.000,2024-07-04 02:17:56.781
ETH,BUY,0.8900,519302.000,2024-07-04 02:17:58.421
ETH,BUY,2.1100,519332.000,2024-07-04 02:17:58.421
ETH,BUY,0.3851,519448.000,2024-07-04 02:17:59.671
ETH,BUY,3.0000,519593.000,2024-07-04 02:18:02.452
ETH,BUY,0.3849,519593.000,2024-07-04 02:18:02.581
ETH,BUY,0.4000,519651.000,2024-07-04 02:18:04.540
ETH,BUY,0.0230,519708.000,2024-07-04 02:18:06.804
ETH,BUY,0.6770,519709.000,2024-07-04 02:18:06.804
ETH,BUY,0.0200,519738.000,2024-07-04 02:18:16.590
ETH,BUY,0.0600,519738.000,2024-07-04 02:18:18.595
ETH,BUY,0.1000,519767.000,2024-07-04 02:18:27.429
ETH,BUY,0.0100,519796.000,2024-07-04 02:18:31.585
ETH,BUY,0.2000,519825.000,2024-07-04 02:18:33.506
ETH,BUY,0.1900,519850.000,2024-07-04 02:18:37.547
ETH,SELL,0.1000,519564.000,2024-07-04 02:19:26.984
ETH,SELL,0.3000,519564.000,2024-07-04 02:19:27.261
ETH,SELL,0.1000,519564.000,2024-07-04 02:19:27.917
ETH,SELL,0.3000,519564.000,2024-07-04 02:19:28.081
ETH,SELL,0.1000,519564.000,2024-07-04 02:19:28.946
ETH,SELL,0.2000,519564.000,2024-07-04 02:19:29.286
ETH,SELL,0.1700,519564.000,2024-07-04 02:19:29.291
ETH,SELL,0.2493,518813.000,2024-07-04 02:19:29.291
ETH,SELL,0.0506,518205.000,2024-07-04 02:19:29.291
ETH,BUY,0.3848,519593.000,2024-07-04 02:19:29.867
ETH,BUY,0.2000,519645.000,2024-07-04 02:19:31.494
ETH,BUY,0.1665,519650.000,2024-07-04 02:19:31.494
ETH,SELL,0.1000,519584.000,2024-07-04 02:19:31.555
ETH,SELL,0.3000,519584.000,2024-07-04 02:19:31.744
ETH,BUY,0.1435,519580.000,2024-07-04 02:20:09.290
ETH,BUY,0.2495,519590.000,2024-07-04 02:20:09.290
ETH,BUY,0.1070,519680.000,2024-07-04 02:20:09.290
ETH,BUY,0.0200,519709.000,2024-07-04 02:20:42.086
ETH,BUY,0.2000,519709.000,2024-07-04 02:21:03.805
ETH,BUY,0.4000,519700.000,2024-07-04 02:21:28.857
ETH,BUY,0.0800,519690.000,2024-07-04 02:22:22.516
ETH,BUY,0.0100,519690.000,2024-07-04 02:22:33.962
ETH,BUY,0.0100,519690.000,2024-07-04 02:22:37.116
ETH,BUY,0.0521,519690.000,2024-07-04 02:22:37.116
ETH,SELL,0.0379,519690.000,2024-07-04 02:22:37.901
ETH,SELL,0.1494,518905.000,2024-07-04 02:22:42.571
ETH,SELL,0.0672,518901.000,2024-07-04 02:22:42.571
ETH,BUY,0.4000,518955.000,2024-07-04 02:22:46.242
ETH,BUY,0.0200,518984.000,2024-07-04 02:22:52.743
ETH,BUY,1.7300,519071.000,2024-07-04 02:22:56.140
ETH,BUY,1.7300,519071.000,2024-07-04 02:22:56.204
ETH,BUY,0.4000,519187.000,2024-07-04 02:22:59.564
ETH,BUY,0.0100,519245.000,2024-07-04 02:23:24.502
ETH,BUY,0.3900,519361.000,2024-07-04 02:23:26.391
ETH,BUY,0.4000,519419.000,2024-07-04 02:23:28.883
ETH,BUY,0.0100,519477.000,2024-07-04 02:23:45.549
ETH,BUY,0.3900,519506.000,2024-07-04 02:23:47.114
ETH,BUY,0.0131,519535.000,2024-07-04 02:23:48.236
ETH,BUY,0.0236,519622.000,2024-07-04 02:23:53.687
ETH,BUY,1.4500,519796.000,2024-07-04 02:23:57.722
ETH,BUY,0.1000,519854.000,2024-07-04 02:24:03.331
ETH,BUY,0.0100,519941.000,2024-07-04 02:24:15.519
ETH,BUY,0.0500,520028.000,2024-07-04 02:24:16.923
ETH,BUY,0.0100,520173.000,2024-07-04 02:24:21.589
ETH,BUY,0.0100,520289.000,2024-07-04 02:24:24.803
ETH,BUY,0.0300,520318.000,2024-07-04 02:24:44.700
ETH,BUY,0.0100,520362.000,2024-07-04 02:24:45.988
ETH,BUY,0.0900,520463.000,2024-07-04 02:24:45.988
ETH,BUY,0.1700,520550.000,2024-07-04 02:24:50.551
ETH,BUY,0.0500,520608.000,2024-07-04 02:24:54.087
ETH,BUY,0.1000,520666.000,2024-07-04 02:25:19.424
ETH,BUY,0.2725,520724.000,2024-07-04 02:25:33.931
ETH,BUY,0.1000,520869.000,2024-07-04 02:25:34.967
ETH,BUY,0.0320,520985.000,2024-07-04 02:25:54.677
ETH,BUY,0.2000,521275.000,2024-07-04 02:25:56.025
ETH,BUY,0.0128,521420.000,2024-07-04 02:26:00.177
ETH,BUY,0.0100,521565.000,2024-07-04 02:26:33.806
ETH,BUY,0.0400,521631.000,2024-07-04 02:26:56.815
ETH,BUY,0.0100,521639.000,2024-07-04 02:26:58.785
ETH,SELL,0.2000,521209.000,2024-07-04 02:27:07.792
ETH,BUY,0.0100,521200.000,2024-07-04 02:27:11.409
ETH,BUY,0.0277,521200.000,2024-07-04 02:27:14.695
ETH,BUY,0.2000,521200.000,2024-07-04 02:27:14.980
ETH,SELL,0.2000,521170.000,2024-07-04 02:27:16.927
ETH,SELL,0.8542,521166.000,2024-07-04 02:27:16.927
ETH,SELL,0.5081,521161.000,2024-07-04 02:27:16.927
ETH,BUY,0.0735,521275.000,2024-07-04 02:27:21.712
ETH,BUY,0.2000,521333.000,2024-07-04 02:27:26.405
ETH,BUY,0.2199,521275.000,2024-07-04 02:27:27.175
ETH,BUY,0.2000,521392.000,2024-07-04 02:27:35.589
ETH,BUY,0.2000,521448.000,2024-07-04 02:27:49.323
ETH,BUY,0.3000,521479.000,2024-07-04 02:27:54.383
ETH,BUY,0.2000,521370.000,2024-07-04 02:27:57.752
ETH,BUY,0.0144,521519.000,2024-07-04 02:27:58.191
ETH,BUY,0.2000,521345.000,2024-07-04 02:28:06.339
ETH,BUY,0.2000,521550.000,2024-07-04 02:28:10.190
ETH,BUY,0.0100,521642.000,2024-07-04 02:28:43.960
ETH,BUY,0.2000,521710.000,2024-07-04 02:30:01.162
ETH,BUY,0.1000,521768.000,2024-07-04 02:30:03.681
ETH,SELL,0.0257,521643.000,2024-07-04 02:30:08.728
ETH,BUY,0.1500,521808.000,2024-07-04 02:30:17.963
ETH,BUY,0.0500,521830.000,2024-07-04 02:30:33.604
ETH,BUY,0.5100,521713.000,2024-07-04 02:30:48.401
ETH,BUY,0.2898,521714.000,2024-07-04 02:30:48.401
ETH,BUY,1.4201,521718.000,2024-07-04 02:30:48.401
ETH,BUY,1.2300,521721.000,2024-07-04 02:30:48.401
ETH,BUY,0.2000,521910.000,2024-07-04 02:30:48.401
ETH,BUY,0.3501,521913.000,2024-07-04 02:30:48.401
ETH,BUY,0.2000,522000.000,2024-07-04 02:30:59.148
ETH,BUY,0.0100,522020.000,2024-07-04 02:31:25.515
ETH,SELL,0.2000,522000.000,2024-07-04 02:31:36.533
ETH,SELL,0.4000,521850.000,2024-07-04 02:31:41.576
ETH,BUY,0.1000,522020.000,2024-07-04 02:31:42.301
ETH,SELL,0.0600,521830.000,2024-07-04 02:31:42.381
ETH,SELL,0.2400,521642.000,2024-07-04 02:31:42.381
ETH,SELL,0.1000,521175.000,2024-07-04 02:31:42.381
ETH,BUY,4.0000,521391.000,2024-07-04 02:31:45.528
ETH,BUY,2.3000,521478.000,2024-07-04 02:31:45.528
ETH,BUY,0.2000,521536.000,2024-07-04 02:31:46.790
ETH,BUY,0.1400,521550.000,2024-07-04 02:32:26.179
ETH,BUY,0.2500,521550.000,2024-07-04 02:32:29.206
ETH,BUY,0.0100,521594.000,2024-07-04 02:32:29.206
ETH,BUY,0.1300,521623.000,2024-07-04 02:32:30.128
ETH,BUY,0.0700,521575.000,2024-07-04 02:32:54.906
ETH,BUY,0.0100,521594.000,2024-07-04 02:34:19.712
ETH,BUY,0.0100,521620.000,2024-07-04 02:34:40.095
ETH,BUY,0.0900,521620.000,2024-07-04 02:34:41.579
ETH,BUY,0.0100,521620.000,2024-07-04 02:34:42.686
ETH,BUY,0.0500,521620.000,2024-07-04 02:34:50.117
ETH,BUY,0.1900,521620.000,2024-07-04 02:34:52.120
ETH,BUY,0.0300,521652.000,2024-07-04 02:35:23.543
ETH,BUY,0.2000,521681.000,2024-07-04 02:35:24.652
ETH,BUY,0.5000,521710.000,2024-07-04 02:36:01.915
ETH,BUY,0.0200,521730.000,2024-07-04 02:36:25.274
ETH,BUY,0.4800,521730.000,2024-07-04 02:36:31.307
ETH,BUY,1.3500,521768.000,2024-07-04 02:36:31.307
ETH,BUY,0.0700,521826.000,2024-07-04 02:36:31.307
ETH,BUY,0.2000,521884.000,2024-07-04 02:36:47.835
ETH,BUY,0.0100,521884.000,2024-07-04 02:36:48.713
ETH,BUY,0.2000,521913.000,2024-07-04 02:37:15.351
ETH,BUY,0.0200,521942.000,2024-07-04 02:37:35.404
ETH,BUY,0.2000,521940.000,2024-07-04 02:37:54.012
ETH,BUY,0.0100,521942.000,2024-07-04 02:39:04.032
ETH,BUY,0.0500,521942.000,2024-07-04 02:39:09.940
ETH,BUY,0.1072,521942.000,2024-07-04 02:39:14.418
ETH,BUY,1.8928,521942.000,2024-07-04 02:39:14.418
ETH,BUY,0.1400,521971.000,2024-07-04 02:39:23.045
ETH,SELL,1.0230,521682.000,2024-07-04 02:40:47.323
ETH,SELL,0.0480,521681.000,2024-07-04 02:40:47.323
ETH,SELL,0.8723,521604.000,2024-07-04 02:40:47.323
ETH,SELL,0.1467,521366.000,2024-07-04 02:40:47.323
ETH,BUY,1.7200,521420.000,2024-07-04 02:40:52.373
ETH,BUY,1.7200,521420.000,2024-07-04 02:40:52.512
ETH,BUY,0.2000,521449.000,2024-07-04 02:40:58.348
ETH,BUY,0.2000,521536.000,2024-07-04 02:41:26.718
ETH,BUY,0.0600,521565.000,2024-07-04 02:43:02.896
ETH,BUY,0.5000,521739.000,2024-07-04 02:43:07.895
ETH,BUY,0.0200,521797.000,2024-07-04 02:45:54.105
ETH,BUY,0.0191,521855.000,2024-07-04 02:46:07.788
ETH,BUY,0.1000,521884.000,2024-07-04 02:46:17.183
ETH,BUY,0.1000,521884.000,2024-07-04 02:46:17.734
ETH,BUY,0.1000,521884.000,2024-07-04 02:46:17.877
ETH,BUY,0.1600,522000.000,2024-07-04 02:46:28.103
ETH,BUY,0.1000,522000.000,2024-07-04 02:46:29.144
ETH,BUY,0.2000,522058.000,2024-07-04 02:46:31.043
ETH,BUY,0.0650,522116.000,2024-07-04 02:46:40.418
ETH,SELL,0.0250,522000.000,2024-07-04 02:47:38.957
ETH,BUY,0.0950,522058.000,2024-07-04 02:47:40.403
ETH,SELL,0.2471,522010.000,2024-07-04 02:47:44.747
ETH,SELL,0.1910,521780.000,2024-07-04 02:47:51.009
ETH,BUY,0.0100,521884.000,2024-07-04 02:48:43.463
ETH,BUY,0.2000,522087.000,2024-07-04 02:48:48.522
ETH,BUY,0.0100,522116.000,2024-07-04 02:48:51.956
ETH,BUY,0.1000,522140.000,2024-07-04 02:48:59.055
ETH,BUY,0.0400,521891.000,2024-07-04 02:50:09.076
ETH,BUY,0.0570,521880.000,2024-07-04 02:50:09.890
ETH,BUY,0.0897,521804.000,2024-07-04 02:50:24.914
ETH,BUY,0.1103,521810.000,2024-07-04 02:50:24.914
ETH,BUY,0.1000,521810.000,2024-07-04 02:50:43.612
ETH,BUY,0.1000,521810.000,2024-07-04 02:50:44.590
ETH,BUY,0.1400,521850.000,2024-07-04 02:51:02.140
ETH,BUY,0.0200,521850.000,2024-07-04 02:51:24.879
ETH,BUY,0.2600,521884.000,2024-07-04 02:51:25.797
ETH,BUY,0.0200,521884.000,2024-07-04 02:51:26.290
ETH,BUY,0.0500,521942.000,2024-07-04 02:51:28.335
ETH,BUY,0.0120,522119.000,2024-07-04 02:51:40.539
ETH,BUY,0.4130,521833.000,2024-07-04 02:52:03.256
ETH,BUY,0.1000,521913.000,2024-07-04 02:52:31.719
ETH,BUY,0.1000,522000.000,2024-07-04 02:52:37.899
ETH,BUY,2.1000,522029.000,2024-07-04 02:53:57.079
ETH,BUY,0.2000,522087.000,2024-07-04 02:54:07.260
ETH,BUY,0.1000,522071.000,2024-07-04 02:54:15.357
ETH,BUY,0.1000,522005.000,2024-07-04 02:54:51.054
ETH,BUY,0.1000,522058.000,2024-07-04 02:55:08.435
ETH,BUY,0.1000,522058.000,2024-07-04 02:55:08.777
ETH,BUY,0.0381,522087.000,2024-07-04 02:55:18.677
ETH,BUY,0.2000,522116.000,2024-07-04 02:55:20.362
ETH,BUY,0.0500,522203.000,2024-07-04 02:56:03.188
ETH,BUY,0.2000,522319.000,2024-07-04 02:56:04.435
ETH,BUY,0.1000,522348.000,2024-07-04 02:56:49.747
ETH,BUY,0.1000,522348.000,2024-07-04 02:56:49.916
ETH,BUY,0.0500,522377.000,2024-07-04 02:56:50.746
ETH,BUY,0.2000,522435.000,2024-07-04 02:56:52.275
ETH,BUY,0.2000,522580.000,2024-07-04 02:57:02.677
ETH,BUY,0.1000,522488.000,2024-07-04 02:58:51.022
ETH,BUY,0.0200,522486.000,2024-07-04 02:58:56.690
ETH,BUY,1.1090,522342.000,2024-07-04 02:59:31.997
ETH,BUY,1.2420,522344.000,2024-07-04 02:59:31.997
ETH,BUY,0.8603,522362.000,2024-07-04 02:59:31.997
ETH,BUY,3.0887,522522.000,2024-07-04 02:59:31.997
ETH,BUY,0.1000,522551.000,2024-07-04 02:59:35.948
ETH,SELL,0.2476,522204.000,2024-07-04 02:59:37.225
ETH,SELL,0.7524,522066.000,2024-07-04 02:59:37.225
ETH,BUY,0.1000,522116.000,2024-07-04 02:59:49.126
ETH,BUY,0.1000,522174.000,2024-07-04 02:59:50.369
ETH,BUY,0.1000,522203.000,2024-07-04 02:59:52.251
ETH,BUY,0.1000,522232.000,2024-07-04 02:59:55.122
ETH,BUY,0.1000,522319.000,2024-07-04 02:59:58.130
ETH,BUY,0.1000,522406.000,2024-07-04 03:00:01.240
ETH,BUY,0.1000,522493.000,2024-07-04 03:00:05.112
ETH,BUY,0.1000,522522.000,2024-07-04 03:00:08.359
ETH,BUY,0.0191,522522.000,2024-07-04 03:00:08.402
ETH,BUY,0.1000,522580.000,2024-07-04 03:00:10.804
ETH,BUY,0.3500,522606.000,2024-07-04 03:00:17.492
ETH,BUY,0.0300,522631.000,2024-07-04 03:00:39.913
ETH,BUY,0.0230,522630.000,2024-07-04 03:01:17.544
ETH,BUY,0.2000,522696.000,2024-07-04 03:01:41.919
ETH,BUY,0.0100,522704.000,2024-07-04 03:01:58.462
ETH,BUY,0.0900,522783.000,2024-07-04 03:01:58.462
ETH,BUY,0.1000,522870.000,2024-07-04 03:02:44.574
ETH,BUY,0.0500,522899.000,2024-07-04 03:03:04.364
ETH,BUY,0.0500,522928.000,2024-07-04 03:03:11.899
ETH,BUY,0.0400,522986.000,2024-07-04 03:03:12.921
ETH,BUY,0.0900,523015.000,2024-07-04 03:03:38.637
ETH,BUY,0.3494,523011.000,2024-07-04 03:03:44.555
ETH,BUY,0.6506,523044.000,2024-07-04 03:03:44.555
ETH,BUY,0.1100,523044.000,2024-07-04 03:03:44.978
ETH,BUY,0.0200,523102.000,2024-07-04 03:04:04.151
ETH,BUY,0.0300,523189.000,2024-07-04 03:04:09.886
ETH,SELL,0.1000,522730.000,2024-07-04 03:04:13.714
ETH,BUY,0.3000,522870.000,2024-07-04 03:05:07.112
ETH,BUY,0.0400,522928.000,2024-07-04 03:05:09.401
ETH,BUY,0.0400,523015.000,2024-07-04 03:05:11.571
ETH,BUY,0.0600,523015.000,2024-07-04 03:05:11.610
ETH,BUY,0.0200,523044.000,2024-07-04 03:05:17.925
ETH,BUY,0.0400,523102.000,2024-07-04 03:05:36.845
ETH,BUY,0.1400,523160.000,2024-07-04 03:06:39.633
ETH,BUY,0.0100,523189.000,2024-07-04 03:07:05.066
ETH,BUY,0.0200,523247.000,2024-07-04 03:07:21.798
ETH,BUY,0.0100,523276.000,2024-07-04 03:07:28.692
ETH,BUY,0.0100,523305.000,2024-07-04 03:07:33.560
ETH,BUY,0.2000,523334.000,2024-07-04 03:10:39.688
ETH,SELL,0.0100,523305.000,2024-07-04 03:10:42.705
ETH,SELL,0.1000,523276.000,2024-07-04 03:10:45.759
ETH,BUY,0.1000,523305.000,2024-07-04 03:11:08.884
ETH,SELL,0.4999,523276.000,2024-07-04 03:11:15.830
ETH,BUY,1.0000,523305.000,2024-07-04 03:11:19.799
ETH,BUY,0.0200,523330.000,2024-07-04 03:11:28.340
ETH,BUY,0.0001,523330.000,2024-07-04 03:11:42.646
ETH,BUY,0.1700,523334.000,2024-07-04 03:11:59.717
ETH,BUY,0.0100,523334.000,2024-07-04 03:11:59.984
ETH,BUY,0.1856,523360.000,2024-07-04 03:12:03.192
ETH,SELL,0.0498,523330.000,2024-07-04 03:12:49.117
ETH,SELL,0.0402,523330.000,2024-07-04 03:12:54.661
ETH,SELL,0.1500,523260.000,2024-07-04 03:13:00.671
ETH,BUY,0.0100,523295.000,2024-07-04 03:13:19.303
ETH,SELL,0.0100,523000.000,2024-07-04 03:13:37.769
ETH,SELL,0.0017,523000.000,2024-07-04 03:13:37.769
ETH,SELL,0.0483,523000.000,2024-07-04 03:13:57.083
ETH,SELL,0.9998,523000.000,2024-07-04 03:13:57.083
ETH,SELL,0.0002,523000.000,2024-07-04 03:14:23.145
ETH,SELL,0.0573,522777.000,2024-07-04 03:14:45.046
ETH,SELL,0.8895,522680.000,2024-07-04 03:14:45.046
ETH,SELL,1.0000,522025.000,2024-07-04 03:14:45.046
ETH,SELL,0.1000,522001.000,2024-07-04 03:14:45.046
ETH,SELL,0.0100,522000.000,2024-07-04 03:14:45.046
ETH,SELL,0.1432,521880.000,2024-07-04 03:14:45.046
ETH,BUY,0.3832,521913.000,2024-07-04 03:14:47.255
ETH,BUY,1.7200,521913.000,2024-07-04 03:14:47.329
ETH,BUY,0.0191,521913.000,2024-07-04 03:14:47.641
ETH,BUY,1.7200,521913.000,2024-07-04 03:14:47.728
ETH,BUY,0.0100,521913.000,2024-07-04 03:14:47.890
ETH,BUY,1.3000,522000.000,2024-07-04 03:14:50.305
ETH,BUY,0.0191,522029.000,2024-07-04 03:14:57.758
ETH,SELL,0.0100,521821.000,2024-07-04 03:15:44.161
ETH,BUY,0.0200,521855.000,2024-07-04 03:17:35.118
ETH,SELL,0.4000,521854.000,2024-07-04 03:18:10.877
ETH,SELL,1.2100,521854.000,2024-07-04 03:18:10.877
ETH,BUY,0.0100,521855.000,2024-07-04 03:18:22.671
ETH,BUY,0.1000,521902.000,2024-07-04 03:18:34.744
ETH,BUY,0.1000,521899.000,2024-07-04 03:18:37.808
ETH,BUY,0.1000,521897.000,2024-07-04 03:18:40.746
ETH,BUY,0.1000,521915.000,2024-07-04 03:18:46.397
ETH,BUY,0.1000,521914.000,2024-07-04 03:18:48.431
ETH,BUY,0.1000,521912.000,2024-07-04 03:18:50.513
ETH,SELL,0.4000,521854.000,2024-07-04 03:19:04.269
ETH,BUY,0.0200,521816.000,2024-07-04 03:19:39.069
ETH,BUY,0.3831,521801.000,2024-07-04 03:20:05.332
ETH,BUY,0.1000,521801.000,2024-07-04 03:20:12.636
ETH,BUY,0.0869,521801.000,2024-07-04 03:20:12.668
ETH,BUY,0.0831,521804.000,2024-07-04 03:20:12.668
ETH,BUY,0.0191,521826.000,2024-07-04 03:20:57.789
ETH,SELL,0.0500,521800.000,2024-07-04 03:21:01.811
ETH,BUY,0.0190,521855.000,2024-07-04 03:21:20.847
ETH,SELL,0.0200,521800.000,2024-07-04 03:22:09.925
ETH,SELL,0.0210,521800.000,2024-07-04 03:22:09.925
ETH,BUY,0.1000,521884.000,2024-07-04 03:22:26.517
ETH,BUY,0.0380,521884.000,2024-07-04 03:22:43.082
ETH,BUY,0.0110,521942.000,2024-07-04 03:22:48.121
ETH,BUY,0.1400,522000.000,2024-07-04 03:22:54.759
ETH,BUY,0.1000,522000.000,2024-07-04 03:23:16.713
ETH,BUY,0.3200,522000.000,2024-07-04 03:23:17.161
ETH,BUY,0.0500,522000.000,2024-07-04 03:23:26.064
ETH,BUY,0.1050,522000.000,2024-07-04 03:23:27.074
ETH,BUY,0.2150,522058.000,2024-07-04 03:23:27.074
ETH,BUY,0.2000,522058.000,2024-07-04 03:23:27.180
ETH,BUY,0.3200,522145.000,2024-07-04 03:24:42.083
ETH,BUY,0.1800,522145.000,2024-07-04 03:24:42.169
ETH,BUY,0.0191,522203.000,2024-07-04 03:24:47.730
ETH,BUY,0.0200,522232.000,2024-07-04 03:24:50.788
ETH,BUY,0.0800,522319.000,2024-07-04 03:24:53.454
ETH,BUY,0.0400,522522.000,2024-07-04 03:25:52.895
ETH,BUY,0.0498,522522.000,2024-07-04 03:25:52.960
ETH,BUY,0.2000,522696.000,2024-07-04 03:25:55.975
ETH,BUY,1.4000,522725.000,2024-07-04 03:26:06.672
ETH,BUY,0.0100,522783.000,2024-07-04 03:26:07.660
ETH,BUY,0.1500,522828.000,2024-07-04 03:26:11.913
ETH,SELL,0.9200,522620.000,2024-07-04 03:26:15.100
ETH,SELL,0.0800,522358.000,2024-07-04 03:26:15.100
ETH,BUY,0.0500,522406.000,2024-07-04 03:26:18.675
ETH,SELL,0.2000,522359.000,2024-07-04 03:26:25.024
ETH,SELL,0.0400,522350.000,2024-07-04 03:26:25.024
ETH,SELL,0.2474,522299.000,2024-07-04 03:26:25.024
ETH,SELL,0.1000,522176.000,2024-07-04 03:26:25.024
ETH,SELL,0.0568,522175.000,2024-07-04 03:26:25.024
ETH,SELL,0.3558,522174.000,2024-07-04 03:26:25.024
ETH,SELL,1.0000,522026.000,2024-07-04 03:26:39.128
ETH,SELL,3.0000,522000.000,2024-07-04 03:26:39.128
ETH,SELL,1.0000,522004.000,2024-07-04 03:26:46.121
ETH,SELL,1.0000,522000.000,2024-07-04 03:26:46.121
ETH,BUY,0.0191,522318.000,2024-07-04 03:26:47.687
ETH,SELL,1.0000,522012.000,2024-07-04 03:26:58.141
ETH,SELL,1.0000,522000.000,2024-07-04 03:26:58.141
ETH,SELL,1.0000,522009.000,2024-07-04 03:27:12.614
ETH,SELL,1.0000,522005.000,2024-07-04 03:27:20.606
ETH,BUY,0.1000,522116.000,2024-07-04 03:27:30.229
ETH,BUY,0.0809,522115.000,2024-07-04 03:27:31.113
ETH,BUY,0.0791,522116.000,2024-07-04 03:27:31.113
ETH,SELL,0.6000,522000.000,2024-07-04 03:27:34.563
ETH,SELL,0.4000,521902.000,2024-07-04 03:27:34.563
ETH,BUY,0.1000,522462.000,2024-07-04 03:27:50.145
ETH,BUY,0.1600,522551.000,2024-07-04 03:27:54.101
ETH,SELL,0.1000,522061.000,2024-07-04 03:28:02.076
ETH,SELL,0.2000,522060.000,2024-07-04 03:28:02.076
ETH,SELL,0.2642,522059.000,2024-07-04 03:28:02.076
ETH,SELL,0.4358,522033.000,2024-07-04 03:28:02.076
ETH,BUY,0.0518,522035.000,2024-07-04 03:28:09.956
ETH,BUY,0.6000,522044.000,2024-07-04 03:28:14.173
ETH,BUY,0.2592,522044.000,2024-07-04 03:28:14.982
ETH,BUY,0.0191,522029.000,2024-07-04 03:28:27.731
ETH,BUY,0.0191,522029.000,2024-07-04 03:28:37.687
ETH,BUY,0.0191,522029.000,2024-07-04 03:28:47.697
ETH,SELL,0.0573,521801.000,2024-07-04 03:28:58.709
ETH,SELL,0.0600,521800.000,2024-07-04 03:28:58.709
ETH,SELL,0.5752,521535.000,2024-07-04 03:28:58.709
ETH,SELL,0.3075,521449.000,2024-07-04 03:28:58.709
ETH,SELL,0.1725,521449.000,2024-07-04 03:29:07.970
ETH,SELL,0.4165,521449.000,2024-07-04 03:29:07.970
ETH,SELL,0.1000,521375.000,2024-07-04 03:29:07.970
ETH,SELL,0.2478,521374.000,2024-07-04 03:29:07.970
ETH,SELL,0.0632,521319.000,2024-07-04 03:29:07.970
ETH,BUY,0.1000,521855.000,2024-07-04 03:29:10.241
ETH,BUY,0.0840,521336.000,2024-07-04 03:29:14.204
ETH,BUY,0.1000,521336.000,2024-07-04 03:29:14.253
ETH,BUY,0.1364,521336.000,2024-07-04 03:29:14.698
ETH,BUY,0.5489,521461.000,2024-07-04 03:29:17.040
ETH,BUY,0.1000,521461.000,2024-07-04 03:29:17.121
ETH,BUY,0.1000,521461.000,2024-07-04 03:29:17.184
ETH,BUY,0.1000,521461.000,2024-07-04 03:29:17.322
ETH,BUY,0.1000,521461.000,2024-07-04 03:29:17.486
ETH,BUY,0.0191,521461.000,2024-07-04 03:29:17.636
