symbol,side,size,price,timestamp
ETH,BUY,0.0100,494383.000,2024-07-06 21:00:06.171
ETH,BUY,0.0900,495445.000,2024-07-06 21:02:44.613
ETH,BUY,0.1947,495494.000,2024-07-06 21:02:44.613
ETH,BUY,0.1000,495581.000,2024-07-06 21:02:46.671
ETH,BUY,0.0120,496000.000,2024-07-06 21:03:25.698
ETH,BUY,1.0000,496200.000,2024-07-06 21:04:45.913
ETH,SELL,0.0250,496110.000,2024-07-06 21:07:21.495
ETH,SELL,0.0390,496000.000,2024-07-06 21:07:50.935
ETH,BUY,0.0100,495728.000,2024-07-06 21:09:26.202
ETH,BUY,0.1020,495487.000,2024-07-06 21:09:55.826
ETH,BUY,0.0100,495438.000,2024-07-06 21:10:04.472
ETH,BUY,0.8140,494696.000,2024-07-06 21:15:25.660
ETH,BUY,0.1000,495254.000,2024-07-06 21:15:25.660
ETH,BUY,0.3860,495494.000,2024-07-06 21:15:25.660
ETH,BUY,0.0200,494412.000,2024-07-06 21:18:21.770
ETH,SELL,0.0105,494412.000,2024-07-06 21:19:05.057
ETH,BUY,0.6000,494450.000,2024-07-06 21:21:04.864
ETH,BUY,1.0000,494798.000,2024-07-06 21:22:32.952
ETH,BUY,0.0100,494856.000,2024-07-06 21:23:42.714
ETH,SELL,0.0095,494412.000,2024-07-06 21:27:16.403
ETH,SELL,0.9905,494221.000,2024-07-06 21:27:16.403
ETH,SELL,0.3000,494230.000,2024-07-06 21:27:22.929
ETH,BUY,0.0100,494276.000,2024-07-06 21:27:47.690
ETH,BUY,0.0100,494334.000,2024-07-06 21:27:48.354
ETH,SELL,0.1968,494264.000,2024-07-06 21:27:51.571
ETH,BUY,0.0100,494330.000,2024-07-06 21:31:12.621
ETH,BUY,0.0800,494126.000,2024-07-06 21:31:55.761
ETH,BUY,0.0150,494084.000,2024-07-06 21:32:46.699
ETH,BUY,0.0100,494239.000,2024-07-06 21:42:33.449
ETH,SELL,0.3200,494078.000,2024-07-06 21:44:00.456
ETH,SELL,0.0200,494099.000,2024-07-06 21:45:17.143
ETH,SELL,0.3190,494261.000,2024-07-06 21:48:12.155
ETH,SELL,0.0999,493609.000,2024-07-06 21:50:33.547
ETH,SELL,0.0410,493600.000,2024-07-06 21:51:48.494
ETH,BUY,0.4542,493308.000,2024-07-06 21:53:12.826
ETH,BUY,0.0417,493490.000,2024-07-06 21:53:12.826
ETH,BUY,0.0361,493696.000,2024-07-06 21:53:35.830
ETH,BUY,0.1000,493812.000,2024-07-06 21:55:07.290
ETH,BUY,0.7000,493859.000,2024-07-06 21:55:45.355
ETH,SELL,0.7000,493353.000,2024-07-06 21:59:00.717
ETH,BUY,0.0105,493376.000,2024-07-06 21:59:11.080
ETH,BUY,1.0000,493452.000,2024-07-06 21:59:30.093
ETH,SELL,0.0877,493454.000,2024-07-06 21:59:35.934
ETH,BUY,1.3364,493493.000,2024-07-06 22:01:38.765
ETH,BUY,0.4000,493580.000,2024-07-06 22:01:52.146
ETH,BUY,0.0800,493609.000,2024-07-06 22:05:32.396
ETH,BUY,0.0100,493696.000,2024-07-06 22:07:35.191
ETH,BUY,1.0000,493783.000,2024-07-06 22:08:20.716
ETH,SELL,0.4640,493618.000,2024-07-06 22:16:01.692
ETH,BUY,0.5000,493754.000,2024-07-06 22:16:03.278
ETH,BUY,0.1399,494239.000,2024-07-06 22:20:32.917
ETH,BUY,0.8601,494246.000,2024-07-06 22:20:32.917
ETH,BUY,0.1500,494305.000,2024-07-06 22:21:22.071
ETH,BUY,0.4641,494382.000,2024-07-06 22:26:26.231
ETH,BUY,0.1199,494410.000,2024-07-06 22:26:26.231
ETH,BUY,0.1160,494421.000,2024-07-06 22:26:26.231
ETH,BUY,0.3000,494414.000,2024-07-06 22:32:33.262
ETH,SELL,0.2007,494051.000,2024-07-06 22:33:58.336
ETH,BUY,0.3000,494276.000,2024-07-06 22:34:58.121
ETH,BUY,1.1500,494392.000,2024-07-06 22:36:19.503
ETH,BUY,0.0105,494450.000,2024-07-06 22:37:49.722
ETH,BUY,1.0000,494268.000,2024-07-06 22:43:34.826
ETH,BUY,0.0980,494027.000,2024-07-06 22:44:56.605
ETH,SELL,0.2000,494089.000,2024-07-06 22:48:10.745
ETH,BUY,1.0000,494102.000,2024-07-06 22:48:36.450
ETH,BUY,0.8000,494189.000,2024-07-06 22:48:43.011
ETH,BUY,0.0520,494282.000,2024-07-06 22:49:01.999
ETH,BUY,0.1880,494305.000,2024-07-06 22:49:01.999
ETH,BUY,0.2000,494305.000,2024-07-06 22:49:06.776
ETH,BUY,0.2007,494382.000,2024-07-06 22:49:06.776
ETH,BUY,0.0993,494392.000,2024-07-06 22:49:06.776
ETH,BUY,0.0110,494420.000,2024-07-06 22:49:37.307
ETH,BUY,0.0102,494450.000,2024-07-06 22:55:52.473
ETH,BUY,0.0898,494450.000,2024-07-06 22:55:52.473
ETH,BUY,0.5000,494479.000,2024-07-06 22:56:47.406
ETH,BUY,0.1000,494566.000,2024-07-06 22:57:05.113
ETH,BUY,0.1000,494624.000,2024-07-06 22:57:09.141
ETH,BUY,0.0700,494653.000,2024-07-06 22:58:29.675
ETH,SELL,0.0240,494403.000,2024-07-06 22:59:17.787
ETH,BUY,0.2000,494479.000,2024-07-06 23:02:33.453
ETH,BUY,0.0240,494365.000,2024-07-06 23:03:19.172
ETH,BUY,4.9760,494508.000,2024-07-06 23:03:19.172
ETH,BUY,3.5143,494566.000,2024-07-06 23:06:00.246
ETH,BUY,0.0152,494624.000,2024-07-06 23:10:15.276
ETH,BUY,0.0100,494653.000,2024-07-06 23:12:02.995
ETH,BUY,1.0000,494740.000,2024-07-06 23:13:13.433
ETH,BUY,0.6000,494972.000,2024-07-06 23:17:49.558
ETH,SELL,0.1200,494999.000,2024-07-06 23:18:37.493
ETH,SELL,2.2300,494999.000,2024-07-06 23:18:37.493
ETH,SELL,0.5500,494999.000,2024-07-06 23:18:37.493
ETH,BUY,0.0100,495000.000,2024-07-06 23:19:20.628
ETH,BUY,0.2846,495436.000,2024-07-06 23:19:21.059
ETH,BUY,2.0000,495436.000,2024-07-06 23:19:21.269
ETH,BUY,0.2000,495436.000,2024-07-06 23:19:21.643
ETH,BUY,2.0000,495755.000,2024-07-06 23:19:42.008
ETH,BUY,2.0000,495842.000,2024-07-06 23:19:45.004
ETH,BUY,0.0300,495899.000,2024-07-06 23:20:35.987
ETH,BUY,0.5000,495986.000,2024-07-06 23:24:19.859
ETH,BUY,0.0200,495999.000,2024-07-06 23:26:29.949
ETH,BUY,0.0410,496000.000,2024-07-06 23:30:50.517
ETH,SELL,0.5000,496002.000,2024-07-06 23:30:51.821
ETH,SELL,1.2700,496114.000,2024-07-06 23:31:28.315
ETH,SELL,0.8800,496114.000,2024-07-06 23:31:28.315
ETH,SELL,0.1000,496132.000,2024-07-06 23:31:38.737
ETH,BUY,0.0400,496095.000,2024-07-06 23:34:19.078
ETH,BUY,0.0270,496150.000,2024-07-06 23:35:04.047
ETH,SELL,0.2846,496000.000,2024-07-06 23:35:27.507
ETH,SELL,0.0171,496000.000,2024-07-06 23:35:32.586
ETH,SELL,0.0327,496000.000,2024-07-06 23:35:37.560
ETH,SELL,0.0100,496000.000,2024-07-06 23:35:38.439
ETH,SELL,0.3200,496000.000,2024-07-06 23:35:39.324
ETH,SELL,0.0878,496000.000,2024-07-06 23:35:41.802
ETH,SELL,0.2478,496000.000,2024-07-06 23:35:43.420
ETH,SELL,0.0100,495999.000,2024-07-06 23:35:43.420
ETH,SELL,0.0200,495899.000,2024-07-06 23:35:43.420
ETH,SELL,0.0422,495459.000,2024-07-06 23:35:43.420
ETH,SELL,0.0578,495459.000,2024-07-06 23:35:43.511
ETH,SELL,0.0422,495415.000,2024-07-06 23:35:43.511
ETH,SELL,0.0300,495351.000,2024-07-06 23:35:44.130
ETH,SELL,0.0100,495351.000,2024-07-06 23:35:44.155
ETH,SELL,0.2000,495351.000,2024-07-06 23:35:44.449
ETH,SELL,0.1000,495435.000,2024-07-06 23:35:45.416
ETH,BUY,0.1400,495001.000,2024-07-06 23:37:59.447
ETH,SELL,0.5000,495000.000,2024-07-06 23:38:21.277
ETH,SELL,0.5000,495000.000,2024-07-06 23:38:21.930
ETH,SELL,0.0200,495000.000,2024-07-06 23:38:22.325
ETH,SELL,0.0100,494940.000,2024-07-06 23:38:22.325
ETH,SELL,0.0700,494745.000,2024-07-06 23:38:22.325
ETH,BUY,0.0230,494746.000,2024-07-06 23:38:26.029
ETH,BUY,0.0325,494768.000,2024-07-06 23:38:44.410
ETH,BUY,0.2000,494785.000,2024-07-06 23:39:46.911
ETH,BUY,0.0300,494760.000,2024-07-06 23:41:03.431
ETH,BUY,0.2400,494800.000,2024-07-06 23:41:03.431
ETH,BUY,1.7300,494827.000,2024-07-06 23:41:03.431
ETH,SELL,0.4499,494745.000,2024-07-06 23:43:33.439
ETH,SELL,0.0001,494745.000,2024-07-06 23:47:33.262
ETH,SELL,0.8618,494745.000,2024-07-06 23:47:33.262
ETH,SELL,0.0441,494745.000,2024-07-06 23:49:49.662
ETH,SELL,0.0941,494745.000,2024-07-06 23:49:53.407
ETH,SELL,0.9059,494486.000,2024-07-06 23:49:53.407
ETH,SELL,0.5000,494477.000,2024-07-06 23:50:11.226
ETH,BUY,0.3400,494885.000,2024-07-06 23:57:03.872
ETH,BUY,2.0000,495001.000,2024-07-06 23:59:51.030
ETH,BUY,0.3000,495050.000,2024-07-07 00:00:05.374
ETH,BUY,0.1000,495146.000,2024-07-07 00:00:27.988
ETH,SELL,0.1000,495000.000,2024-07-07 00:01:57.112
ETH,SELL,0.0772,495000.000,2024-07-07 00:01:57.424
ETH,SELL,0.8228,495000.000,2024-07-07 00:01:58.706
ETH,SELL,0.4259,494359.000,2024-07-07 00:01:58.850
ETH,BUY,0.0200,494624.000,2024-07-07 00:02:08.543
ETH,SELL,0.0100,494600.000,2024-07-07 00:03:22.375
ETH,SELL,0.0218,494276.000,2024-07-07 00:03:26.912
ETH,BUY,0.5000,494363.000,2024-07-07 00:06:01.844
ETH,BUY,0.5000,494363.000,2024-07-07 00:06:02.366
ETH,BUY,0.1800,494300.000,2024-07-07 00:07:43.920
ETH,BUY,0.0200,494305.000,2024-07-07 00:08:11.173
ETH,SELL,0.0240,494276.000,2024-07-07 00:08:42.424
ETH,SELL,0.1090,494276.000,2024-07-07 00:09:43.108
ETH,SELL,0.0211,494276.000,2024-07-07 00:10:03.254
ETH,SELL,0.0459,494276.000,2024-07-07 00:10:05.924
ETH,SELL,0.0121,494218.000,2024-07-07 00:10:07.503
ETH,BUY,0.6059,494181.000,2024-07-07 00:10:42.418
ETH,BUY,0.4259,494181.000,2024-07-07 00:10:42.418
ETH,BUY,0.9682,494181.000,2024-07-07 00:10:42.418
ETH,SELL,0.0114,494180.000,2024-07-07 00:11:12.358
ETH,SELL,0.0086,494180.000,2024-07-07 00:11:13.268
ETH,SELL,0.0195,494100.000,2024-07-07 00:11:14.314
ETH,SELL,0.9805,494100.000,2024-07-07 00:11:14.519
ETH,SELL,0.0194,494081.000,2024-07-07 00:11:14.628
ETH,SELL,0.1806,494081.000,2024-07-07 00:11:14.670
ETH,SELL,0.0100,494000.000,2024-07-07 00:11:14.670
ETH,SELL,0.0200,494000.000,2024-07-07 00:11:14.670
ETH,SELL,0.4683,493467.000,2024-07-07 00:11:14.670
ETH,SELL,0.1000,493467.000,2024-07-07 00:11:14.739
ETH,SELL,0.0135,493454.000,2024-07-07 00:12:18.919
ETH,SELL,0.0165,493454.000,2024-07-07 00:12:47.802
ETH,SELL,0.0135,493412.000,2024-07-07 00:12:47.802
ETH,SELL,0.0027,493412.000,2024-07-07 00:12:48.049
ETH,SELL,0.0073,493400.000,2024-07-07 00:12:48.049
ETH,SELL,0.0927,493400.000,2024-07-07 00:12:48.478
ETH,SELL,0.0073,493305.000,2024-07-07 00:12:48.478
ETH,SELL,0.0103,493305.000,2024-07-07 00:13:16.922
ETH,SELL,0.0244,493305.000,2024-07-07 00:13:19.541
ETH,SELL,1.1500,493305.000,2024-07-07 00:13:19.541
ETH,SELL,0.0410,493300.000,2024-07-07 00:13:19.541
ETH,SELL,0.4946,493192.000,2024-07-07 00:13:19.541
ETH,SELL,0.0105,493405.000,2024-07-07 00:16:04.586
ETH,BUY,0.5600,493406.000,2024-07-07 00:16:05.163
ETH,BUY,0.4100,493522.000,2024-07-07 00:17:07.983
ETH,BUY,0.0200,493609.000,2024-07-07 00:17:08.929
ETH,SELL,0.0156,493600.000,2024-07-07 00:22:07.451
ETH,SELL,0.0100,493600.000,2024-07-07 00:22:14.436
ETH,SELL,0.0300,493600.000,2024-07-07 00:22:14.469
ETH,SELL,0.0300,493600.000,2024-07-07 00:22:14.551
ETH,SELL,0.0144,493600.000,2024-07-07 00:22:15.214
ETH,SELL,0.0230,493600.000,2024-07-07 00:22:15.214
ETH,SELL,0.1626,493166.000,2024-07-07 00:22:15.214
ETH,BUY,0.3409,493232.000,2024-07-07 00:22:25.453
ETH,BUY,0.0100,493319.000,2024-07-07 00:22:47.818
ETH,SELL,0.0103,493166.000,2024-07-07 00:22:57.922
ETH,BUY,0.0180,493232.000,2024-07-07 00:23:08.133
ETH,BUY,0.0300,493319.000,2024-07-07 00:23:33.485
ETH,BUY,0.1600,493406.000,2024-07-07 00:24:52.956
ETH,SELL,0.0141,493383.000,2024-07-07 00:26:25.996
ETH,BUY,0.0200,493464.000,2024-07-07 00:27:21.172
ETH,SELL,0.0754,493550.000,2024-07-07 00:28:39.633
ETH,SELL,0.0480,493319.000,2024-07-07 00:28:40.508
ETH,SELL,0.0481,493319.000,2024-07-07 00:28:48.415
ETH,BUY,0.0200,493464.000,2024-07-07 00:31:39.210
ETH,BUY,1.0000,493551.000,2024-07-07 00:31:44.457
ETH,BUY,1.2035,493450.000,2024-07-07 00:37:03.057
ETH,BUY,0.2565,493452.000,2024-07-07 00:37:03.057
ETH,BUY,0.8000,493696.000,2024-07-07 00:37:29.937
ETH,SELL,0.2459,493319.000,2024-07-07 00:40:40.996
ETH,SELL,0.7541,493166.000,2024-07-07 00:40:40.996
ETH,BUY,0.0800,493350.000,2024-07-07 00:41:59.287
ETH,BUY,0.4200,493350.000,2024-07-07 00:41:59.389
ETH,BUY,0.2500,493551.000,2024-07-07 00:42:09.848
ETH,BUY,1.4000,493551.000,2024-07-07 00:42:09.850
ETH,BUY,0.1300,493638.000,2024-07-07 00:42:26.823
ETH,SELL,0.0330,493666.000,2024-07-07 00:42:55.419
ETH,SELL,0.0126,493621.000,2024-07-07 00:42:55.419
ETH,SELL,0.0874,493621.000,2024-07-07 00:43:07.618
ETH,SELL,0.0126,493551.000,2024-07-07 00:43:07.618
ETH,BUY,0.1000,493638.000,2024-07-07 00:43:37.102
ETH,BUY,0.0420,493639.000,2024-07-07 00:47:51.799
ETH,SELL,0.0300,493638.000,2024-07-07 00:47:52.012
ETH,SELL,0.0100,493638.000,2024-07-07 00:47:52.106
ETH,SELL,0.0590,493638.000,2024-07-07 00:47:52.221
ETH,SELL,0.0190,493551.000,2024-07-07 00:47:52.221
ETH,SELL,0.0251,493551.000,2024-07-07 00:48:15.640
ETH,SELL,0.0433,493551.000,2024-07-07 00:48:17.426
ETH,SELL,0.0653,493166.000,2024-07-07 00:48:17.526
ETH,SELL,0.0077,493166.000,2024-07-07 00:48:25.223
ETH,SELL,0.0100,492682.000,2024-07-07 00:48:25.223
ETH,SELL,0.0410,492600.000,2024-07-07 00:48:25.223
ETH,SELL,0.4000,492071.000,2024-07-07 00:48:25.296
ETH,SELL,0.0500,492079.000,2024-07-07 00:48:30.912
ETH,SELL,0.0100,492128.000,2024-07-07 00:49:01.796
ETH,SELL,0.0500,492127.000,2024-07-07 00:49:01.796
ETH,SELL,0.9400,492127.000,2024-07-07 00:49:01.796
ETH,BUY,0.0100,492536.000,2024-07-07 00:53:02.032
ETH,SELL,0.0200,492042.000,2024-07-07 00:55:57.042
ETH,SELL,0.0800,492042.000,2024-07-07 00:55:57.266
ETH,SELL,0.0112,492000.000,2024-07-07 00:56:02.417
ETH,SELL,0.0143,492000.000,2024-07-07 00:57:17.015
ETH,SELL,0.0329,492000.000,2024-07-07 00:57:37.934
ETH,SELL,0.1000,492000.000,2024-07-07 00:57:43.732
ETH,SELL,0.4516,492000.000,2024-07-07 00:58:32.449
ETH,SELL,0.0400,492000.000,2024-07-07 00:58:32.449
ETH,SELL,0.4900,491502.000,2024-07-07 00:59:24.455
ETH,SELL,1.0000,491500.000,2024-07-07 00:59:24.455
ETH,SELL,1.0000,491412.000,2024-07-07 00:59:24.455
ETH,SELL,0.0503,491291.000,2024-07-07 00:59:24.455
ETH,SELL,0.6106,491290.000,2024-07-07 00:59:24.455
ETH,BUY,0.2000,491000.000,2024-07-07 00:59:25.651
ETH,BUY,0.0100,491000.000,2024-07-07 00:59:26.445
ETH,BUY,0.3056,491000.000,2024-07-07 00:59:26.543
ETH,BUY,0.6000,491000.000,2024-07-07 00:59:26.931
ETH,BUY,0.0999,491000.000,2024-07-07 00:59:27.109
ETH,BUY,0.2000,491000.000,2024-07-07 00:59:27.374
ETH,BUY,0.5000,491000.000,2024-07-07 00:59:27.568
ETH,BUY,0.0200,491000.000,2024-07-07 00:59:28.030
ETH,BUY,0.2000,491000.000,2024-07-07 00:59:28.819
ETH,BUY,0.1000,491000.000,2024-07-07 00:59:30.082
ETH,BUY,0.2000,491000.000,2024-07-07 00:59:30.187
ETH,BUY,0.1000,491000.000,2024-07-07 00:59:36.175
ETH,BUY,0.2000,491490.000,2024-07-07 00:59:46.130
ETH,SELL,0.2000,491285.000,2024-07-07 01:01:15.188
ETH,SELL,1.0000,491282.000,2024-07-07 01:01:15.188
ETH,SELL,0.1000,490866.000,2024-07-07 01:01:15.188
ETH,SELL,1.7000,490865.000,2024-07-07 01:01:15.188
ETH,SELL,1.0000,490862.000,2024-07-07 01:01:15.188
ETH,SELL,26.0000,490854.000,2024-07-07 01:01:15.188
ETH,SELL,1.0000,491241.000,2024-07-07 01:03:02.789
ETH,SELL,0.1000,491218.000,2024-07-07 01:03:02.789
ETH,SELL,0.6103,491217.000,2024-07-07 01:03:02.789
ETH,BUY,0.3000,490971.000,2024-07-07 01:03:03.909
ETH,BUY,0.0340,490971.000,2024-07-07 01:03:04.016
ETH,BUY,0.2000,490971.000,2024-07-07 01:03:04.179
ETH,BUY,0.0300,490971.000,2024-07-07 01:03:04.180
ETH,BUY,0.3200,490971.000,2024-07-07 01:03:04.225
ETH,BUY,0.1160,490971.000,2024-07-07 01:03:04.227
ETH,BUY,0.3840,491216.000,2024-07-07 01:03:04.227
ETH,BUY,1.0000,491216.000,2024-07-07 01:03:04.278
ETH,BUY,0.0100,491216.000,2024-07-07 01:03:05.135
ETH,BUY,0.1500,491216.000,2024-07-07 01:03:05.322
ETH,BUY,0.2000,491216.000,2024-07-07 01:03:05.444
ETH,BUY,1.0000,490983.000,2024-07-07 01:03:06.543
ETH,BUY,0.0495,491216.000,2024-07-07 01:03:45.797
ETH,BUY,0.0215,491216.000,2024-07-07 01:03:55.283
ETH,BUY,0.0216,491215.000,2024-07-07 01:04:15.110
ETH,SELL,0.0108,491058.000,2024-07-07 01:05:06.002
ETH,SELL,1.0000,491060.000,2024-07-07 01:05:10.244
ETH,SELL,0.4104,490909.000,2024-07-07 01:05:10.244
ETH,SELL,0.1000,490698.000,2024-07-07 01:05:10.244
ETH,SELL,0.1040,490697.000,2024-07-07 01:05:10.244
ETH,BUY,0.2000,490640.000,2024-07-07 01:05:11.466
ETH,BUY,0.0203,490640.000,2024-07-07 01:05:12.671
ETH,BUY,0.0100,490638.000,2024-07-07 01:05:43.299
ETH,SELL,0.5000,490630.000,2024-07-07 01:05:46.953
ETH,SELL,0.4000,490174.000,2024-07-07 01:06:00.122
ETH,SELL,0.2000,490155.000,2024-07-07 01:06:00.172
ETH,SELL,0.3492,490407.000,2024-07-07 01:06:57.358
ETH,SELL,0.0100,490407.000,2024-07-07 01:06:57.358
ETH,SELL,0.0100,490406.000,2024-07-07 01:06:57.358
ETH,BUY,2.0000,490155.000,2024-07-07 01:06:58.139
ETH,BUY,0.2000,490155.000,2024-07-07 01:06:58.455
ETH,BUY,0.2000,490155.000,2024-07-07 01:06:58.732
ETH,BUY,0.2000,490155.000,2024-07-07 01:06:58.740
ETH,BUY,0.2000,490155.000,2024-07-07 01:06:59.677
ETH,BUY,2.0000,490155.000,2024-07-07 01:06:59.727
ETH,BUY,0.1189,490155.000,2024-07-07 01:06:59.980
ETH,BUY,0.5000,490155.000,2024-07-07 01:07:00.588
ETH,BUY,0.2000,490155.000,2024-07-07 01:07:00.642
ETH,BUY,0.2000,490155.000,2024-07-07 01:07:00.967
ETH,BUY,2.0000,490155.000,2024-07-07 01:07:01.231
ETH,BUY,0.2000,490155.000,2024-07-07 01:07:03.138
ETH,BUY,0.2000,490155.000,2024-07-07 01:07:05.263
ETH,BUY,0.2000,490673.000,2024-07-07 01:07:38.928
ETH,BUY,0.2000,490164.000,2024-07-07 01:07:43.144
ETH,BUY,0.2000,490164.000,2024-07-07 01:07:43.672
ETH,BUY,0.0267,490164.000,2024-07-07 01:07:43.750
ETH,BUY,0.5733,490164.000,2024-07-07 01:07:44.549
ETH,BUY,1.0000,490190.000,2024-07-07 01:07:46.195
ETH,BUY,1.0000,490211.000,2024-07-07 01:07:49.177
ETH,BUY,0.2000,490718.000,2024-07-07 01:07:49.944
ETH,BUY,1.0000,490208.000,2024-07-07 01:08:09.877
ETH,BUY,0.1000,490702.000,2024-07-07 01:08:10.241
ETH,BUY,0.4000,490788.000,2024-07-07 01:08:22.780
ETH,BUY,0.0300,490788.000,2024-07-07 01:08:23.127
ETH,BUY,0.2000,490788.000,2024-07-07 01:08:23.287
ETH,BUY,0.3200,490788.000,2024-07-07 01:08:23.362
ETH,BUY,0.0100,490787.000,2024-07-07 01:08:23.714
ETH,BUY,0.0700,490789.000,2024-07-07 01:08:25.839
ETH,BUY,0.1000,490881.000,2024-07-07 01:08:27.429
ETH,BUY,1.0000,490407.000,2024-07-07 01:08:28.131
ETH,SELL,0.4000,490415.000,2024-07-07 01:08:31.477
ETH,SELL,0.1900,490396.000,2024-07-07 01:08:31.477
ETH,SELL,0.4000,490463.000,2024-07-07 01:09:03.228
ETH,SELL,0.2300,490445.000,2024-07-07 01:09:03.228
ETH,BUY,2.0000,490396.000,2024-07-07 01:09:04.006
ETH,BUY,2.0000,490396.000,2024-07-07 01:09:05.571
ETH,BUY,0.0223,490396.000,2024-07-07 01:09:06.464
ETH,BUY,1.0000,490358.000,2024-07-07 01:09:07.608
ETH,BUY,0.3477,490396.000,2024-07-07 01:09:33.913
ETH,BUY,0.3200,490874.000,2024-07-07 01:09:43.090
ETH,BUY,0.2484,490874.000,2024-07-07 01:09:43.092
ETH,BUY,0.1516,490892.000,2024-07-07 01:09:43.092
ETH,BUY,0.2000,490892.000,2024-07-07 01:09:43.397
ETH,BUY,0.0300,490892.000,2024-07-07 01:09:43.543
ETH,BUY,0.0100,490911.000,2024-07-07 01:09:43.977
ETH,BUY,0.1100,490989.000,2024-07-07 01:10:04.716
ETH,BUY,0.0100,490990.000,2024-07-07 01:10:06.369
ETH,BUY,0.0300,490875.000,2024-07-07 01:10:09.691
ETH,BUY,0.0100,490836.000,2024-07-07 01:10:09.985
ETH,BUY,0.3100,490836.000,2024-07-07 01:10:10.097
ETH,BUY,0.2800,490836.000,2024-07-07 01:10:10.509
ETH,BUY,0.0304,490894.000,2024-07-07 01:10:12.803
ETH,BUY,0.0100,490894.000,2024-07-07 01:10:14.081
ETH,BUY,0.1526,490845.000,2024-07-07 01:10:26.276
ETH,BUY,0.0100,490895.000,2024-07-07 01:11:20.137
ETH,BUY,0.4000,490895.000,2024-07-07 01:11:20.270
ETH,BUY,0.0300,490895.000,2024-07-07 01:11:20.345
ETH,BUY,0.0800,490899.000,2024-07-07 01:11:21.094
ETH,SELL,0.2000,490695.000,2024-07-07 01:11:35.579
ETH,SELL,0.3700,490692.000,2024-07-07 01:11:35.579
ETH,SELL,0.4000,490691.000,2024-07-07 01:11:35.579
ETH,SELL,0.6300,490675.000,2024-07-07 01:11:35.579
ETH,SELL,1.3462,490672.000,2024-07-07 01:11:35.579
ETH,SELL,1.0000,490611.000,2024-07-07 01:11:35.579
ETH,BUY,2.0000,490600.000,2024-07-07 01:11:35.901
ETH,BUY,0.2000,490600.000,2024-07-07 01:11:36.045
ETH,BUY,0.2203,490600.000,2024-07-07 01:11:36.416
ETH,BUY,0.2200,490600.000,2024-07-07 01:11:36.462
ETH,BUY,2.0000,490600.000,2024-07-07 01:11:37.380
ETH,BUY,0.0672,490600.000,2024-07-07 01:11:38.021
ETH,BUY,0.2000,490600.000,2024-07-07 01:11:38.132
ETH,BUY,1.1463,490600.000,2024-07-07 01:11:38.843
ETH,BUY,0.0200,490641.000,2024-07-07 01:11:40.237
ETH,BUY,0.2600,490641.000,2024-07-07 01:11:40.239
ETH,BUY,0.2000,490641.000,2024-07-07 01:11:40.241
ETH,BUY,0.2000,490641.000,2024-07-07 01:11:40.297
ETH,BUY,0.0300,490641.000,2024-07-07 01:11:40.347
ETH,BUY,0.2900,490641.000,2024-07-07 01:11:40.350
ETH,BUY,0.1100,491108.000,2024-07-07 01:11:40.350
ETH,BUY,0.0800,491128.000,2024-07-07 01:11:41.072
ETH,BUY,0.4000,491128.000,2024-07-07 01:11:41.271
ETH,BUY,0.1000,491127.000,2024-07-07 01:11:42.122
ETH,BUY,1.0000,490721.000,2024-07-07 01:11:43.393
ETH,BUY,1.0000,490728.000,2024-07-07 01:11:46.474
ETH,SELL,0.2800,490751.000,2024-07-07 01:11:54.818
ETH,SELL,1.0000,490699.000,2024-07-07 01:11:54.818
ETH,SELL,0.0200,490172.000,2024-07-07 01:11:54.818
ETH,SELL,0.0100,490844.000,2024-07-07 01:12:42.267
ETH,SELL,0.4800,490844.000,2024-07-07 01:12:42.267
ETH,SELL,1.0000,490501.000,2024-07-07 01:12:42.267
ETH,BUY,1.0000,490390.000,2024-07-07 01:12:43.081
ETH,BUY,1.0000,490500.000,2024-07-07 01:12:43.081
ETH,BUY,0.6066,490500.000,2024-07-07 01:12:43.621
ETH,BUY,2.0000,490500.000,2024-07-07 01:12:44.622
ETH,BUY,2.0000,490500.000,2024-07-07 01:12:45.840
ETH,BUY,2.0000,490500.000,2024-07-07 01:12:47.705
ETH,BUY,0.2000,490420.000,2024-07-07 01:12:48.990
ETH,BUY,0.8000,490420.000,2024-07-07 01:12:49.207
ETH,BUY,0.1034,490500.000,2024-07-07 01:12:49.207
ETH,BUY,0.8000,490500.000,2024-07-07 01:12:50.679
ETH,BUY,1.0000,490447.000,2024-07-07 01:12:52.216
ETH,BUY,0.0203,491085.000,2024-07-07 01:12:52.634
ETH,BUY,0.1587,491085.000,2024-07-07 01:12:53.144
ETH,BUY,0.0413,491089.000,2024-07-07 01:12:53.144
ETH,BUY,0.0203,491070.000,2024-07-07 01:13:02.710
ETH,BUY,1.0000,490604.000,2024-07-07 01:13:19.537
ETH,BUY,1.0000,490655.000,2024-07-07 01:13:25.074
ETH,BUY,0.2000,491060.000,2024-07-07 01:13:25.574
ETH,BUY,1.0000,490723.000,2024-07-07 01:13:28.635
ETH,BUY,0.0100,491110.000,2024-07-07 01:14:13.632
ETH,BUY,1.0000,490711.000,2024-07-07 01:14:16.723
ETH,BUY,1.0000,490716.000,2024-07-07 01:14:19.627
ETH,BUY,1.0000,490726.000,2024-07-07 01:14:22.136
ETH,BUY,1.0000,490756.000,2024-07-07 01:14:25.746
ETH,BUY,1.0000,490767.000,2024-07-07 01:14:28.759
ETH,BUY,1.0000,490871.000,2024-07-07 01:15:04.243
ETH,BUY,1.0000,491155.000,2024-07-07 01:15:04.826
ETH,BUY,0.2000,491155.000,2024-07-07 01:15:05.267
ETH,BUY,0.3589,491155.000,2024-07-07 01:15:05.481
ETH,BUY,0.0411,491344.000,2024-07-07 01:15:05.481
ETH,BUY,0.0100,491344.000,2024-07-07 01:15:05.572
ETH,BUY,1.0000,491007.000,2024-07-07 01:15:10.310
ETH,SELL,0.4000,491022.000,2024-07-07 01:15:46.053
ETH,SELL,1.8300,491003.000,2024-07-07 01:15:46.053
ETH,SELL,0.9000,491000.000,2024-07-07 01:15:46.053
ETH,SELL,1.0000,490905.000,2024-07-07 01:15:46.053
ETH,SELL,0.5000,490900.000,2024-07-07 01:15:46.053
ETH,BUY,2.0000,490800.000,2024-07-07 01:15:46.660
ETH,BUY,0.0500,490800.000,2024-07-07 01:15:46.850
ETH,BUY,0.4000,490800.000,2024-07-07 01:15:46.905
ETH,BUY,0.2000,490800.000,2024-07-07 01:15:46.907
ETH,BUY,0.4054,490800.000,2024-07-07 01:15:47.265
ETH,BUY,2.0000,490800.000,2024-07-07 01:15:48.719
ETH,BUY,0.2000,490800.000,2024-07-07 01:15:49.011
ETH,BUY,0.0200,490800.000,2024-07-07 01:15:50.171
ETH,BUY,0.0946,490800.000,2024-07-07 01:15:51.174
ETH,BUY,0.0054,490886.000,2024-07-07 01:15:51.174
ETH,BUY,0.9946,490886.000,2024-07-07 01:15:51.700
ETH,BUY,1.0000,490723.000,2024-07-07 01:15:55.293
ETH,BUY,0.3500,491029.000,2024-07-07 01:15:55.445
ETH,BUY,0.0400,491203.000,2024-07-07 01:15:58.232
ETH,BUY,0.0200,491103.000,2024-07-07 01:16:15.421
ETH,BUY,0.0300,491012.000,2024-07-07 01:16:49.508
ETH,BUY,0.0700,491009.000,2024-07-07 01:16:53.543
ETH,SELL,0.0500,490760.000,2024-07-07 01:16:58.982
ETH,SELL,0.0500,490592.000,2024-07-07 01:16:59.319
ETH,BUY,1.0300,490650.000,2024-07-07 01:17:00.680
ETH,BUY,1.0000,490594.000,2024-07-07 01:17:04.119
ETH,BUY,2.0000,490650.000,2024-07-07 01:17:05.575
ETH,BUY,0.2550,490650.000,2024-07-07 01:17:06.552
ETH,BUY,0.0500,490650.000,2024-07-07 01:17:07.097
ETH,BUY,2.0000,490650.000,2024-07-07 01:17:07.287
ETH,BUY,2.0000,490650.000,2024-07-07 01:17:09.095
ETH,BUY,0.2000,490650.000,2024-07-07 01:17:10.239
ETH,BUY,2.0000,490650.000,2024-07-07 01:17:10.615
ETH,BUY,0.2000,490650.000,2024-07-07 01:17:11.220
ETH,BUY,0.0485,490650.000,2024-07-07 01:17:12.017
ETH,BUY,2.0000,490650.000,2024-07-07 01:17:12.147
ETH,BUY,0.2000,490650.000,2024-07-07 01:17:12.417
ETH,BUY,0.3000,490650.000,2024-07-07 01:17:12.737
ETH,BUY,0.3058,490650.000,2024-07-07 01:17:12.791
ETH,BUY,2.0000,490650.000,2024-07-07 01:17:13.672
ETH,BUY,0.2000,490650.000,2024-07-07 01:17:14.603
ETH,BUY,2.0000,490650.000,2024-07-07 01:17:15.180
ETH,BUY,0.0300,490650.000,2024-07-07 01:17:16.262
ETH,BUY,2.0000,490650.000,2024-07-07 01:17:16.678
ETH,BUY,0.2000,490650.000,2024-07-07 01:17:16.751
ETH,BUY,0.9307,490650.000,2024-07-07 01:17:18.193
ETH,BUY,0.0200,490742.000,2024-07-07 01:17:19.665
ETH,BUY,0.0300,490742.000,2024-07-07 01:17:20.038
ETH,BUY,0.1000,490742.000,2024-07-07 01:17:20.371
ETH,BUY,0.0300,490742.000,2024-07-07 01:17:20.382
ETH,BUY,0.1000,490742.000,2024-07-07 01:17:20.957
ETH,BUY,0.0400,490742.000,2024-07-07 01:17:20.959
ETH,BUY,0.0200,490742.000,2024-07-07 01:17:21.164
ETH,BUY,0.6600,490742.000,2024-07-07 01:17:21.688
ETH,BUY,0.2000,490942.000,2024-07-07 01:17:22.650
ETH,SELL,1.0000,490941.000,2024-07-07 01:17:24.533
ETH,SELL,0.2000,490940.000,2024-07-07 01:17:24.533
ETH,SELL,0.6657,490252.000,2024-07-07 01:17:24.533
ETH,SELL,0.5343,490246.000,2024-07-07 01:17:24.533
ETH,BUY,1.0000,490990.000,2024-07-07 01:17:37.870
ETH,BUY,1.0000,491017.000,2024-07-07 01:17:43.440
ETH,BUY,1.0000,491018.000,2024-07-07 01:17:46.498
ETH,BUY,1.0000,491011.000,2024-07-07 01:17:49.534
ETH,BUY,1.0000,491026.000,2024-07-07 01:17:52.495
ETH,BUY,1.0000,491002.000,2024-07-07 01:18:01.666
ETH,BUY,2.0000,491017.000,2024-07-07 01:18:03.120
ETH,BUY,2.0000,491017.000,2024-07-07 01:18:04.745
ETH,BUY,0.0200,491017.000,2024-07-07 01:18:05.325
ETH,BUY,0.0943,491017.000,2024-07-07 01:18:05.434
ETH,BUY,0.2000,491017.000,2024-07-07 01:18:05.505
ETH,BUY,0.6043,491016.000,2024-07-07 01:18:05.722
ETH,BUY,0.3957,491017.000,2024-07-07 01:18:05.722
ETH,BUY,0.0200,491017.000,2024-07-07 01:18:06.099
ETH,BUY,0.0300,491017.000,2024-07-07 01:18:06.100
ETH,BUY,2.0000,491017.000,2024-07-07 01:18:06.257
ETH,BUY,0.0100,491017.000,2024-07-07 01:18:06.468
ETH,BUY,2.0000,491017.000,2024-07-07 01:18:07.794
ETH,BUY,0.2000,491017.000,2024-07-07 01:18:07.830
ETH,BUY,0.2000,491017.000,2024-07-07 01:18:08.026
ETH,BUY,0.4012,491017.000,2024-07-07 01:18:08.261
ETH,BUY,0.3000,491017.000,2024-07-07 01:18:08.793
ETH,BUY,0.1288,491017.000,2024-07-07 01:18:09.335
ETH,BUY,0.0100,491026.000,2024-07-07 01:18:09.447
ETH,BUY,0.1900,491288.000,2024-07-07 01:18:09.447
ETH,BUY,1.0000,491270.000,2024-07-07 01:18:13.918
ETH,BUY,0.3749,491160.000,2024-07-07 01:18:18.213
ETH,BUY,0.5000,491152.000,2024-07-07 01:18:19.653
ETH,BUY,0.5000,491152.000,2024-07-07 01:18:20.970
ETH,BUY,0.3000,491530.000,2024-07-07 01:18:21.286
ETH,BUY,0.3676,491117.000,2024-07-07 01:18:28.576
ETH,BUY,0.0145,491116.000,2024-07-07 01:19:42.929
ETH,SELL,0.0100,490940.000,2024-07-07 01:19:45.243
ETH,SELL,0.5000,490920.000,2024-07-07 01:19:45.243
ETH,SELL,1.0000,490816.000,2024-07-07 01:19:45.243
ETH,SELL,8.4900,490796.000,2024-07-07 01:19:45.243
ETH,SELL,0.5000,490660.000,2024-07-07 01:20:34.195
ETH,BUY,0.0180,490502.000,2024-07-07 01:20:40.918
ETH,BUY,0.0873,490521.000,2024-07-07 01:20:50.180
ETH,BUY,0.0375,490600.000,2024-07-07 01:20:55.904
ETH,BUY,0.0456,490491.000,2024-07-07 01:20:59.431
ETH,BUY,0.0188,490491.000,2024-07-07 01:21:00.499
ETH,BUY,0.0202,490472.000,2024-07-07 01:21:02.815
ETH,BUY,0.0945,490472.000,2024-07-07 01:21:03.674
ETH,BUY,1.0000,490455.000,2024-07-07 01:21:04.054
ETH,BUY,0.1566,490589.000,2024-07-07 01:21:07.220
ETH,BUY,0.0202,490592.000,2024-07-07 01:21:12.730
ETH,BUY,0.0487,490592.000,2024-07-07 01:21:13.334
ETH,BUY,0.1526,490592.000,2024-07-07 01:21:17.360
ETH,BUY,0.4442,490592.000,2024-07-07 01:21:20.548
ETH,BUY,0.1526,490675.000,2024-07-07 01:21:28.082
ETH,BUY,0.1526,490675.000,2024-07-07 01:21:29.032
ETH,BUY,0.1405,490674.000,2024-07-07 01:21:32.109
ETH,BUY,0.0201,490684.000,2024-07-07 01:21:38.934
ETH,BUY,0.7233,490666.000,2024-07-07 01:21:43.794
ETH,BUY,1.2224,490667.000,2024-07-07 01:21:43.794
ETH,BUY,0.6101,490668.000,2024-07-07 01:21:43.794
ETH,SELL,0.4000,490630.000,2024-07-07 01:22:00.348
ETH,SELL,1.8000,490348.000,2024-07-07 01:22:00.348
ETH,SELL,1.0000,490347.000,2024-07-07 01:22:00.348
ETH,SELL,9.0000,490332.000,2024-07-07 01:22:00.348
ETH,SELL,0.5000,490320.000,2024-07-07 01:22:00.348
ETH,SELL,1.3552,490305.000,2024-07-07 01:22:00.348
ETH,BUY,0.9448,490280.000,2024-07-07 01:22:01.042
ETH,BUY,0.2204,490387.000,2024-07-07 01:22:01.246
ETH,BUY,0.2959,490324.000,2024-07-07 01:22:09.199
ETH,BUY,0.0770,490345.000,2024-07-07 01:22:46.757
ETH,SELL,0.1900,490200.000,2024-07-07 01:23:06.367
ETH,SELL,0.2100,490200.000,2024-07-07 01:23:53.129
ETH,SELL,0.1000,490150.000,2024-07-07 01:23:53.129
ETH,SELL,1.0000,490116.000,2024-07-07 01:23:53.129
ETH,SELL,0.0100,490100.000,2024-07-07 01:23:53.129
ETH,SELL,0.1000,490015.000,2024-07-07 01:23:53.129
ETH,SELL,0.1000,490000.000,2024-07-07 01:23:53.129
ETH,SELL,0.2500,490000.000,2024-07-07 01:23:53.129
ETH,SELL,2.0000,490000.000,2024-07-07 01:23:53.129
ETH,SELL,0.0283,490000.000,2024-07-07 01:23:53.129
ETH,SELL,0.0500,490000.000,2024-07-07 01:23:53.129
ETH,SELL,0.1000,490000.000,2024-07-07 01:23:53.129
ETH,SELL,0.0100,490000.000,2024-07-07 01:23:53.129
ETH,SELL,0.0100,490000.000,2024-07-07 01:23:53.129
ETH,SELL,0.9770,490000.000,2024-07-07 01:23:53.129
ETH,SELL,0.0100,490000.000,2024-07-07 01:23:53.129
ETH,SELL,0.0100,490000.000,2024-07-07 01:23:53.129
ETH,SELL,0.1000,489999.000,2024-07-07 01:23:53.216
ETH,SELL,0.3500,489999.000,2024-07-07 01:23:53.279
ETH,SELL,0.6500,489839.000,2024-07-07 01:23:53.279
ETH,BUY,0.3203,489961.000,2024-07-07 01:24:02.213
ETH,BUY,0.0200,490000.000,2024-07-07 01:24:08.146
ETH,BUY,0.0583,489982.000,2024-07-07 01:24:50.417
ETH,BUY,0.0100,489974.000,2024-07-07 01:25:03.447
ETH,BUY,2.0000,489927.000,2024-07-07 01:25:35.548
ETH,BUY,0.2000,489849.000,2024-07-07 01:25:47.738
ETH,SELL,0.0100,489770.000,2024-07-07 01:26:31.040
ETH,BUY,0.0130,489964.000,2024-07-07 01:26:51.977
ETH,SELL,0.1000,489770.000,2024-07-07 01:26:52.719
ETH,BUY,0.3400,489854.000,2024-07-07 01:27:01.981
ETH,BUY,0.3300,489854.000,2024-07-07 01:27:02.639
ETH,BUY,0.2000,489854.000,2024-07-07 01:27:03.160
ETH,BUY,0.1300,489854.000,2024-07-07 01:27:03.473
ETH,BUY,0.2700,490000.000,2024-07-07 01:27:03.473
ETH,BUY,1.0000,489944.000,2024-07-07 01:27:04.515
ETH,BUY,0.8300,490000.000,2024-07-07 01:27:04.515
ETH,BUY,0.3900,490000.000,2024-07-07 01:27:07.517
ETH,BUY,0.0100,490000.000,2024-07-07 01:27:45.570
ETH,BUY,0.0100,490000.000,2024-07-07 01:27:53.861
ETH,BUY,0.4000,490000.000,2024-07-07 01:28:05.973
ETH,BUY,1.0000,490000.000,2024-07-07 01:28:06.564
ETH,BUY,0.2000,490000.000,2024-07-07 01:28:34.147
ETH,BUY,0.0340,490000.000,2024-07-07 01:28:35.435
ETH,SELL,0.8000,489999.000,2024-07-07 01:28:51.356
ETH,BUY,0.5000,490000.000,2024-07-07 01:28:54.979
ETH,BUY,0.2000,490000.000,2024-07-07 01:28:56.419
ETH,BUY,0.1560,490000.000,2024-07-07 01:29:14.741
ETH,BUY,0.0440,490085.000,2024-07-07 01:29:14.741
ETH,BUY,0.0200,490085.000,2024-07-07 01:29:15.150
ETH,BUY,0.9360,490085.000,2024-07-07 01:29:15.420
ETH,BUY,0.0640,490263.000,2024-07-07 01:29:15.420
ETH,SELL,1.0000,490087.000,2024-07-07 01:29:24.450
ETH,SELL,9.0000,490013.000,2024-07-07 01:29:24.450
ETH,SELL,0.2000,489985.000,2024-07-07 01:29:24.450
ETH,SELL,1.8300,489968.000,2024-07-07 01:29:24.450
ETH,SELL,0.0410,489907.000,2024-07-07 01:29:24.450
ETH,SELL,0.0200,489900.000,2024-07-07 01:29:24.450
ETH,SELL,2.9090,489839.000,2024-07-07 01:29:24.450
ETH,SELL,1.0000,489931.000,2024-07-07 01:29:38.653
ETH,SELL,0.9300,489916.000,2024-07-07 01:29:38.653
ETH,SELL,0.5000,489840.000,2024-07-07 01:29:38.653
ETH,BUY,0.3062,489839.000,2024-07-07 01:29:40.009
ETH,BUY,0.2000,489839.000,2024-07-07 01:29:40.101
ETH,BUY,0.3059,489839.000,2024-07-07 01:29:40.921
ETH,BUY,0.2000,489839.000,2024-07-07 01:29:42.220
ETH,BUY,0.1000,489839.000,2024-07-07 01:29:42.856
ETH,BUY,0.2000,489839.000,2024-07-07 01:29:44.312
ETH,BUY,0.1000,489839.000,2024-07-07 01:29:46.974
ETH,BUY,0.1000,489839.000,2024-07-07 01:29:50.968
ETH,BUY,0.0500,489839.000,2024-07-07 01:29:54.582
ETH,BUY,0.1000,489839.000,2024-07-07 01:29:54.873
ETH,BUY,0.1000,489973.000,2024-07-07 01:30:06.646
ETH,SELL,1.0000,490070.000,2024-07-07 01:30:19.584
ETH,SELL,0.0800,490010.000,2024-07-07 01:30:19.584
ETH,BUY,0.5000,489933.000,2024-07-07 01:30:31.205
ETH,BUY,0.0900,489973.000,2024-07-07 01:30:44.469
ETH,BUY,0.2000,489973.000,2024-07-07 01:31:01.144
ETH,BUY,0.2000,489973.000,2024-07-07 01:31:01.204
ETH,BUY,2.0000,489973.000,2024-07-07 01:31:02.438
ETH,BUY,0.5000,489973.000,2024-07-07 01:31:09.214
ETH,BUY,2.0000,489973.000,2024-07-07 01:31:12.922
ETH,BUY,0.1000,489973.000,2024-07-07 01:31:13.382
ETH,BUY,2.0000,489973.000,2024-07-07 01:31:14.171
ETH,BUY,1.8300,489973.000,2024-07-07 01:31:19.197
ETH,BUY,0.2000,490011.000,2024-07-07 01:31:19.595
ETH,BUY,2.0000,490011.000,2024-07-07 01:31:20.712
ETH,BUY,2.0000,490011.000,2024-07-07 01:31:22.240
ETH,BUY,2.0000,490011.000,2024-07-07 01:31:26.744
ETH,BUY,0.2000,490011.000,2024-07-07 01:31:27.781
ETH,BUY,0.0100,490011.000,2024-07-07 01:31:28.125
ETH,BUY,2.0000,490011.000,2024-07-07 01:31:28.303
ETH,BUY,0.2000,490011.000,2024-07-07 01:31:28.527
ETH,BUY,1.0000,490011.000,2024-07-07 01:31:28.767
ETH,BUY,0.2000,490011.000,2024-07-07 01:31:29.160
ETH,BUY,0.0434,490011.000,2024-07-07 01:31:29.724
ETH,BUY,0.1466,490011.000,2024-07-07 01:31:29.878
ETH,BUY,0.0534,490278.000,2024-07-07 01:31:29.878
ETH,SELL,0.5000,490330.000,2024-07-07 01:32:01.197
ETH,BUY,0.4000,489916.000,2024-07-07 01:32:07.007
ETH,BUY,0.0100,489902.000,2024-07-07 01:32:12.934
ETH,BUY,1.7317,490154.000,2024-07-07 01:32:35.663
ETH,BUY,1.0782,490154.000,2024-07-07 01:32:35.663
ETH,BUY,0.2000,490155.000,2024-07-07 01:32:35.663
ETH,BUY,1.0300,490159.000,2024-07-07 01:32:35.663
ETH,BUY,1.8300,490172.000,2024-07-07 01:32:35.663
ETH,BUY,1.8357,490173.000,2024-07-07 01:32:35.663
ETH,SELL,8.5944,490263.000,2024-07-07 01:33:13.582
ETH,BUY,0.0650,489984.000,2024-07-07 01:33:29.816
ETH,SELL,0.1300,489960.000,2024-07-07 01:33:45.199
ETH,BUY,0.3700,490036.000,2024-07-07 01:33:54.094
ETH,BUY,0.0407,490024.000,2024-07-07 01:34:19.015
ETH,BUY,0.0100,490022.000,2024-07-07 01:34:22.668
ETH,SELL,0.0200,490010.000,2024-07-07 01:37:31.867
ETH,SELL,0.1000,489920.000,2024-07-07 01:38:44.590
ETH,BUY,0.1018,490080.000,2024-07-07 01:41:43.048
ETH,BUY,0.0230,490080.000,2024-07-07 01:42:09.035
ETH,BUY,0.0600,489931.000,2024-07-07 01:42:56.740
ETH,BUY,1.0000,489932.000,2024-07-07 01:42:58.786
ETH,BUY,1.0000,489956.000,2024-07-07 01:43:02.785
ETH,BUY,1.0000,490030.000,2024-07-07 01:43:04.334
ETH,BUY,2.0000,490080.000,2024-07-07 01:43:06.874
ETH,BUY,0.5314,490080.000,2024-07-07 01:43:08.378
ETH,BUY,1.4686,490080.000,2024-07-07 01:43:08.378
ETH,BUY,0.5314,490080.000,2024-07-07 01:43:10.858
ETH,BUY,1.0000,490082.000,2024-07-07 01:43:12.422
ETH,BUY,1.0000,490092.000,2024-07-07 01:43:13.945
ETH,BUY,0.0652,490819.000,2024-07-07 01:43:15.502
ETH,BUY,0.1000,490218.000,2024-07-07 01:43:16.270
ETH,BUY,0.9000,490218.000,2024-07-07 01:43:17.926
ETH,BUY,1.0000,490223.000,2024-07-07 01:43:28.556
ETH,BUY,1.0000,490187.000,2024-07-07 01:43:37.646
ETH,BUY,1.0000,490221.000,2024-07-07 01:43:40.725
ETH,BUY,1.0000,490222.000,2024-07-07 01:43:43.764
ETH,BUY,1.0000,490246.000,2024-07-07 01:44:08.460
ETH,BUY,1.0000,490257.000,2024-07-07 01:44:25.635
ETH,BUY,1.0000,490349.000,2024-07-07 01:45:34.445
ETH,BUY,1.0000,490359.000,2024-07-07 01:45:38.989
ETH,BUY,1.0000,490370.000,2024-07-07 01:45:42.601
ETH,BUY,0.0120,491064.000,2024-07-07 01:45:45.540
ETH,BUY,1.0000,490514.000,2024-07-07 01:46:08.337
ETH,BUY,1.0000,490621.000,2024-07-07 01:46:10.896
ETH,BUY,1.0000,490657.000,2024-07-07 01:46:19.932
ETH,BUY,0.2000,491360.000,2024-07-07 01:48:10.891
ETH,BUY,0.8000,491364.000,2024-07-07 01:48:10.891
ETH,SELL,0.0500,490840.000,2024-07-07 01:48:37.365
ETH,SELL,0.2000,490938.000,2024-07-07 01:51:39.039
ETH,BUY,1.0000,491749.000,2024-07-07 01:55:20.274
ETH,BUY,1.0000,491813.000,2024-07-07 01:55:23.238
ETH,BUY,0.0200,492412.000,2024-07-07 01:55:23.937
ETH,BUY,0.2000,492412.000,2024-07-07 01:55:24.354
ETH,BUY,1.0000,491988.000,2024-07-07 01:55:29.303
ETH,BUY,0.7800,492412.000,2024-07-07 01:55:30.879
ETH,BUY,0.2000,492971.000,2024-07-07 01:55:31.117
ETH,BUY,1.0000,492240.000,2024-07-07 01:55:32.349
ETH,BUY,0.2000,492831.000,2024-07-07 01:55:33.251
ETH,BUY,1.0000,492278.000,2024-07-07 01:55:35.412
ETH,BUY,0.2000,492831.000,2024-07-07 01:55:35.580
ETH,BUY,0.1100,492413.000,2024-07-07 01:57:05.528
ETH,BUY,0.0100,492349.000,2024-07-07 01:57:11.798
ETH,SELL,0.0152,492117.000,2024-07-07 01:57:51.717
ETH,SELL,0.6120,492116.000,2024-07-07 01:57:51.717
ETH,SELL,1.3509,491984.000,2024-07-07 01:57:51.717
ETH,SELL,0.2000,491550.000,2024-07-07 01:57:51.717
ETH,SELL,1.8000,491546.000,2024-07-07 01:57:51.717
ETH,SELL,0.5419,491543.000,2024-07-07 01:57:51.717
ETH,BUY,1.0000,491545.000,2024-07-07 01:57:53.796
ETH,BUY,1.5500,491989.000,2024-07-07 01:59:34.206
ETH,BUY,0.1500,491987.000,2024-07-07 01:59:39.133
ETH,BUY,0.0100,492046.000,2024-07-07 01:59:43.679
ETH,BUY,0.0128,492046.000,2024-07-07 02:03:37.491
ETH,BUY,0.0772,492046.000,2024-07-07 02:03:50.611
ETH,BUY,0.0228,492390.000,2024-07-07 02:03:50.611
ETH,BUY,0.1000,492390.000,2024-07-07 02:03:52.089
ETH,BUY,0.1000,492431.000,2024-07-07 02:03:54.075
ETH,BUY,0.0200,492429.000,2024-07-07 02:03:56.309
ETH,BUY,0.0100,492249.000,2024-07-07 02:05:49.078
ETH,BUY,0.0200,492561.000,2024-07-07 02:05:54.245
ETH,BUY,0.1000,492686.000,2024-07-07 02:07:29.382
ETH,BUY,0.1000,492752.000,2024-07-07 02:10:48.352
ETH,BUY,0.2000,492611.000,2024-07-07 02:11:03.487
ETH,BUY,0.2000,492612.000,2024-07-07 02:11:05.597
ETH,BUY,0.8000,492612.000,2024-07-07 02:11:05.741
ETH,BUY,0.3200,492821.000,2024-07-07 02:11:06.129
ETH,BUY,0.4000,492821.000,2024-07-07 02:11:06.137
ETH,BUY,0.2000,492802.000,2024-07-07 02:11:07.765
ETH,BUY,0.2000,492802.000,2024-07-07 02:11:09.894
ETH,BUY,0.2000,492814.000,2024-07-07 02:11:12.096
ETH,BUY,0.0171,492865.000,2024-07-07 02:11:13.719
ETH,BUY,0.0667,492874.000,2024-07-07 02:11:25.265
ETH,BUY,0.2300,493193.000,2024-07-07 02:11:26.865
ETH,BUY,0.1500,493193.000,2024-07-07 02:11:26.920
ETH,BUY,0.7662,493203.000,2024-07-07 02:11:26.920
ETH,BUY,0.3200,493203.000,2024-07-07 02:11:27.213
ETH,BUY,1.0000,493005.000,2024-07-07 02:12:07.000
ETH,BUY,1.0000,493102.000,2024-07-07 02:12:11.119
ETH,BUY,0.1647,493535.000,2024-07-07 02:12:14.114
ETH,BUY,0.1000,493802.000,2024-07-07 02:12:14.114
ETH,BUY,0.0553,493937.000,2024-07-07 02:12:14.114
ETH,BUY,0.3200,493992.000,2024-07-07 02:13:59.446
ETH,BUY,0.4000,493992.000,2024-07-07 02:13:59.593
ETH,BUY,0.1000,494478.000,2024-07-07 02:14:00.430
ETH,BUY,0.1567,494565.000,2024-07-07 02:14:00.546
ETH,BUY,1.0000,493711.000,2024-07-07 02:14:02.738
ETH,BUY,0.4000,494326.000,2024-07-07 02:14:02.784
ETH,BUY,0.1000,493794.000,2024-07-07 02:14:06.871
ETH,BUY,0.0427,493856.000,2024-07-07 02:14:08.358
ETH,SELL,0.1000,494111.000,2024-07-07 02:14:50.264
ETH,BUY,0.1800,494280.000,2024-07-07 02:14:51.853
ETH,BUY,0.1000,493922.000,2024-07-07 02:16:00.424
ETH,BUY,0.1000,494342.000,2024-07-07 02:16:04.193
ETH,BUY,0.1000,494409.000,2024-07-07 02:16:04.193
ETH,BUY,0.6400,494298.000,2024-07-07 02:16:47.671
ETH,BUY,0.1000,494298.000,2024-07-07 02:16:47.671
ETH,BUY,0.0772,494300.000,2024-07-07 02:16:47.671
ETH,BUY,0.0828,494314.000,2024-07-07 02:16:47.671
ETH,BUY,1.0000,494358.000,2024-07-07 02:19:29.598
ETH,BUY,0.8200,494451.000,2024-07-07 02:19:32.711
ETH,BUY,0.1800,494451.000,2024-07-07 02:19:32.806
ETH,BUY,0.2000,494902.000,2024-07-07 02:21:23.860
ETH,BUY,0.0500,494774.000,2024-07-07 02:21:30.467
ETH,SELL,0.0100,494750.000,2024-07-07 02:21:47.372
ETH,SELL,0.0100,494750.000,2024-07-07 02:21:47.372
ETH,SELL,0.0500,494389.000,2024-07-07 02:22:15.147
ETH,BUY,0.0100,494458.000,2024-07-07 02:22:35.673
ETH,BUY,0.0300,494734.000,2024-07-07 02:23:30.357
ETH,BUY,1.5300,494727.000,2024-07-07 02:23:42.895
ETH,BUY,0.1600,494728.000,2024-07-07 02:23:42.895
ETH,BUY,0.0119,494922.000,2024-07-07 02:23:42.895
ETH,BUY,0.2981,494979.000,2024-07-07 02:23:42.895
ETH,SELL,0.5000,494874.000,2024-07-07 02:25:03.639
ETH,SELL,0.5000,494874.000,2024-07-07 02:25:04.652
ETH,SELL,0.1200,494874.000,2024-07-07 02:25:13.817
ETH,SELL,0.2000,494874.000,2024-07-07 02:25:13.887
ETH,SELL,0.2000,494874.000,2024-07-07 02:25:14.271
ETH,SELL,0.2000,494874.000,2024-07-07 02:25:15.988
ETH,SELL,0.0457,494874.000,2024-07-07 02:25:15.990
ETH,SELL,0.2000,494874.000,2024-07-07 02:25:16.512
ETH,SELL,0.0341,494874.000,2024-07-07 02:25:21.105
ETH,SELL,0.0002,494874.000,2024-07-07 02:25:23.174
ETH,SELL,0.0100,494250.000,2024-07-07 02:25:23.174
ETH,SELL,0.1898,494162.000,2024-07-07 02:25:23.174
ETH,SELL,0.1000,494162.000,2024-07-07 02:26:25.120
ETH,SELL,0.0102,494162.000,2024-07-07 02:26:27.989
ETH,SELL,0.0100,494000.000,2024-07-07 02:26:27.989
ETH,SELL,0.0098,493750.000,2024-07-07 02:26:27.989
ETH,SELL,0.0002,493750.000,2024-07-07 02:26:42.863
ETH,SELL,0.0100,493500.000,2024-07-07 02:26:42.863
ETH,SELL,0.0397,493368.000,2024-07-07 02:26:44.051
ETH,SELL,0.0300,493461.000,2024-07-07 02:28:23.871
ETH,BUY,0.0300,493731.000,2024-07-07 02:32:30.188
ETH,BUY,0.0397,493732.000,2024-07-07 02:32:30.188
ETH,BUY,0.0100,493750.000,2024-07-07 02:32:30.188
ETH,BUY,0.2203,493839.000,2024-07-07 02:32:30.188
ETH,BUY,0.0100,493839.000,2024-07-07 02:32:52.893
ETH,BUY,0.1971,493839.000,2024-07-07 02:32:58.649
ETH,BUY,0.0048,493899.000,2024-07-07 02:32:58.649
ETH,SELL,0.2000,493800.000,2024-07-07 02:33:36.909
ETH,SELL,0.2000,493800.000,2024-07-07 02:33:37.094
ETH,SELL,0.2000,493800.000,2024-07-07 02:33:39.053
ETH,SELL,0.2000,493800.000,2024-07-07 02:33:39.175
ETH,BUY,0.3384,493841.000,2024-07-07 02:34:25.254
ETH,BUY,0.6616,493870.000,2024-07-07 02:34:25.254
ETH,SELL,0.0300,493840.000,2024-07-07 02:35:42.570
ETH,SELL,0.0700,493800.000,2024-07-07 02:35:42.570
ETH,SELL,0.0350,493800.000,2024-07-07 02:35:42.786
ETH,SELL,0.0100,493500.000,2024-07-07 02:35:42.786
ETH,SELL,0.0550,493319.000,2024-07-07 02:35:42.786
ETH,SELL,0.1000,493477.000,2024-07-07 02:36:21.139
ETH,SELL,0.5000,493526.000,2024-07-07 02:40:21.571
ETH,BUY,0.0100,493601.000,2024-07-07 02:48:41.661
ETH,BUY,0.0100,493750.000,2024-07-07 02:50:06.315
ETH,BUY,0.0100,494000.000,2024-07-07 02:50:28.140
ETH,BUY,0.0100,494250.000,2024-07-07 02:50:40.655
ETH,BUY,0.0100,494201.000,2024-07-07 02:52:25.969
ETH,BUY,0.0200,494008.000,2024-07-07 02:52:55.089
ETH,BUY,0.0100,494008.000,2024-07-07 02:52:55.089
ETH,SELL,0.1000,494010.000,2024-07-07 02:53:07.545
ETH,SELL,0.1000,494010.000,2024-07-07 02:53:07.856
ETH,SELL,0.2000,494010.000,2024-07-07 02:53:09.722
ETH,SELL,0.1508,494010.000,2024-07-07 02:53:10.029
ETH,SELL,0.0100,494000.000,2024-07-07 02:53:10.029
ETH,SELL,0.0100,493750.000,2024-07-07 02:53:10.029
ETH,SELL,0.0167,493536.000,2024-07-07 02:53:10.029
ETH,SELL,0.0100,493526.000,2024-07-07 02:53:10.029
ETH,SELL,0.0025,493500.000,2024-07-07 02:53:10.029
ETH,BUY,0.3200,493600.000,2024-07-07 02:54:27.705
ETH,BUY,0.0800,493600.000,2024-07-07 02:54:28.109
ETH,BUY,0.0550,493874.000,2024-07-07 02:54:28.109
ETH,BUY,0.2000,493985.000,2024-07-07 02:54:28.109
ETH,BUY,0.0650,493986.000,2024-07-07 02:54:28.109
ETH,SELL,0.0100,493823.000,2024-07-07 02:55:12.130
ETH,BUY,0.0100,494000.000,2024-07-07 02:56:00.955
ETH,BUY,0.0100,494250.000,2024-07-07 02:56:00.955
ETH,BUY,0.0010,494258.000,2024-07-07 02:56:00.955
ETH,BUY,0.0090,494258.000,2024-07-07 02:56:01.819
ETH,BUY,1.0000,494420.000,2024-07-07 02:56:01.819
ETH,BUY,1.9910,494421.000,2024-07-07 02:56:01.819
ETH,BUY,0.0100,494500.000,2024-07-07 02:59:34.823
ETH,BUY,0.0047,494500.000,2024-07-07 02:59:34.823
ETH,BUY,0.0190,494654.000,2024-07-07 02:59:55.922
ETH,BUY,0.0202,494682.000,2024-07-07 03:00:08.237
ETH,BUY,0.5700,494671.000,2024-07-07 03:00:20.567
ETH,BUY,0.3300,494671.000,2024-07-07 03:00:20.567
ETH,BUY,0.6067,494681.000,2024-07-07 03:00:29.024
ETH,BUY,0.1033,494682.000,2024-07-07 03:00:29.024
ETH,SELL,0.0100,494500.000,2024-07-07 03:01:13.014
ETH,BUY,0.0600,494469.000,2024-07-07 03:01:39.170
ETH,BUY,0.3000,494434.000,2024-07-07 03:02:32.156
ETH,SELL,0.0100,494250.000,2024-07-07 03:03:08.039
ETH,SELL,0.0010,494148.000,2024-07-07 03:03:08.039
ETH,SELL,0.0100,494000.000,2024-07-07 03:03:12.587
ETH,SELL,0.0100,494000.000,2024-07-07 03:03:12.587
ETH,SELL,0.1800,493855.000,2024-07-07 03:03:12.587
ETH,SELL,0.0100,493750.000,2024-07-07 03:03:15.444
ETH,SELL,0.0075,493500.000,2024-07-07 03:03:15.444
ETH,SELL,0.0825,493300.000,2024-07-07 03:03:15.444
ETH,SELL,0.0875,493300.000,2024-07-07 03:04:05.240
ETH,SELL,0.0125,493300.000,2024-07-07 03:04:05.240
ETH,SELL,0.0075,493300.000,2024-07-07 03:04:12.001
ETH,SELL,0.0028,493250.000,2024-07-07 03:04:12.001
ETH,SELL,0.0072,493250.000,2024-07-07 03:05:49.326
ETH,BUY,0.1500,493284.000,2024-07-07 03:07:26.099
ETH,SELL,0.0100,493000.000,2024-07-07 03:08:05.779
ETH,SELL,0.1900,493000.000,2024-07-07 03:08:05.779
ETH,BUY,0.1000,493001.000,2024-07-07 03:08:07.685
ETH,SELL,0.0760,493000.000,2024-07-07 03:08:10.006
ETH,SELL,0.2000,493000.000,2024-07-07 03:08:13.250
ETH,SELL,0.1959,493000.000,2024-07-07 03:08:14.010
ETH,SELL,0.0753,493000.000,2024-07-07 03:08:15.420
ETH,SELL,0.0619,493000.000,2024-07-07 03:08:28.919
ETH,SELL,0.2000,493000.000,2024-07-07 03:08:41.842
ETH,SELL,0.0009,493000.000,2024-07-07 03:08:41.993
ETH,SELL,0.2000,492805.000,2024-07-07 03:08:42.404
ETH,SELL,0.0500,492800.000,2024-07-07 03:08:42.523
ETH,SELL,0.8000,492800.000,2024-07-07 03:08:43.225
ETH,SELL,0.1500,492800.000,2024-07-07 03:08:44.045
ETH,SELL,0.0100,492750.000,2024-07-07 03:08:44.045
ETH,SELL,0.0100,492500.000,2024-07-07 03:08:44.045
ETH,SELL,0.0100,492250.000,2024-07-07 03:08:44.045
ETH,SELL,0.0200,492109.000,2024-07-07 03:08:44.045
ETH,SELL,0.2000,492109.000,2024-07-07 03:08:44.263
ETH,SELL,0.0100,492000.000,2024-07-07 03:08:44.422
ETH,SELL,0.1399,491751.000,2024-07-07 03:08:44.422
ETH,SELL,0.0999,491751.000,2024-07-07 03:08:48.430
ETH,SELL,0.0100,491750.000,2024-07-07 03:10:16.471
ETH,SELL,0.0100,491500.000,2024-07-07 03:10:16.471
ETH,SELL,0.1800,491412.000,2024-07-07 03:10:16.471
ETH,SELL,0.8200,491412.000,2024-07-07 03:10:17.867
ETH,SELL,0.8900,491251.000,2024-07-07 03:10:17.867
ETH,SELL,0.0287,491468.000,2024-07-07 03:11:00.752
ETH,BUY,0.1100,491573.000,2024-07-07 03:11:09.282
ETH,BUY,0.0100,491580.000,2024-07-07 03:11:27.272
ETH,BUY,0.0260,491580.000,2024-07-07 03:11:31.003
ETH,BUY,0.0200,491580.000,2024-07-07 03:11:42.633
ETH,SELL,1.9998,491550.000,2024-07-07 03:13:09.637
ETH,SELL,0.0141,491550.000,2024-07-07 03:13:10.520
ETH,SELL,0.2000,491550.000,2024-07-07 03:13:10.630
ETH,SELL,0.2000,491550.000,2024-07-07 03:13:10.969
ETH,SELL,1.6208,491550.000,2024-07-07 03:13:11.280
ETH,SELL,1.2961,491550.000,2024-07-07 03:13:12.563
ETH,SELL,0.1400,491550.000,2024-07-07 03:13:12.646
ETH,SELL,0.2000,491550.000,2024-07-07 03:13:12.880
ETH,SELL,0.2000,491550.000,2024-07-07 03:13:13.181
ETH,SELL,1.7252,491550.000,2024-07-07 03:13:14.143
ETH,SELL,0.1000,491550.000,2024-07-07 03:13:14.460
ETH,SELL,0.0179,491550.000,2024-07-07 03:13:16.504
ETH,SELL,0.5100,491550.000,2024-07-07 03:13:16.940
ETH,SELL,1.9998,491550.000,2024-07-07 03:13:17.148
ETH,SELL,0.2000,491550.000,2024-07-07 03:13:17.310
ETH,SELL,0.0999,491550.000,2024-07-07 03:13:17.387
ETH,SELL,0.0111,491550.000,2024-07-07 03:13:18.464
ETH,SELL,0.2000,491550.000,2024-07-07 03:13:19.116
ETH,SELL,0.4249,491550.000,2024-07-07 03:13:19.200
ETH,SELL,0.2000,491550.000,2024-07-07 03:13:19.376
ETH,SELL,0.2000,491550.000,2024-07-07 03:13:21.322
ETH,SELL,0.1861,491550.000,2024-07-07 03:13:21.468
ETH,SELL,0.2000,491550.000,2024-07-07 03:13:21.604
ETH,SELL,0.5000,491550.000,2024-07-07 03:13:21.746
ETH,SELL,1.9998,491550.000,2024-07-07 03:13:21.807
ETH,SELL,0.1000,491550.000,2024-07-07 03:13:22.139
ETH,SELL,0.2000,491550.000,2024-07-07 03:13:23.437
ETH,SELL,0.0964,491550.000,2024-07-07 03:13:23.444
ETH,SELL,0.2000,491550.000,2024-07-07 03:13:23.751
ETH,SELL,0.2000,491550.000,2024-07-07 03:13:25.698
ETH,SELL,0.2000,491550.000,2024-07-07 03:13:25.964
ETH,SELL,1.6288,491550.000,2024-07-07 03:13:27.255
ETH,SELL,0.2000,491550.000,2024-07-07 03:13:27.816
ETH,SELL,0.2000,491550.000,2024-07-07 03:13:28.115
ETH,SELL,0.0462,491550.000,2024-07-07 03:13:28.188
ETH,SELL,0.1036,491550.000,2024-07-07 03:13:28.269
ETH,SELL,0.2000,491550.000,2024-07-07 03:13:29.938
ETH,SELL,0.2000,491550.000,2024-07-07 03:13:30.241
ETH,SELL,0.1000,491550.000,2024-07-07 03:13:30.500
ETH,SELL,0.3054,491550.000,2024-07-07 03:13:31.139
ETH,SELL,0.2000,491550.000,2024-07-07 03:13:32.012
ETH,SELL,0.2000,491550.000,2024-07-07 03:13:32.387
ETH,SELL,0.1493,491550.000,2024-07-07 03:13:32.652
ETH,SELL,0.3056,491550.000,2024-07-07 03:13:33.149
ETH,SELL,0.9079,491550.000,2024-07-07 03:13:33.317
ETH,SELL,0.0999,491550.000,2024-07-07 03:13:33.425
ETH,SELL,0.2000,491550.000,2024-07-07 03:13:34.244
ETH,SELL,0.3100,491550.000,2024-07-07 03:13:34.374
ETH,SELL,0.2000,491550.000,2024-07-07 03:13:34.478
ETH,SELL,1.0014,491550.000,2024-07-07 03:13:34.897
ETH,SELL,0.0200,491500.000,2024-07-07 03:13:34.897
ETH,SELL,0.0100,491250.000,2024-07-07 03:13:34.897
ETH,SELL,0.0100,491000.000,2024-07-07 03:13:34.897
ETH,SELL,0.0100,490750.000,2024-07-07 03:13:34.897
ETH,SELL,0.4598,490504.000,2024-07-07 03:13:34.897
ETH,SELL,0.0300,490504.000,2024-07-07 03:13:35.115
ETH,SELL,0.2003,490504.000,2024-07-07 03:13:35.342
ETH,SELL,0.0100,490500.000,2024-07-07 03:13:35.342
ETH,SELL,0.0200,490454.000,2024-07-07 03:13:35.342
ETH,SELL,0.0897,490420.000,2024-07-07 03:13:35.342
ETH,SELL,0.0900,490421.000,2024-07-07 03:13:36.708
ETH,SELL,0.0300,490422.000,2024-07-07 03:13:37.792
ETH,SELL,0.1000,490446.000,2024-07-07 03:13:40.122
ETH,BUY,0.0203,490600.000,2024-07-07 03:14:48.612
ETH,BUY,0.4797,490600.000,2024-07-07 03:14:54.533
ETH,SELL,0.3930,490600.000,2024-07-07 03:15:12.667
ETH,BUY,1.0000,490728.000,2024-07-07 03:15:19.654
ETH,BUY,0.0180,490732.000,2024-07-07 03:15:44.997
ETH,SELL,0.0100,490639.000,2024-07-07 03:16:16.852
ETH,BUY,0.0100,490750.000,2024-07-07 03:16:56.308
ETH,BUY,0.2000,490833.000,2024-07-07 03:18:57.336
ETH,SELL,1.0000,490750.000,2024-07-07 03:19:05.952
ETH,SELL,0.0503,490750.000,2024-07-07 03:19:08.915
ETH,SELL,1.0000,490750.000,2024-07-07 03:19:16.913
ETH,SELL,0.0600,490839.000,2024-07-07 03:19:43.072
ETH,SELL,0.3400,490750.000,2024-07-07 03:19:43.072
ETH,BUY,0.0100,490751.000,2024-07-07 03:21:28.251
ETH,SELL,0.1000,490750.000,2024-07-07 03:21:30.239
ETH,SELL,0.1000,490750.000,2024-07-07 03:21:30.410
ETH,SELL,0.0227,490750.000,2024-07-07 03:21:32.503
ETH,SELL,0.0184,490750.000,2024-07-07 03:21:37.927
ETH,SELL,0.5000,490750.000,2024-07-07 03:21:47.163
ETH,SELL,0.0115,490750.000,2024-07-07 03:25:07.500
ETH,SELL,0.5000,490750.000,2024-07-07 03:25:07.837
ETH,SELL,0.1000,490750.000,2024-07-07 03:25:34.991
ETH,SELL,0.1000,490750.000,2024-07-07 03:25:35.046
ETH,SELL,0.5000,490750.000,2024-07-07 03:25:36.914
ETH,SELL,1.9998,490750.000,2024-07-07 03:25:42.579
ETH,SELL,0.1000,490750.000,2024-07-07 03:25:45.212
ETH,SELL,0.1000,490750.000,2024-07-07 03:25:45.231
ETH,SELL,0.5000,490750.000,2024-07-07 03:26:12.309
ETH,SELL,0.3589,490750.000,2024-07-07 03:26:14.171
ETH,SELL,0.3047,490750.000,2024-07-07 03:26:16.103
ETH,SELL,0.3750,490867.000,2024-07-07 03:28:49.003
ETH,SELL,0.3187,490859.000,2024-07-07 03:28:49.649
ETH,SELL,0.0214,490865.000,2024-07-07 03:28:54.415
ETH,SELL,1.0000,490897.000,2024-07-07 03:29:58.777
ETH,BUY,0.0100,491000.000,2024-07-07 03:30:34.399
ETH,BUY,0.0052,491236.000,2024-07-07 03:30:34.399
ETH,SELL,0.0150,490865.000,2024-07-07 03:32:52.197
ETH,SELL,0.0200,490800.000,2024-07-07 03:32:52.197
ETH,SELL,1.0000,490776.000,2024-07-07 03:32:52.197
ETH,SELL,19.2937,490750.000,2024-07-07 03:32:52.197
ETH,SELL,0.1273,490750.000,2024-07-07 03:32:52.197
ETH,SELL,0.0100,490750.000,2024-07-07 03:32:52.197
ETH,SELL,1.4300,490749.000,2024-07-07 03:33:53.294
ETH,SELL,0.3800,490749.000,2024-07-07 03:33:53.294
ETH,SELL,2.1100,490749.000,2024-07-07 03:33:53.294
ETH,BUY,0.0172,490749.000,2024-07-07 03:35:15.596
ETH,BUY,0.0262,490749.000,2024-07-07 03:35:20.197
ETH,BUY,0.0367,490749.000,2024-07-07 03:35:33.800
ETH,BUY,0.0994,490749.000,2024-07-07 03:35:34.099
ETH,BUY,0.0446,490749.000,2024-07-07 03:35:38.225
ETH,BUY,0.0100,491000.000,2024-07-07 03:35:53.717
ETH,BUY,0.5800,491127.000,2024-07-07 03:35:53.717
ETH,BUY,0.3000,491000.000,2024-07-07 03:37:16.441
ETH,BUY,0.3002,491000.000,2024-07-07 03:37:16.770
ETH,BUY,0.1000,491000.000,2024-07-07 03:37:16.873
ETH,BUY,0.1000,491000.000,2024-07-07 03:37:17.239
ETH,BUY,0.6000,491000.000,2024-07-07 03:37:17.350
ETH,BUY,0.3000,491000.000,2024-07-07 03:37:18.359
ETH,BUY,0.0709,491000.000,2024-07-07 03:37:18.973
ETH,BUY,0.0158,491000.000,2024-07-07 03:37:37.397
ETH,BUY,0.2000,491000.000,2024-07-07 03:37:39.196
ETH,BUY,0.0471,491000.000,2024-07-07 03:37:41.933
ETH,BUY,0.2000,491000.000,2024-07-07 03:37:43.355
ETH,BUY,0.5800,491000.000,2024-07-07 03:37:43.983
ETH,BUY,0.2000,491000.000,2024-07-07 03:37:45.450
ETH,BUY,0.0100,491250.000,2024-07-07 03:37:53.387
ETH,BUY,0.1810,491465.000,2024-07-07 03:37:53.387
ETH,BUY,0.0100,491500.000,2024-07-07 03:37:53.387
ETH,BUY,0.1190,491591.000,2024-07-07 03:37:53.387
ETH,SELL,0.2232,491306.000,2024-07-07 03:38:24.529
ETH,SELL,0.2000,491305.000,2024-07-07 03:38:24.529
ETH,SELL,0.0100,491250.000,2024-07-07 03:38:24.529
ETH,SELL,0.1000,491021.000,2024-07-07 03:39:14.872
ETH,SELL,0.2000,491020.000,2024-07-07 03:39:14.872
ETH,SELL,1.3539,491018.000,2024-07-07 03:39:14.872
ETH,SELL,0.5162,491002.000,2024-07-07 03:39:14.872
ETH,SELL,0.0100,491000.000,2024-07-07 03:39:14.872
ETH,BUY,0.2000,490924.000,2024-07-07 03:39:18.351
ETH,BUY,0.0186,490924.000,2024-07-07 03:39:19.453
ETH,BUY,0.2000,490926.000,2024-07-07 03:39:20.446
ETH,BUY,0.2000,490925.000,2024-07-07 03:39:24.608
ETH,BUY,0.0276,490928.000,2024-07-07 03:39:30.593
ETH,BUY,0.2000,490959.000,2024-07-07 03:39:38.824
ETH,BUY,0.2000,490959.000,2024-07-07 03:39:40.969
ETH,BUY,0.1000,491013.000,2024-07-07 03:40:09.325
ETH,BUY,0.3200,491013.000,2024-07-07 03:40:10.370
ETH,BUY,0.4000,491013.000,2024-07-07 03:40:10.456
ETH,BUY,0.0300,491013.000,2024-07-07 03:40:10.543
ETH,SELL,0.3000,491058.000,2024-07-07 03:41:03.564
ETH,BUY,0.2000,491100.000,2024-07-07 03:41:05.879
ETH,SELL,1.0000,490964.000,2024-07-07 03:41:52.018
ETH,BUY,0.0200,490945.000,2024-07-07 03:42:12.419
ETH,BUY,0.0300,490950.000,2024-07-07 03:42:14.324
ETH,SELL,1.0000,490848.000,2024-07-07 03:42:37.893
ETH,SELL,0.4000,490848.000,2024-07-07 03:42:37.893
ETH,SELL,0.4000,490771.000,2024-07-07 03:43:01.260
ETH,SELL,0.1000,490751.000,2024-07-07 03:43:01.260
ETH,SELL,0.0100,490750.000,2024-07-07 03:43:01.260
ETH,BUY,0.0525,490700.000,2024-07-07 03:43:06.410
ETH,BUY,0.2000,490700.000,2024-07-07 03:43:09.083
ETH,BUY,0.5000,490700.000,2024-07-07 03:43:10.924
ETH,BUY,0.2000,490700.000,2024-07-07 03:43:11.210
ETH,BUY,0.5000,490700.000,2024-07-07 03:43:11.560
ETH,BUY,0.0551,490700.000,2024-07-07 03:43:12.272
ETH,BUY,0.1000,490700.000,2024-07-07 03:43:13.155
ETH,BUY,0.2000,490700.000,2024-07-07 03:43:13.364
ETH,BUY,0.0131,490700.000,2024-07-07 03:43:16.656
ETH,BUY,0.0100,491000.000,2024-07-07 03:43:54.507
ETH,BUY,0.1019,491000.000,2024-07-07 03:43:54.507
ETH,BUY,0.0911,491022.000,2024-07-07 03:43:54.507
ETH,BUY,0.2000,491023.000,2024-07-07 03:44:16.170
ETH,BUY,0.4000,491121.000,2024-07-07 03:44:29.844
ETH,BUY,0.3200,491121.000,2024-07-07 03:44:30.091
ETH,BUY,0.2100,491073.000,2024-07-07 03:44:55.726
ETH,BUY,0.2000,491062.000,2024-07-07 03:45:00.619
ETH,BUY,0.2000,491072.000,2024-07-07 03:45:02.760
ETH,BUY,0.2000,491165.000,2024-07-07 03:45:12.962
ETH,BUY,0.2000,491184.000,2024-07-07 03:45:15.072
ETH,BUY,0.1000,491163.000,2024-07-07 03:45:37.516
ETH,BUY,0.2000,491074.000,2024-07-07 03:46:12.184
ETH,BUY,0.2000,490967.000,2024-07-07 03:47:45.259
ETH,BUY,0.0437,491233.000,2024-07-07 03:51:02.988
ETH,BUY,0.1000,491190.000,2024-07-07 03:51:33.943
ETH,BUY,0.2000,491191.000,2024-07-07 03:51:50.267
ETH,SELL,0.9740,490849.000,2024-07-07 03:53:35.028
ETH,BUY,0.0100,491250.000,2024-07-07 03:55:22.422
ETH,SELL,0.0411,491155.000,2024-07-07 03:57:27.488
ETH,BUY,0.1000,491079.000,2024-07-07 03:59:33.500
ETH,BUY,0.0100,491094.000,2024-07-07 04:00:08.623
ETH,BUY,0.0100,491001.000,2024-07-07 04:00:56.268
ETH,SELL,0.0100,491000.000,2024-07-07 04:01:09.505
ETH,SELL,0.0320,490841.000,2024-07-07 04:01:09.505
ETH,BUY,0.1800,490925.000,2024-07-07 04:01:40.076
ETH,BUY,0.0100,490860.000,2024-07-07 04:02:41.916
ETH,SELL,0.0200,490804.000,2024-07-07 04:03:52.795
ETH,SELL,0.0945,490770.000,2024-07-07 04:06:06.124
ETH,SELL,0.1000,490770.000,2024-07-07 04:06:06.386
ETH,SELL,0.0100,490750.000,2024-07-07 04:06:26.660
ETH,SELL,0.0100,490500.000,2024-07-07 04:06:26.660
ETH,SELL,0.0400,490450.000,2024-07-07 04:06:26.660
ETH,SELL,0.0100,490450.000,2024-07-07 04:06:38.886
ETH,BUY,0.4000,490620.000,2024-07-07 04:07:02.576
ETH,BUY,0.3200,490620.000,2024-07-07 04:07:03.094
ETH,BUY,0.0100,490750.000,2024-07-07 04:07:40.243
ETH,BUY,0.0900,490785.000,2024-07-07 04:07:40.243
ETH,BUY,0.5000,490563.000,2024-07-07 04:08:15.063
ETH,BUY,0.0100,490501.000,2024-07-07 04:11:17.561
ETH,SELL,0.0100,490500.000,2024-07-07 04:11:54.821
ETH,SELL,0.4100,490450.000,2024-07-07 04:11:54.821
ETH,SELL,0.0100,490250.000,2024-07-07 04:11:54.821
ETH,SELL,0.0100,490000.000,2024-07-07 04:11:54.821
ETH,SELL,0.0300,490000.000,2024-07-07 04:11:54.821
ETH,SELL,0.0500,490000.000,2024-07-07 04:11:54.821
ETH,SELL,0.0700,489975.000,2024-07-07 04:11:54.821
ETH,SELL,0.0100,489951.000,2024-07-07 04:13:00.648
ETH,BUY,0.2000,490000.000,2024-07-07 04:13:01.458
ETH,BUY,0.1000,490000.000,2024-07-07 04:15:25.691
ETH,SELL,0.1000,489938.000,2024-07-07 04:18:02.763
ETH,SELL,0.1000,489937.000,2024-07-07 04:18:02.763
ETH,SELL,0.2000,490205.000,2024-07-07 04:19:13.986
ETH,BUY,0.0100,490250.000,2024-07-07 04:19:53.217
ETH,BUY,1.0000,490254.000,2024-07-07 04:19:53.217
ETH,BUY,1.9997,490414.000,2024-07-07 04:19:53.217
ETH,BUY,1.6264,490414.000,2024-07-07 04:19:53.217
ETH,BUY,1.2539,490447.000,2024-07-07 04:19:53.217
ETH,BUY,0.1100,490474.000,2024-07-07 04:19:53.217
ETH,BUY,0.0687,490473.000,2024-07-07 04:20:32.309
ETH,BUY,0.0100,490500.000,2024-07-07 04:20:32.309
ETH,BUY,0.1000,490744.000,2024-07-07 04:20:32.309
ETH,BUY,0.2000,490745.000,2024-07-07 04:20:32.309
ETH,BUY,0.1213,490749.000,2024-07-07 04:20:32.309
ETH,BUY,1.0000,490556.000,2024-07-07 04:22:17.439
ETH,BUY,0.0100,490750.000,2024-07-07 04:22:17.439
ETH,BUY,0.0100,491000.000,2024-07-07 04:22:39.173
ETH,BUY,0.3430,491000.000,2024-07-07 04:22:39.173
ETH,BUY,0.0100,491000.000,2024-07-07 04:27:35.942
ETH,BUY,0.0085,491114.000,2024-07-07 04:27:35.942
ETH,SELL,0.0100,490750.000,2024-07-07 04:31:21.658
ETH,SELL,0.1298,490627.000,2024-07-07 04:31:21.658
ETH,SELL,0.0602,490506.000,2024-07-07 04:31:21.658
ETH,SELL,0.0100,490500.000,2024-07-07 04:31:42.785
ETH,SELL,0.0100,490250.000,2024-07-07 04:31:42.785
ETH,SELL,0.0400,490001.000,2024-07-07 04:31:42.785
ETH,SELL,0.0100,490000.000,2024-07-07 04:34:15.379
ETH,SELL,0.0100,489900.000,2024-07-07 04:36:26.279
ETH,SELL,0.0100,489750.000,2024-07-07 04:36:26.279
ETH,SELL,0.0100,489726.000,2024-07-07 04:36:26.279
ETH,SELL,0.0100,489500.000,2024-07-07 04:36:26.279
ETH,SELL,0.1000,489500.000,2024-07-07 04:36:26.279
ETH,SELL,0.0420,489400.000,2024-07-07 04:36:26.279
ETH,SELL,0.0180,489300.000,2024-07-07 04:36:26.279
ETH,SELL,0.0100,489300.000,2024-07-07 04:39:08.962
ETH,SELL,0.0142,489300.000,2024-07-07 04:39:36.944
ETH,SELL,0.0206,489300.000,2024-07-07 04:39:42.530
ETH,SELL,0.0192,489300.000,2024-07-07 04:39:44.644
ETH,SELL,0.0100,489250.000,2024-07-07 04:39:44.644
ETH,SELL,0.0100,489000.000,2024-07-07 04:39:44.644
ETH,SELL,0.0608,489000.000,2024-07-07 04:39:44.644
ETH,SELL,0.1000,489000.000,2024-07-07 04:39:44.976
ETH,SELL,0.0392,489000.000,2024-07-07 04:39:46.868
ETH,SELL,0.0608,489000.000,2024-07-07 04:39:46.868
ETH,SELL,0.0422,489000.000,2024-07-07 04:39:47.191
ETH,SELL,0.0578,488869.000,2024-07-07 04:39:47.191
ETH,SELL,0.2817,488752.000,2024-07-07 04:39:51.560
ETH,SELL,0.1000,488779.000,2024-07-07 04:40:27.924
ETH,SELL,0.0100,488766.000,2024-07-07 04:42:12.111
ETH,SELL,0.0100,488750.000,2024-07-07 04:48:31.430
ETH,SELL,0.0100,488500.000,2024-07-07 04:51:04.059
ETH,SELL,0.0100,488389.000,2024-07-07 04:51:12.252
ETH,SELL,0.0100,488250.000,2024-07-07 04:51:12.252
ETH,SELL,0.1800,488000.000,2024-07-07 04:51:12.252
ETH,SELL,0.2200,488000.000,2024-07-07 04:52:37.155
ETH,SELL,0.0100,488000.000,2024-07-07 04:52:37.155
ETH,SELL,0.1000,488000.000,2024-07-07 04:52:37.155
ETH,SELL,0.2823,487912.000,2024-07-07 04:52:37.155
ETH,SELL,0.2000,487912.000,2024-07-07 04:52:37.338
ETH,SELL,0.0300,487912.000,2024-07-07 04:52:37.772
ETH,SELL,0.0133,487912.000,2024-07-07 04:53:01.914
ETH,SELL,0.4744,487912.000,2024-07-07 04:53:24.619
ETH,SELL,1.1000,487791.000,2024-07-07 04:54:42.910
ETH,BUY,0.0350,487908.000,2024-07-07 04:54:48.332
ETH,SELL,0.0100,487750.000,2024-07-07 04:57:16.501
ETH,SELL,0.0055,487654.000,2024-07-07 04:57:16.501
ETH,SELL,0.0945,487654.000,2024-07-07 05:00:07.929
ETH,SELL,0.0005,487611.000,2024-07-07 05:00:07.929
ETH,SELL,0.2000,487550.000,2024-07-07 05:00:23.853
ETH,SELL,0.8000,487549.000,2024-07-07 05:00:23.853
ETH,BUY,0.0113,487710.000,2024-07-07 05:00:44.579
ETH,BUY,0.3500,487999.000,2024-07-07 05:00:55.848
ETH,BUY,0.1000,487989.000,2024-07-07 05:02:15.737
ETH,BUY,0.5000,487608.000,2024-07-07 05:04:04.149
ETH,BUY,0.2000,487501.000,2024-07-07 05:04:34.443
ETH,SELL,0.0100,487500.000,2024-07-07 05:04:42.226
ETH,SELL,0.0100,487500.000,2024-07-07 05:04:42.226
ETH,SELL,0.0420,487400.000,2024-07-07 05:04:42.226
ETH,SELL,0.0380,487321.000,2024-07-07 05:04:42.226
ETH,BUY,0.2000,487325.000,2024-07-07 05:04:47.987
ETH,SELL,0.0100,487250.000,2024-07-07 05:05:17.743
ETH,SELL,0.0200,487000.000,2024-07-07 05:05:18.231
ETH,SELL,0.0100,487000.000,2024-07-07 05:05:18.231
ETH,SELL,0.0100,487000.000,2024-07-07 05:05:18.231
ETH,SELL,0.1600,486924.000,2024-07-07 05:05:18.231
ETH,SELL,0.8400,486924.000,2024-07-07 05:05:18.319
ETH,SELL,0.0100,486787.000,2024-07-07 05:05:18.319
ETH,SELL,0.0100,486750.000,2024-07-07 05:05:18.319
ETH,SELL,0.1400,486726.000,2024-07-07 05:05:18.319
ETH,SELL,0.0713,486726.000,2024-07-07 05:05:18.621
ETH,SELL,0.0287,486593.000,2024-07-07 05:05:18.621
ETH,BUY,0.0202,486786.000,2024-07-07 05:05:22.602
ETH,BUY,0.0205,486912.000,2024-07-07 05:05:32.654
ETH,BUY,0.0202,486999.000,2024-07-07 05:05:32.930
ETH,SELL,0.0100,486500.000,2024-07-07 05:06:00.902
ETH,SELL,0.0200,486500.000,2024-07-07 05:06:00.902
ETH,SELL,0.1700,486365.000,2024-07-07 05:06:00.902
ETH,SELL,0.2000,486367.000,2024-07-07 05:06:20.804
ETH,SELL,0.2000,486367.000,2024-07-07 05:06:21.169
ETH,SELL,0.2000,486278.000,2024-07-07 05:06:22.556
ETH,SELL,0.1000,486278.000,2024-07-07 05:06:22.666
ETH,SELL,0.4635,486278.000,2024-07-07 05:06:23.146
ETH,SELL,0.1089,486278.000,2024-07-07 05:06:23.436
ETH,SELL,0.2000,486278.000,2024-07-07 05:06:23.485
ETH,SELL,0.0133,486278.000,2024-07-07 05:06:23.606
ETH,SELL,0.0100,486250.000,2024-07-07 05:06:34.870
ETH,SELL,0.0100,486000.000,2024-07-07 05:06:34.870
ETH,SELL,0.0200,486000.000,2024-07-07 05:06:34.870
ETH,SELL,0.0202,485836.000,2024-07-07 05:06:34.870
ETH,SELL,0.0398,485835.000,2024-07-07 05:06:34.870
ETH,SELL,0.2000,485837.000,2024-07-07 05:06:37.705
ETH,SELL,0.0100,485750.000,2024-07-07 05:06:39.013
ETH,SELL,0.1900,485736.000,2024-07-07 05:06:39.013
ETH,SELL,0.1000,485519.000,2024-07-07 05:07:25.197
ETH,SELL,0.0600,485516.000,2024-07-07 05:07:25.197
ETH,SELL,0.0100,485500.000,2024-07-07 05:07:25.197
ETH,SELL,0.1270,485466.000,2024-07-07 05:07:25.197
ETH,BUY,0.0205,485447.000,2024-07-07 05:07:52.615
ETH,BUY,0.0451,485511.000,2024-07-07 05:08:16.526
ETH,BUY,0.0100,485750.000,2024-07-07 05:08:33.715
ETH,BUY,0.0100,486000.000,2024-07-07 05:08:46.704
ETH,SELL,0.0100,485757.000,2024-07-07 05:09:36.901
ETH,BUY,0.0100,486250.000,2024-07-07 05:10:32.678
ETH,BUY,0.0525,486411.000,2024-07-07 05:10:52.364
ETH,BUY,0.0172,486411.000,2024-07-07 05:11:32.195
ETH,BUY,0.0304,486411.000,2024-07-07 05:11:36.981
ETH,BUY,0.0224,486411.000,2024-07-07 05:11:42.148
ETH,SELL,0.2000,486160.000,2024-07-07 05:11:45.251
ETH,BUY,0.0318,486411.000,2024-07-07 05:11:57.825
ETH,SELL,0.0100,486249.000,2024-07-07 05:12:06.437
ETH,BUY,0.0057,486411.000,2024-07-07 05:12:24.237
ETH,BUY,0.0043,486500.000,2024-07-07 05:12:24.237
ETH,BUY,0.0057,486500.000,2024-07-07 05:12:26.292
ETH,BUY,0.0100,486750.000,2024-07-07 05:12:26.292
ETH,BUY,0.0100,487000.000,2024-07-07 05:12:26.292
ETH,BUY,0.1743,487067.000,2024-07-07 05:12:26.292
ETH,SELL,0.3000,487064.000,2024-07-07 05:12:31.693
ETH,BUY,0.0100,487250.000,2024-07-07 05:17:02.396
ETH,BUY,0.0100,487500.000,2024-07-07 05:19:07.117
ETH,BUY,0.2000,487615.000,2024-07-07 05:19:07.117
ETH,BUY,0.0602,487617.000,2024-07-07 05:19:07.117
ETH,BUY,1.0000,487622.000,2024-07-07 05:19:07.117
ETH,BUY,0.2798,487693.000,2024-07-07 05:19:07.117
ETH,BUY,0.1500,487620.000,2024-07-07 05:19:20.666
ETH,BUY,0.0200,487621.000,2024-07-07 05:19:26.436
ETH,BUY,0.0100,487649.000,2024-07-07 05:23:40.550
ETH,SELL,0.0234,487670.000,2024-07-07 05:23:58.501
ETH,BUY,0.0100,487750.000,2024-07-07 05:28:39.827
ETH,BUY,0.1600,487752.000,2024-07-07 05:28:39.827
ETH,BUY,0.2066,487820.000,2024-07-07 05:28:39.827
ETH,BUY,0.2000,487801.000,2024-07-07 05:28:40.122
ETH,BUY,0.1000,487822.000,2024-07-07 05:28:41.378
ETH,BUY,0.5000,487822.000,2024-07-07 05:28:41.673
ETH,BUY,0.1000,487828.000,2024-07-07 05:28:44.751
ETH,BUY,0.6000,487935.000,2024-07-07 05:29:14.793
ETH,BUY,0.1000,487866.000,2024-07-07 05:29:28.997
ETH,BUY,0.0100,488000.000,2024-07-07 05:31:07.032
ETH,BUY,0.1900,488074.000,2024-07-07 05:31:07.032
ETH,BUY,0.2000,488064.000,2024-07-07 05:31:11.198
ETH,BUY,0.0287,488161.000,2024-07-07 05:34:54.878
ETH,BUY,0.4713,488168.000,2024-07-07 05:34:54.878
ETH,BUY,0.0200,488237.000,2024-07-07 05:35:24.135
ETH,BUY,0.1000,488162.000,2024-07-07 05:35:28.397
ETH,BUY,0.0120,488126.000,2024-07-07 05:35:32.059
ETH,BUY,0.5000,488122.000,2024-07-07 05:35:34.315
ETH,BUY,0.0100,488250.000,2024-07-07 05:36:37.367
ETH,BUY,0.1900,488269.000,2024-07-07 05:36:37.367
ETH,BUY,0.1000,488262.000,2024-07-07 05:36:41.643
ETH,BUY,0.0235,488277.000,2024-07-07 05:36:49.821
ETH,BUY,0.1765,488279.000,2024-07-07 05:36:49.821
ETH,BUY,0.1200,488369.000,2024-07-07 05:38:56.305
ETH,SELL,0.0100,488000.000,2024-07-07 05:42:59.133
ETH,SELL,0.0351,487867.000,2024-07-07 05:42:59.133
ETH,SELL,0.0171,487864.000,2024-07-07 05:42:59.133
ETH,SELL,0.0100,487864.000,2024-07-07 05:42:59.189
ETH,BUY,0.0100,488087.000,2024-07-07 05:49:21.863
ETH,BUY,0.2000,488092.000,2024-07-07 05:50:34.992
ETH,BUY,0.2000,488134.000,2024-07-07 05:50:37.166
ETH,BUY,0.0100,488250.000,2024-07-07 05:52:32.141
ETH,BUY,0.5000,488470.000,2024-07-07 05:54:14.473
ETH,BUY,0.4100,488127.000,2024-07-07 05:55:12.732
ETH,BUY,0.2719,488162.000,2024-07-07 05:55:58.636
ETH,SELL,0.0200,488131.000,2024-07-07 05:56:17.270
ETH,SELL,0.0100,488000.000,2024-07-07 05:56:17.270
ETH,SELL,0.0139,487864.000,2024-07-07 05:56:17.270
ETH,SELL,0.1561,487864.000,2024-07-07 05:56:17.270
ETH,BUY,0.0101,487978.000,2024-07-07 05:58:34.986
ETH,BUY,0.0100,488250.000,2024-07-07 06:02:46.686
ETH,SELL,0.0100,488003.000,2024-07-07 06:03:01.060
ETH,BUY,0.2000,488018.000,2024-07-07 06:03:36.483
ETH,BUY,0.1000,488126.000,2024-07-07 06:04:02.825
ETH,BUY,0.2000,488198.000,2024-07-07 06:04:41.313
ETH,BUY,0.2000,488198.000,2024-07-07 06:04:43.399
ETH,BUY,0.0100,488463.000,2024-07-07 06:06:40.010
ETH,BUY,0.2000,488178.000,2024-07-07 06:08:29.955
ETH,BUY,0.2000,488195.000,2024-07-07 06:08:32.041
ETH,BUY,0.2000,488195.000,2024-07-07 06:08:34.182
ETH,BUY,0.2000,488204.000,2024-07-07 06:08:36.302
ETH,BUY,0.2000,488064.000,2024-07-07 06:09:06.734
ETH,BUY,1.0000,488099.000,2024-07-07 06:09:08.406
ETH,SELL,0.0850,488104.000,2024-07-07 06:09:42.948
ETH,SELL,0.0150,488104.000,2024-07-07 06:09:42.948
ETH,BUY,0.1000,488310.000,2024-07-07 06:11:31.950
ETH,SELL,0.1000,488102.000,2024-07-07 06:12:14.204
ETH,BUY,0.2000,488016.000,2024-07-07 06:13:08.871
ETH,BUY,0.1200,488083.000,2024-07-07 06:13:15.294
ETH,BUY,0.0100,488087.000,2024-07-07 06:13:30.420
ETH,SELL,0.0172,487876.000,2024-07-07 06:21:54.992
ETH,BUY,0.0400,488222.000,2024-07-07 06:24:33.710
ETH,BUY,0.2000,488041.000,2024-07-07 06:25:13.645
ETH,BUY,0.2000,488139.000,2024-07-07 06:25:38.018
ETH,BUY,0.2000,487950.000,2024-07-07 06:31:26.867
ETH,BUY,0.2000,487950.000,2024-07-07 06:31:29.032
ETH,BUY,0.2000,487950.000,2024-07-07 06:31:31.149
ETH,BUY,0.0100,488471.000,2024-07-07 06:34:27.177
ETH,BUY,0.1000,488205.000,2024-07-07 06:37:42.502
ETH,BUY,0.2000,488358.000,2024-07-07 06:38:56.150
ETH,BUY,0.2000,488440.000,2024-07-07 06:39:06.310
ETH,BUY,0.2000,488577.000,2024-07-07 06:39:08.440
ETH,BUY,0.0100,488700.000,2024-07-07 06:40:21.318
ETH,BUY,0.0173,488899.000,2024-07-07 06:40:21.318
ETH,BUY,0.0100,488900.000,2024-07-07 06:40:21.318
ETH,BUY,0.0627,488900.000,2024-07-07 06:40:21.318
ETH,BUY,0.0250,488620.000,2024-07-07 06:40:52.623
ETH,BUY,0.0100,488612.000,2024-07-07 06:42:27.209
ETH,BUY,0.3375,488945.000,2024-07-07 06:44:14.029
ETH,BUY,0.3750,488945.000,2024-07-07 06:44:14.083
ETH,BUY,0.2269,488976.000,2024-07-07 06:46:22.939
ETH,BUY,0.3769,488976.000,2024-07-07 06:46:22.939
ETH,BUY,0.4480,488602.000,2024-07-07 06:50:39.608
ETH,SELL,0.0100,488601.000,2024-07-07 06:51:09.597
ETH,SELL,0.0300,488601.000,2024-07-07 06:51:09.624
ETH,SELL,0.1400,488601.000,2024-07-07 06:51:09.826
ETH,SELL,0.3600,488601.000,2024-07-07 06:51:09.826
ETH,SELL,0.0100,488601.000,2024-07-07 06:51:09.890
ETH,SELL,0.1400,488601.000,2024-07-07 06:51:10.345
ETH,SELL,0.0100,488600.000,2024-07-07 06:51:10.345
ETH,SELL,0.0100,488400.000,2024-07-07 06:51:10.345
ETH,SELL,0.0100,488200.000,2024-07-07 06:51:10.345
ETH,SELL,0.0300,488069.000,2024-07-07 06:51:10.345
ETH,SELL,0.1000,488069.000,2024-07-07 06:51:10.354
ETH,SELL,0.3200,488069.000,2024-07-07 06:51:10.423
ETH,SELL,0.1000,488070.000,2024-07-07 06:51:11.012
ETH,SELL,0.0100,487900.000,2024-07-07 06:51:59.994
ETH,SELL,0.0100,487993.000,2024-07-07 06:52:59.427
ETH,SELL,0.0259,487864.000,2024-07-07 07:02:39.511
ETH,BUY,0.0100,487900.000,2024-07-07 07:03:32.145
ETH,SELL,0.0400,488046.000,2024-07-07 07:06:16.714
ETH,BUY,0.0100,487968.000,2024-07-07 07:08:06.340
ETH,SELL,0.0150,487864.000,2024-07-07 07:08:19.511
ETH,SELL,0.0030,487864.000,2024-07-07 07:08:21.853
ETH,SELL,0.0400,487808.000,2024-07-07 07:08:25.254
ETH,SELL,0.0100,487800.000,2024-07-07 07:08:32.693
ETH,SELL,0.0100,487600.000,2024-07-07 07:09:42.927
ETH,SELL,0.0210,487500.000,2024-07-07 07:09:51.169
ETH,SELL,0.2000,487500.000,2024-07-07 07:09:51.169
ETH,SELL,0.0100,487300.000,2024-07-07 07:09:51.169
ETH,SELL,0.0100,487000.000,2024-07-07 07:09:51.169
ETH,SELL,0.5000,487000.000,2024-07-07 07:09:51.169
ETH,SELL,0.0100,487000.000,2024-07-07 07:09:51.169
ETH,SELL,0.9690,486842.000,2024-07-07 07:09:51.169
ETH,SELL,0.0310,486842.000,2024-07-07 07:09:51.229
ETH,SELL,0.2570,486800.000,2024-07-07 07:09:51.229
ETH,BUY,1.0000,486803.000,2024-07-07 07:09:54.331
ETH,BUY,0.2000,487298.000,2024-07-07 07:09:55.308
ETH,SELL,0.1857,487261.000,2024-07-07 07:11:42.937
ETH,SELL,0.0108,486800.000,2024-07-07 07:13:34.947
ETH,SELL,1.0920,486800.000,2024-07-07 07:14:11.654
ETH,SELL,0.0002,486800.000,2024-07-07 07:14:11.860
ETH,SELL,0.0100,486700.000,2024-07-07 07:15:02.914
ETH,BUY,1.0000,486451.000,2024-07-07 07:16:55.480
ETH,BUY,0.8200,486454.000,2024-07-07 07:16:57.912
ETH,BUY,0.7500,486488.000,2024-07-07 07:17:00.353
ETH,SELL,0.0166,486900.000,2024-07-07 07:20:28.433
ETH,SELL,0.3834,486900.000,2024-07-07 07:22:39.141
ETH,SELL,0.4000,486900.000,2024-07-07 07:22:39.141
ETH,SELL,0.0100,486400.000,2024-07-07 07:22:39.227
ETH,SELL,0.0900,486244.000,2024-07-07 07:22:39.227
ETH,SELL,0.1200,486244.000,2024-07-07 07:22:39.230
ETH,SELL,0.0100,486100.000,2024-07-07 07:22:39.230
ETH,SELL,0.6533,486049.000,2024-07-07 07:22:39.230
ETH,SELL,0.2000,486049.000,2024-07-07 07:22:39.828
ETH,SELL,0.0335,486050.000,2024-07-07 07:22:40.961
ETH,SELL,0.1804,486050.000,2024-07-07 07:24:15.554
ETH,SELL,0.2000,486050.000,2024-07-07 07:24:16.505
ETH,SELL,0.1196,486050.000,2024-07-07 07:24:17.199
ETH,SELL,0.0100,486000.000,2024-07-07 07:24:17.199
ETH,SELL,0.0100,485800.000,2024-07-07 07:24:17.199
ETH,SELL,0.0604,485661.000,2024-07-07 07:24:17.199
ETH,SELL,0.0100,485500.000,2024-07-07 07:24:23.917
ETH,SELL,0.0026,485200.000,2024-07-07 07:24:23.917
ETH,SELL,0.0074,485200.000,2024-07-07 07:24:24.026
ETH,SELL,1.0000,485192.000,2024-07-07 07:24:24.026
ETH,SELL,0.0126,485003.000,2024-07-07 07:24:24.026
ETH,BUY,0.0100,485410.000,2024-07-07 07:24:50.347
ETH,SELL,0.0131,485000.000,2024-07-07 07:25:17.474
ETH,SELL,0.5996,485000.000,2024-07-07 07:25:20.265
ETH,SELL,0.0466,485000.000,2024-07-07 07:25:21.037
ETH,SELL,0.5000,485000.000,2024-07-07 07:25:22.744
ETH,SELL,0.5000,485000.000,2024-07-07 07:25:23.150
ETH,SELL,0.1967,485000.000,2024-07-07 07:25:23.267
ETH,SELL,0.0033,485000.000,2024-07-07 07:25:23.267
ETH,SELL,0.0541,485000.000,2024-07-07 07:25:23.916
ETH,SELL,0.6188,485000.000,2024-07-07 07:25:24.040
ETH,SELL,0.2000,485000.000,2024-07-07 07:25:24.142
ETH,SELL,0.1238,485000.000,2024-07-07 07:25:25.439
ETH,SELL,0.0762,485000.000,2024-07-07 07:25:25.439
ETH,SELL,0.0238,485000.000,2024-07-07 07:25:25.664
ETH,SELL,0.0762,485000.000,2024-07-07 07:25:25.664
ETH,SELL,0.2000,485000.000,2024-07-07 07:25:26.312
ETH,SELL,0.0338,485000.000,2024-07-07 07:25:27.574
ETH,SELL,0.0500,485000.000,2024-07-07 07:25:27.574
ETH,SELL,0.0100,484900.000,2024-07-07 07:25:27.574
ETH,SELL,0.0062,484600.000,2024-07-07 07:25:27.574
ETH,SELL,0.0038,484600.000,2024-07-07 07:25:29.383
ETH,SELL,0.1000,484301.000,2024-07-07 07:25:32.981
ETH,SELL,0.0100,484300.000,2024-07-07 07:25:32.981
ETH,SELL,0.0188,484001.000,2024-07-07 07:25:39.449
ETH,BUY,0.0100,484050.000,2024-07-07 07:26:34.847
ETH,BUY,0.0100,484065.000,2024-07-07 07:26:42.247
ETH,BUY,0.5000,484135.000,2024-07-07 07:27:24.970
ETH,BUY,0.3800,484264.000,2024-07-07 07:27:50.646
ETH,SELL,0.0181,484265.000,2024-07-07 07:29:10.413
ETH,BUY,0.1000,484266.000,2024-07-07 07:29:12.083
ETH,SELL,0.1000,484265.000,2024-07-07 07:30:06.797
ETH,SELL,0.0298,484265.000,2024-07-07 07:30:17.657
ETH,BUY,0.0133,484266.000,2024-07-07 07:30:18.997
ETH,BUY,0.0100,484265.000,2024-07-07 07:30:41.978
ETH,SELL,0.1150,484264.000,2024-07-07 07:30:43.148
ETH,SELL,0.0100,484264.000,2024-07-07 07:30:43.148
ETH,BUY,0.0100,484017.000,2024-07-07 07:31:05.617
ETH,SELL,0.0100,484006.000,2024-07-07 07:31:20.012
ETH,SELL,0.0103,484000.000,2024-07-07 07:31:20.012
ETH,SELL,0.0317,484000.000,2024-07-07 07:32:19.039
ETH,SELL,0.0100,484000.000,2024-07-07 07:32:19.039
ETH,SELL,0.0100,483891.000,2024-07-07 07:32:45.259
ETH,SELL,0.0100,483866.000,2024-07-07 07:32:50.944
ETH,SELL,0.0096,483700.000,2024-07-07 07:32:50.944
ETH,BUY,0.2000,483720.000,2024-07-07 07:33:27.008
ETH,SELL,0.0004,483700.000,2024-07-07 07:33:54.522
ETH,SELL,1.6400,483700.000,2024-07-07 07:33:54.522
ETH,SELL,0.0376,483626.000,2024-07-07 07:33:54.522
ETH,BUY,0.1600,483825.000,2024-07-07 07:33:56.956
ETH,BUY,0.3400,483828.000,2024-07-07 07:33:56.956
ETH,SELL,0.0100,483500.000,2024-07-07 07:34:16.037
ETH,SELL,0.0038,483400.000,2024-07-07 07:34:16.037
ETH,SELL,0.0062,483400.000,2024-07-07 07:34:24.437
ETH,SELL,0.0062,483350.000,2024-07-07 07:34:24.437
ETH,SELL,0.0038,483350.000,2024-07-07 07:34:28.997
ETH,SELL,0.0114,483120.000,2024-07-07 07:34:28.997
ETH,SELL,0.0100,483100.000,2024-07-07 07:34:28.997
ETH,SELL,0.0150,483000.000,2024-07-07 07:34:28.997
ETH,SELL,0.0598,483000.000,2024-07-07 07:34:28.997
ETH,SELL,0.0402,483000.000,2024-07-07 07:34:33.175
ETH,SELL,0.0848,483000.000,2024-07-07 07:34:33.175
ETH,SELL,0.1000,483000.000,2024-07-07 07:34:35.243
ETH,SELL,0.0565,483000.000,2024-07-07 07:34:40.926
ETH,SELL,0.7187,483000.000,2024-07-07 07:34:43.451
ETH,SELL,0.1000,483000.000,2024-07-07 07:34:43.451
ETH,SELL,0.0100,482800.000,2024-07-07 07:34:43.451
ETH,SELL,0.3165,482509.000,2024-07-07 07:34:43.451
ETH,SELL,0.0100,482500.000,2024-07-07 07:34:43.451
ETH,SELL,0.1000,482455.000,2024-07-07 07:34:43.451
ETH,SELL,0.0100,482200.000,2024-07-07 07:34:43.451
ETH,SELL,0.1766,482140.000,2024-07-07 07:34:43.451
ETH,SELL,0.0782,482138.000,2024-07-07 07:34:43.451
ETH,SELL,0.1500,482138.000,2024-07-07 07:34:43.588
ETH,BUY,0.0100,482500.000,2024-07-07 07:34:45.149
ETH,SELL,0.0115,482682.000,2024-07-07 07:35:31.451
ETH,SELL,0.0100,482638.000,2024-07-07 07:35:42.925
ETH,BUY,0.2000,482233.000,2024-07-07 07:35:48.156
ETH,SELL,0.0116,482232.000,2024-07-07 07:35:48.421
ETH,BUY,0.2000,482233.000,2024-07-07 07:35:48.854
ETH,BUY,0.6000,482233.000,2024-07-07 07:35:49.193
ETH,BUY,0.7400,482261.000,2024-07-07 07:36:03.023
ETH,BUY,0.2000,482261.000,2024-07-07 07:36:03.169
ETH,BUY,0.0600,482261.000,2024-07-07 07:36:03.320
ETH,BUY,0.3200,482352.000,2024-07-07 07:36:05.096
ETH,BUY,0.4000,482352.000,2024-07-07 07:36:05.509
ETH,BUY,0.0100,482352.000,2024-07-07 07:36:05.813
ETH,BUY,0.0300,482352.000,2024-07-07 07:36:06.120
ETH,BUY,0.2000,482352.000,2024-07-07 07:36:07.287
ETH,BUY,0.0400,482352.000,2024-07-07 07:36:07.666
ETH,BUY,0.3000,482456.000,2024-07-07 07:36:18.455
ETH,BUY,0.4000,482425.000,2024-07-07 07:36:23.583
ETH,BUY,0.0100,482800.000,2024-07-07 07:36:25.194
ETH,BUY,0.3100,482989.000,2024-07-07 07:36:25.194
ETH,SELL,0.3100,482509.000,2024-07-07 07:37:30.148
ETH,SELL,0.0100,482500.000,2024-07-07 07:37:30.148
ETH,SELL,0.2554,482259.000,2024-07-07 07:37:30.148
ETH,SELL,0.2636,482248.000,2024-07-07 07:37:30.148
ETH,BUY,0.2000,482405.000,2024-07-07 07:43:36.354
ETH,BUY,0.1998,482500.000,2024-07-07 07:43:44.409
ETH,BUY,0.4000,482510.000,2024-07-07 07:43:47.954
ETH,BUY,0.2000,482510.000,2024-07-07 07:43:48.327
ETH,BUY,0.3200,482510.000,2024-07-07 07:43:48.382
ETH,BUY,0.2000,482573.000,2024-07-07 07:43:52.034
ETH,BUY,0.2000,482636.000,2024-07-07 07:43:58.273
ETH,BUY,0.0100,482800.000,2024-07-07 07:44:00.286
ETH,BUY,0.3100,482945.000,2024-07-07 07:44:00.286
ETH,BUY,0.3200,482657.000,2024-07-07 07:44:33.348
ETH,BUY,0.4000,482657.000,2024-07-07 07:44:33.579
ETH,BUY,0.6205,482702.000,2024-07-07 07:44:47.062
ETH,BUY,0.3795,482702.000,2024-07-07 07:44:48.761
ETH,BUY,0.0205,482915.000,2024-07-07 07:44:48.761
ETH,BUY,0.2941,482889.000,2024-07-07 07:44:48.980
ETH,BUY,0.2000,482889.000,2024-07-07 07:44:49.312
ETH,BUY,0.3200,482889.000,2024-07-07 07:44:49.314
ETH,SELL,0.0470,482714.000,2024-07-07 07:45:00.414
ETH,BUY,0.0200,482960.000,2024-07-07 07:45:00.666
ETH,BUY,0.4794,483040.000,2024-07-07 07:45:07.478
ETH,BUY,1.0400,482826.000,2024-07-07 07:45:31.233
ETH,BUY,0.0244,483000.000,2024-07-07 07:47:39.285
ETH,BUY,0.2070,482834.000,2024-07-07 07:48:05.575
ETH,BUY,0.4000,482823.000,2024-07-07 07:48:20.083
ETH,BUY,0.0400,482873.000,2024-07-07 07:48:21.089
ETH,BUY,0.5000,482921.000,2024-07-07 07:48:28.997
ETH,BUY,0.0100,483100.000,2024-07-07 07:48:35.275
ETH,BUY,0.1900,483113.000,2024-07-07 07:48:35.275
ETH,BUY,0.0200,483130.000,2024-07-07 07:48:35.451
ETH,BUY,0.4000,483130.000,2024-07-07 07:48:35.568
ETH,BUY,0.4000,483213.000,2024-07-07 07:48:52.623
ETH,BUY,0.5000,483213.000,2024-07-07 07:48:52.759
ETH,BUY,0.0100,483400.000,2024-07-07 07:49:16.099
ETH,BUY,0.9900,483440.000,2024-07-07 07:49:16.099
ETH,BUY,0.3000,483335.000,2024-07-07 07:50:44.696
ETH,BUY,1.0000,483450.000,2024-07-07 07:51:54.523
ETH,BUY,0.5500,483636.000,2024-07-07 07:51:54.523
ETH,SELL,0.0115,483439.000,2024-07-07 07:52:06.027
ETH,BUY,0.1700,483517.000,2024-07-07 07:52:14.024
ETH,BUY,0.0100,483563.000,2024-07-07 07:52:20.826
ETH,SELL,0.0127,483465.000,2024-07-07 07:54:35.496
ETH,SELL,0.1873,483355.000,2024-07-07 07:55:41.372
ETH,SELL,0.4127,483347.000,2024-07-07 07:55:41.372
ETH,BUY,0.1000,483372.000,2024-07-07 07:56:25.595
ETH,BUY,0.0100,483700.000,2024-07-07 08:03:34.977
ETH,BUY,0.0200,483909.000,2024-07-07 08:06:39.575
ETH,SELL,0.0145,483915.000,2024-07-07 08:06:48.088
ETH,BUY,0.0200,483688.000,2024-07-07 08:08:21.453
ETH,BUY,0.2000,483660.000,2024-07-07 08:09:08.085
ETH,BUY,0.2000,483449.000,2024-07-07 08:09:10.134
ETH,BUY,0.2000,483547.000,2024-07-07 08:09:12.272
ETH,BUY,0.0833,483688.000,2024-07-07 08:09:40.756
ETH,BUY,0.0961,483898.000,2024-07-07 08:11:20.987
ETH,BUY,0.0100,484000.000,2024-07-07 08:11:21.625
ETH,BUY,0.1300,484000.000,2024-07-07 08:11:21.625
ETH,BUY,0.0600,484031.000,2024-07-07 08:11:21.625
ETH,BUY,0.1000,484031.000,2024-07-07 08:11:22.847
ETH,BUY,0.2000,484031.000,2024-07-07 08:11:23.866
ETH,BUY,0.0100,484300.000,2024-07-07 08:11:26.019
ETH,BUY,0.1900,484308.000,2024-07-07 08:11:26.019
ETH,BUY,0.1000,484292.000,2024-07-07 08:11:28.118
ETH,BUY,0.6292,484534.000,2024-07-07 08:11:47.320
ETH,BUY,0.3708,484534.000,2024-07-07 08:11:47.320
ETH,SELL,0.0115,484095.000,2024-07-07 08:12:33.505
ETH,BUY,0.4000,484300.000,2024-07-07 08:15:29.093
ETH,BUY,0.2000,484496.000,2024-07-07 08:16:35.987
ETH,BUY,0.0800,484361.000,2024-07-07 08:18:53.116
ETH,SELL,0.7000,484271.000,2024-07-07 08:18:54.873
ETH,SELL,0.2115,484281.000,2024-07-07 08:21:07.147
ETH,BUY,0.1000,484305.000,2024-07-07 08:23:07.455
ETH,SELL,0.3300,484271.000,2024-07-07 08:25:29.309
ETH,BUY,0.1000,484210.000,2024-07-07 08:26:39.396
ETH,BUY,0.0556,484040.000,2024-07-07 08:26:59.236
ETH,BUY,0.2084,484040.000,2024-07-07 08:26:59.236
ETH,SELL,0.0100,484050.000,2024-07-07 08:32:08.591
ETH,SELL,0.0100,484000.000,2024-07-07 08:32:08.591
ETH,SELL,0.0120,484000.000,2024-07-07 08:32:08.591
ETH,SELL,0.0120,484000.000,2024-07-07 08:32:08.591
ETH,SELL,0.0206,483743.000,2024-07-07 08:32:08.591
ETH,SELL,0.0100,483700.000,2024-07-07 08:32:08.591
ETH,SELL,0.2515,483654.000,2024-07-07 08:32:08.591
ETH,SELL,0.9739,483652.000,2024-07-07 08:32:08.591
ETH,BUY,1.0000,483693.000,2024-07-07 08:32:10.384
ETH,SELL,0.0237,483853.000,2024-07-07 08:32:21.479
ETH,SELL,0.6203,483999.000,2024-07-07 08:32:38.314
ETH,BUY,0.0100,484000.000,2024-07-07 08:33:14.482
ETH,SELL,1.0000,484299.000,2024-07-07 08:34:10.848
ETH,SELL,0.0164,483823.000,2024-07-07 08:36:28.513
ETH,SELL,0.0663,483967.000,2024-07-07 08:36:36.418
ETH,BUY,0.0500,483880.000,2024-07-07 08:39:40.539
ETH,BUY,0.0100,484300.000,2024-07-07 08:48:46.841
ETH,BUY,0.0100,484600.000,2024-07-07 08:48:46.841
ETH,BUY,0.3800,484624.000,2024-07-07 08:48:46.841
ETH,BUY,0.4000,484565.000,2024-07-07 08:48:54.115
ETH,BUY,0.9290,484529.000,2024-07-07 08:49:09.751
ETH,BUY,1.8500,484554.000,2024-07-07 08:49:24.355
ETH,BUY,1.6303,484600.000,2024-07-07 08:50:02.915
ETH,BUY,0.2400,484600.000,2024-07-07 08:50:02.915
ETH,SELL,0.0164,484600.000,2024-07-07 08:51:01.427
ETH,BUY,1.0000,484768.000,2024-07-07 08:51:44.892
ETH,BUY,0.0100,484900.000,2024-07-07 08:53:51.128
ETH,BUY,0.3407,485144.000,2024-07-07 08:53:51.128
ETH,BUY,0.1030,485169.000,2024-07-07 08:57:57.601
ETH,BUY,0.5800,485187.000,2024-07-07 09:00:39.115
ETH,BUY,0.0100,485200.000,2024-07-07 09:03:35.438
ETH,BUY,0.1170,485300.000,2024-07-07 09:03:38.361
ETH,BUY,0.0100,485500.000,2024-07-07 09:04:10.482
ETH,BUY,0.9900,485770.000,2024-07-07 09:04:10.482
ETH,BUY,1.0000,485613.000,2024-07-07 09:04:33.532
ETH,BUY,0.0100,485800.000,2024-07-07 09:04:54.172
ETH,SELL,0.3431,485900.000,2024-07-07 09:06:12.967
ETH,SELL,0.6177,485900.000,2024-07-07 09:06:17.739
ETH,SELL,0.6177,485900.000,2024-07-07 09:06:26.714
ETH,SELL,0.2000,485900.000,2024-07-07 09:06:27.110
ETH,SELL,0.0100,485900.000,2024-07-07 09:06:27.141
ETH,SELL,0.2000,485900.000,2024-07-07 09:06:33.079
ETH,BUY,0.5000,485902.000,2024-07-07 09:06:50.011
ETH,SELL,0.2000,485900.000,2024-07-07 09:07:21.874
ETH,SELL,0.2000,485900.000,2024-07-07 09:07:22.117
ETH,SELL,0.0100,485900.000,2024-07-07 09:07:30.959
ETH,SELL,0.5000,485900.000,2024-07-07 09:07:31.085
ETH,SELL,0.0915,485900.000,2024-07-07 09:07:31.131
ETH,SELL,0.1085,485506.000,2024-07-07 09:07:31.131
ETH,SELL,0.0300,485506.000,2024-07-07 09:07:31.170
ETH,SELL,0.0100,485500.000,2024-07-07 09:07:32.089
ETH,SELL,0.3100,485287.000,2024-07-07 09:07:32.089
ETH,SELL,0.0100,485200.000,2024-07-07 09:07:55.015
ETH,SELL,0.0749,485069.000,2024-07-07 09:07:55.015
ETH,SELL,0.1000,485069.000,2024-07-07 09:08:00.469
ETH,BUY,0.0800,485193.000,2024-07-07 09:09:24.387
ETH,BUY,1.0000,485123.000,2024-07-07 09:09:54.388
ETH,BUY,1.0000,485242.000,2024-07-07 09:10:32.963
ETH,BUY,0.1170,485238.000,2024-07-07 09:11:25.401
ETH,BUY,0.6450,485239.000,2024-07-07 09:11:25.401
ETH,SELL,0.0100,484900.000,2024-07-07 09:13:39.107
ETH,SELL,0.1900,484680.000,2024-07-07 09:13:39.107
ETH,SELL,0.0100,484600.000,2024-07-07 09:14:54.419
ETH,SELL,0.0100,484502.000,2024-07-07 09:14:54.419
ETH,BUY,0.0100,484680.000,2024-07-07 09:15:31.140
ETH,BUY,0.0103,484789.000,2024-07-07 09:16:06.494
ETH,SELL,0.2000,484502.000,2024-07-07 09:18:36.053
ETH,SELL,0.0722,484502.000,2024-07-07 09:18:36.922
ETH,SELL,0.1000,484502.000,2024-07-07 09:18:38.673
ETH,SELL,0.0181,484502.000,2024-07-07 09:21:46.410
ETH,SELL,0.0100,484702.000,2024-07-07 09:25:46.008
ETH,BUY,0.0200,484898.000,2024-07-07 09:26:42.538
ETH,BUY,0.0100,484900.000,2024-07-07 09:28:18.165
ETH,BUY,0.0100,485200.000,2024-07-07 09:28:45.870
ETH,SELL,0.8231,485499.000,2024-07-07 09:29:05.169
ETH,BUY,0.0100,485500.000,2024-07-07 09:29:41.812
ETH,SELL,0.0100,485500.000,2024-07-07 09:33:17.016
ETH,SELL,0.0100,485500.000,2024-07-07 09:33:28.038
ETH,SELL,0.0600,485500.000,2024-07-07 09:33:28.305
ETH,SELL,0.2471,485500.000,2024-07-07 09:33:28.305
ETH,BUY,0.0200,485340.000,2024-07-07 09:34:05.592
ETH,BUY,0.0200,485297.000,2024-07-07 09:34:44.147
ETH,SELL,0.0100,485200.000,2024-07-07 09:36:17.933
ETH,SELL,0.0500,485200.000,2024-07-07 09:36:19.581
ETH,BUY,0.0749,485162.000,2024-07-07 09:38:46.635
ETH,BUY,0.1151,485162.000,2024-07-07 09:38:46.635
ETH,BUY,0.0200,485174.000,2024-07-07 09:39:01.690
ETH,SELL,0.0100,484900.000,2024-07-07 09:46:05.502
ETH,BUY,0.0500,484944.000,2024-07-07 09:46:12.190
ETH,BUY,0.0500,485166.000,2024-07-07 09:51:52.419
ETH,BUY,0.0100,485093.000,2024-07-07 09:53:59.223
ETH,BUY,0.0100,485200.000,2024-07-07 10:04:10.393
ETH,BUY,0.0900,485254.000,2024-07-07 10:04:10.393
ETH,BUY,0.0100,485500.000,2024-07-07 10:05:32.859
ETH,BUY,0.0100,485800.000,2024-07-07 10:05:33.140
ETH,BUY,0.1900,485859.000,2024-07-07 10:05:33.140
ETH,BUY,0.0100,485902.000,2024-07-07 10:05:33.544
ETH,BUY,0.0500,485799.000,2024-07-07 10:08:17.430
ETH,BUY,0.0530,485823.000,2024-07-07 10:08:17.430
ETH,BUY,0.0200,485577.000,2024-07-07 10:08:59.410
ETH,BUY,0.1000,485564.000,2024-07-07 10:09:50.266
ETH,BUY,0.0100,485609.000,2024-07-07 10:12:06.125
ETH,BUY,0.0100,485902.000,2024-07-07 10:14:48.171
ETH,BUY,0.0066,485902.000,2024-07-07 10:14:52.985
ETH,BUY,0.4934,485929.000,2024-07-07 10:14:52.985
ETH,BUY,0.0122,485867.000,2024-07-07 10:15:45.384
ETH,BUY,0.1776,485676.000,2024-07-07 10:16:56.814
ETH,SELL,0.1000,485800.000,2024-07-07 10:17:49.948
ETH,SELL,0.1000,485800.000,2024-07-07 10:17:50.338
ETH,SELL,0.2000,485800.000,2024-07-07 10:17:58.161
ETH,SELL,0.0398,485800.000,2024-07-07 10:18:11.304
ETH,BUY,0.0178,485700.000,2024-07-07 10:19:01.809
ETH,BUY,0.0100,486100.000,2024-07-07 10:22:00.440
ETH,BUY,0.1200,486305.000,2024-07-07 10:22:00.440
ETH,BUY,0.0100,486400.000,2024-07-07 10:22:22.205
ETH,BUY,0.0100,486700.000,2024-07-07 10:22:30.781
ETH,BUY,0.0100,486770.000,2024-07-07 10:23:09.774
ETH,BUY,0.0100,487000.000,2024-07-07 10:23:09.774
ETH,BUY,0.9800,487131.000,2024-07-07 10:23:09.774
ETH,BUY,0.1000,487129.000,2024-07-07 10:28:09.837
ETH,BUY,0.0010,487130.000,2024-07-07 10:28:09.837
ETH,BUY,0.0365,487129.000,2024-07-07 10:28:13.374
ETH,BUY,0.3000,487131.000,2024-07-07 10:32:11.398
ETH,BUY,0.0100,487300.000,2024-07-07 10:32:11.398
ETH,BUY,0.0100,487577.000,2024-07-07 10:32:11.398
ETH,BUY,0.0300,487577.000,2024-07-07 10:32:11.701
ETH,BUY,0.0100,487600.000,2024-07-07 10:32:32.534
ETH,BUY,0.0100,487900.000,2024-07-07 10:32:34.502
ETH,BUY,0.1880,488000.000,2024-07-07 10:32:34.502
ETH,BUY,0.0100,487902.000,2024-07-07 10:33:45.953
ETH,BUY,0.0300,487995.000,2024-07-07 10:33:45.953
ETH,SELL,0.0174,487901.000,2024-07-07 10:35:45.542
ETH,SELL,0.0200,487900.000,2024-07-07 10:36:01.283
ETH,SELL,0.0100,487600.000,2024-07-07 10:37:06.140
ETH,SELL,0.0100,487300.000,2024-07-07 10:38:05.507
ETH,SELL,0.1000,487011.000,2024-07-07 10:38:14.094
ETH,SELL,0.0500,487011.000,2024-07-07 10:38:14.644
ETH,SELL,0.0100,487000.000,2024-07-07 10:38:14.644
ETH,SELL,0.0400,486730.000,2024-07-07 10:38:14.644
ETH,SELL,0.2000,486906.000,2024-07-07 10:38:16.232
ETH,SELL,0.1000,486906.000,2024-07-07 10:38:16.824
ETH,SELL,0.2000,486818.000,2024-07-07 10:38:18.434
ETH,SELL,0.1000,486702.000,2024-07-07 10:38:21.018
ETH,SELL,0.2000,486762.000,2024-07-07 10:38:27.289
ETH,SELL,0.0100,486700.000,2024-07-07 10:39:10.729
ETH,BUY,0.0200,486401.000,2024-07-07 10:39:34.613
ETH,SELL,0.0100,486400.000,2024-07-07 10:40:01.158
ETH,SELL,0.2000,486114.000,2024-07-07 10:40:10.995
ETH,SELL,0.0100,486100.000,2024-07-07 10:40:12.519
ETH,SELL,0.1900,485801.000,2024-07-07 10:40:12.519
ETH,SELL,0.1000,485975.000,2024-07-07 10:40:57.621
ETH,SELL,0.0100,485800.000,2024-07-07 10:43:39.186
ETH,SELL,0.1900,485656.000,2024-07-07 10:43:39.186
ETH,SELL,0.2000,485581.000,2024-07-07 10:45:07.699
ETH,SELL,0.2000,485568.000,2024-07-07 10:45:17.901
ETH,SELL,0.2000,485563.000,2024-07-07 10:45:26.099
ETH,SELL,0.0100,485500.000,2024-07-07 10:45:36.327
ETH,SELL,0.1900,485410.000,2024-07-07 10:45:36.327
ETH,SELL,0.2000,485400.000,2024-07-07 10:45:42.522
ETH,BUY,0.0100,485201.000,2024-07-07 10:46:47.228
ETH,BUY,0.0100,485430.000,2024-07-07 10:47:18.027
ETH,SELL,0.1000,485430.000,2024-07-07 10:49:06.540
ETH,SELL,0.2000,485430.000,2024-07-07 10:49:13.338
ETH,SELL,0.2000,485430.000,2024-07-07 10:49:14.777
ETH,SELL,0.2000,485430.000,2024-07-07 10:49:15.491
ETH,SELL,0.2000,485430.000,2024-07-07 10:49:16.890
ETH,SELL,0.1000,485430.000,2024-07-07 10:49:17.593
ETH,SELL,0.1000,485221.000,2024-07-07 10:49:17.593
ETH,BUY,0.0100,485370.000,2024-07-07 10:49:21.480
ETH,BUY,0.0100,485430.000,2024-07-07 10:50:19.053
ETH,SELL,0.0700,485656.000,2024-07-07 10:58:37.431
ETH,SELL,0.0300,485656.000,2024-07-07 10:58:37.431
ETH,BUY,0.0100,485800.000,2024-07-07 11:04:53.051
ETH,BUY,0.0100,486100.000,2024-07-07 11:06:12.541
ETH,BUY,0.0200,486132.000,2024-07-07 11:06:12.541
ETH,BUY,0.0190,485950.000,2024-07-07 11:12:11.647
ETH,SELL,0.0100,485800.000,2024-07-07 11:15:42.813
ETH,BUY,0.1300,485801.000,2024-07-07 11:16:18.151
ETH,SELL,0.1000,485817.000,2024-07-07 11:16:19.914
ETH,BUY,0.0758,485818.000,2024-07-07 11:16:45.159
ETH,SELL,0.0100,485500.000,2024-07-07 11:17:10.481
ETH,SELL,0.1900,485465.000,2024-07-07 11:17:10.481
ETH,BUY,0.0100,485465.000,2024-07-07 11:19:04.406
ETH,SELL,0.0100,485464.000,2024-07-07 11:19:28.644
ETH,SELL,1.3183,485443.000,2024-07-07 11:19:28.644
ETH,SELL,0.0100,485430.000,2024-07-07 11:19:28.644
ETH,SELL,1.0000,485224.000,2024-07-07 11:19:28.644
ETH,SELL,0.0100,485200.000,2024-07-07 11:19:28.644
ETH,SELL,0.2060,485125.000,2024-07-07 11:19:28.644
ETH,SELL,0.1191,484969.000,2024-07-07 11:19:28.644
ETH,SELL,0.4266,484968.000,2024-07-07 11:19:28.644
ETH,SELL,0.0100,484970.000,2024-07-07 11:19:31.928
ETH,BUY,0.0800,485465.000,2024-07-07 11:19:52.507
ETH,BUY,0.0100,485500.000,2024-07-07 11:20:15.796
ETH,SELL,0.2060,485304.000,2024-07-07 11:20:27.183
ETH,BUY,0.1000,485518.000,2024-07-07 11:20:33.528
ETH,BUY,0.0999,485632.000,2024-07-07 11:20:33.759
ETH,BUY,0.0100,485663.000,2024-07-07 11:20:38.244
ETH,BUY,0.0995,485412.000,2024-07-07 11:22:09.322
ETH,SELL,0.2000,485241.000,2024-07-07 11:22:35.159
ETH,SELL,0.2000,485241.000,2024-07-07 11:22:35.264
ETH,SELL,0.0100,485200.000,2024-07-07 11:23:07.522
ETH,SELL,0.0900,485063.000,2024-07-07 11:23:07.522
ETH,SELL,0.1000,485063.000,2024-07-07 11:23:07.628
ETH,SELL,0.0999,485107.000,2024-07-07 11:25:44.587
ETH,SELL,0.3000,485107.000,2024-07-07 11:25:44.706
ETH,SELL,0.2000,485079.000,2024-07-07 11:25:55.151
ETH,SELL,0.2000,485077.000,2024-07-07 11:25:55.340
ETH,SELL,0.2000,485000.000,2024-07-07 11:25:57.352
ETH,SELL,0.1000,484952.000,2024-07-07 11:26:03.512
ETH,SELL,0.1000,484952.000,2024-07-07 11:26:03.579
ETH,SELL,0.0100,484900.000,2024-07-07 11:26:09.710
ETH,SELL,0.1900,484900.000,2024-07-07 11:26:09.710
ETH,SELL,0.2000,484900.000,2024-07-07 11:26:09.757
ETH,SELL,0.1300,484756.000,2024-07-07 11:26:29.938
ETH,SELL,0.0700,484755.000,2024-07-07 11:26:29.938
ETH,SELL,0.2000,484755.000,2024-07-07 11:26:30.000
ETH,BUY,0.0192,484899.000,2024-07-07 11:26:57.492
ETH,SELL,0.1000,484655.000,2024-07-07 11:28:07.776
ETH,BUY,0.0100,485200.000,2024-07-07 11:33:11.184
ETH,BUY,0.0100,485500.000,2024-07-07 11:33:11.184
ETH,BUY,0.1800,485637.000,2024-07-07 11:33:11.184
ETH,SELL,0.1207,485437.000,2024-07-07 11:34:38.060
ETH,BUY,0.2050,485500.000,2024-07-07 11:36:59.225
ETH,SELL,0.1999,485253.000,2024-07-07 11:37:35.625
ETH,BUY,0.2070,485496.000,2024-07-07 11:38:07.631
ETH,BUY,0.0200,485496.000,2024-07-07 11:38:11.058
ETH,BUY,0.0620,485389.000,2024-07-07 11:41:05.743
ETH,SELL,0.0100,485200.000,2024-07-07 11:42:30.064
ETH,SELL,0.0900,485000.000,2024-07-07 11:42:30.064
ETH,SELL,0.1000,485000.000,2024-07-07 11:42:30.265
ETH,SELL,0.1000,485000.000,2024-07-07 11:43:17.142
ETH,BUY,0.0100,485500.000,2024-07-07 11:52:30.348
ETH,BUY,0.0940,485608.000,2024-07-07 11:52:30.348
ETH,SELL,0.0250,485651.000,2024-07-07 11:57:12.682
ETH,BUY,0.0100,485800.000,2024-07-07 11:58:40.135
ETH,BUY,1.0000,485721.000,2024-07-07 12:01:14.643
ETH,BUY,0.0350,485777.000,2024-07-07 12:05:28.959
ETH,BUY,0.0100,486100.000,2024-07-07 12:11:27.216
ETH,BUY,0.0100,486400.000,2024-07-07 12:11:27.216
ETH,BUY,0.0295,486567.000,2024-07-07 12:11:27.216
ETH,BUY,0.0526,486697.000,2024-07-07 12:12:20.825
ETH,BUY,0.0100,486700.000,2024-07-07 12:12:20.825
ETH,BUY,0.1374,486700.000,2024-07-07 12:12:20.825
ETH,SELL,0.1039,486483.000,2024-07-07 12:14:53.552
ETH,BUY,0.0100,486445.000,2024-07-07 12:18:05.775
ETH,BUY,0.1000,486897.000,2024-07-07 12:19:14.697
ETH,BUY,0.0100,486954.000,2024-07-07 12:19:26.606
ETH,SELL,0.2000,486566.000,2024-07-07 12:25:30.985
ETH,SELL,0.1000,486566.000,2024-07-07 12:25:31.118
ETH,SELL,0.2000,486503.000,2024-07-07 12:25:37.135
ETH,SELL,0.3000,486503.000,2024-07-07 12:25:37.311
ETH,SELL,0.0100,486400.000,2024-07-07 12:25:38.401
ETH,BUY,0.0100,486137.000,2024-07-07 12:25:44.890
ETH,SELL,0.0100,486100.000,2024-07-07 12:25:54.406
ETH,SELL,0.1000,486000.000,2024-07-07 12:29:35.731
ETH,BUY,0.1100,486001.000,2024-07-07 12:29:54.031
ETH,BUY,0.9311,486011.000,2024-07-07 12:29:54.031
ETH,BUY,0.0220,485801.000,2024-07-07 12:31:34.886
ETH,SELL,0.0100,485800.000,2024-07-07 12:31:43.886
ETH,SELL,0.0051,485800.000,2024-07-07 12:31:43.886
ETH,SELL,0.0049,485800.000,2024-07-07 12:31:57.322
ETH,SELL,0.0100,485777.000,2024-07-07 12:32:11.711
ETH,BUY,0.1133,485866.000,2024-07-07 12:35:15.188
ETH,BUY,0.0967,485982.000,2024-07-07 12:35:15.188
ETH,SELL,0.0100,485500.000,2024-07-07 12:38:46.720
ETH,SELL,0.1040,485500.000,2024-07-07 12:38:46.720
ETH,SELL,0.0100,485200.000,2024-07-07 12:39:13.172
ETH,SELL,0.2900,485148.000,2024-07-07 12:39:13.172
ETH,SELL,0.0100,485000.000,2024-07-07 12:39:57.945
ETH,SELL,0.0500,485000.000,2024-07-07 12:39:57.945
ETH,SELL,0.0100,484900.000,2024-07-07 12:39:57.945
ETH,SELL,0.0100,484600.000,2024-07-07 12:39:57.945
ETH,SELL,0.0200,484600.000,2024-07-07 12:39:57.945
ETH,SELL,0.1926,484501.000,2024-07-07 12:44:11.830
ETH,SELL,0.0074,484501.000,2024-07-07 12:44:14.477
ETH,SELL,0.0100,484500.000,2024-07-07 12:44:14.477
ETH,SELL,0.0100,484300.000,2024-07-07 12:44:15.208
ETH,SELL,0.0100,484000.000,2024-07-07 12:44:31.303
ETH,SELL,0.1100,484000.000,2024-07-07 12:44:31.303
ETH,SELL,1.0770,484000.000,2024-07-07 12:44:31.303
ETH,SELL,0.1000,484000.000,2024-07-07 12:44:31.303
ETH,SELL,0.0100,483849.000,2024-07-07 12:44:38.644
ETH,SELL,0.0100,483800.000,2024-07-07 12:44:39.362
ETH,SELL,0.0100,483700.000,2024-07-07 12:44:43.497
ETH,SELL,0.5800,483403.000,2024-07-07 12:44:44.333
ETH,SELL,0.0100,483400.000,2024-07-07 12:44:49.748
ETH,SELL,0.1900,483300.000,2024-07-07 12:44:49.748
ETH,SELL,0.0100,483300.000,2024-07-07 12:44:49.748
ETH,SELL,0.0100,483100.000,2024-07-07 12:44:49.748
ETH,SELL,1.0000,483043.000,2024-07-07 12:44:49.748
ETH,SELL,0.0500,483000.000,2024-07-07 12:44:49.748
ETH,SELL,0.0200,483000.000,2024-07-07 12:44:49.748
ETH,SELL,0.0100,483000.000,2024-07-07 12:44:49.748
ETH,SELL,0.0100,483000.000,2024-07-07 12:44:49.748
ETH,SELL,0.0100,482998.000,2024-07-07 12:44:49.748
ETH,SELL,0.4100,482961.000,2024-07-07 12:44:49.748
ETH,BUY,0.0547,482950.000,2024-07-07 12:45:14.281
ETH,BUY,0.0634,482948.000,2024-07-07 12:45:16.722
ETH,BUY,0.0576,482948.000,2024-07-07 12:45:16.878
ETH,BUY,0.0100,483400.000,2024-07-07 12:45:31.711
ETH,BUY,0.0106,483402.000,2024-07-07 12:45:31.711
ETH,BUY,0.0100,483700.000,2024-07-07 12:47:37.000
ETH,BUY,0.0500,483830.000,2024-07-07 12:47:37.000
ETH,BUY,0.0602,483801.000,2024-07-07 12:49:35.458
ETH,BUY,0.0398,483827.000,2024-07-07 12:49:35.458
ETH,BUY,0.4000,483934.000,2024-07-07 12:49:44.792
ETH,BUY,0.1000,483972.000,2024-07-07 12:49:44.792
ETH,BUY,0.0100,484000.000,2024-07-07 12:52:34.639
ETH,BUY,0.1900,484063.000,2024-07-07 12:52:34.639
ETH,BUY,0.2000,484113.000,2024-07-07 12:52:36.767
ETH,BUY,0.1000,484113.000,2024-07-07 12:52:38.862
ETH,BUY,0.0100,484300.000,2024-07-07 12:57:52.044
ETH,SELL,0.0100,484511.000,2024-07-07 12:58:13.125
ETH,BUY,0.0100,484600.000,2024-07-07 12:59:20.222
ETH,BUY,0.0100,484697.000,2024-07-07 12:59:29.737
ETH,BUY,0.4000,484611.000,2024-07-07 13:00:23.444
ETH,BUY,0.1000,484601.000,2024-07-07 13:01:03.224
ETH,SELL,0.0200,484600.000,2024-07-07 13:01:11.234
ETH,SELL,0.0300,484600.000,2024-07-07 13:01:13.237
ETH,SELL,0.0100,484600.000,2024-07-07 13:01:13.237
ETH,SELL,0.0100,484300.000,2024-07-07 13:01:13.237
ETH,SELL,0.0200,484200.000,2024-07-07 13:01:13.237
ETH,SELL,0.1300,484129.000,2024-07-07 13:01:13.237
ETH,BUY,0.0200,484294.000,2024-07-07 13:01:55.515
ETH,SELL,0.0100,484110.000,2024-07-07 13:05:29.431
ETH,SELL,0.0100,484000.000,2024-07-07 13:05:29.431
ETH,SELL,0.0109,483972.000,2024-07-07 13:05:29.431
ETH,SELL,0.5000,483972.000,2024-07-07 13:06:57.064
ETH,SELL,0.0491,483972.000,2024-07-07 13:06:57.265
ETH,SELL,0.0100,483900.000,2024-07-07 13:06:57.265
ETH,SELL,0.0100,483700.000,2024-07-07 13:06:57.265
ETH,SELL,0.0100,483600.000,2024-07-07 13:06:57.265
ETH,SELL,0.0209,483552.000,2024-07-07 13:06:57.265
ETH,SELL,0.0100,483400.000,2024-07-07 13:07:46.584
ETH,SELL,0.1900,483200.000,2024-07-07 13:07:46.584
ETH,SELL,0.0100,483200.000,2024-07-07 13:07:46.757
ETH,SELL,0.0100,483100.000,2024-07-07 13:07:46.757
ETH,SELL,0.0100,483000.000,2024-07-07 13:07:46.757
ETH,SELL,0.1000,483000.000,2024-07-07 13:07:46.757
ETH,SELL,0.0300,483000.000,2024-07-07 13:07:46.757
ETH,SELL,0.0400,482806.000,2024-07-07 13:07:46.757
ETH,SELL,0.0100,482806.000,2024-07-07 13:07:47.070
ETH,SELL,0.2000,482806.000,2024-07-07 13:07:47.687
ETH,SELL,0.0100,482800.000,2024-07-07 13:08:19.494
ETH,SELL,0.1900,482501.000,2024-07-07 13:08:19.494
ETH,SELL,0.0502,482501.000,2024-07-07 13:08:20.690
ETH,SELL,0.1100,482869.000,2024-07-07 13:09:02.669
ETH,SELL,1.7500,483013.000,2024-07-07 13:09:35.633
ETH,SELL,2.2500,483010.000,2024-07-07 13:09:35.633
ETH,SELL,0.2000,482983.000,2024-07-07 13:09:35.633
ETH,BUY,0.0100,483100.000,2024-07-07 13:09:47.682
ETH,SELL,0.2744,483000.000,2024-07-07 13:11:37.545
ETH,BUY,0.0100,483010.000,2024-07-07 13:11:39.884
ETH,SELL,0.4753,483000.000,2024-07-07 13:11:45.531
ETH,SELL,0.0001,483000.000,2024-07-07 13:11:53.448
ETH,SELL,0.0100,482800.000,2024-07-07 13:11:53.448
ETH,SELL,0.1899,482528.000,2024-07-07 13:11:53.448
ETH,BUY,0.0900,482719.000,2024-07-07 13:12:54.879
ETH,SELL,0.0100,482500.000,2024-07-07 13:13:04.218
ETH,SELL,1.0000,482225.000,2024-07-07 13:13:04.218
ETH,SELL,0.0100,482200.000,2024-07-07 13:13:04.218
ETH,SELL,0.0100,482200.000,2024-07-07 13:13:04.218
ETH,SELL,0.0791,482016.000,2024-07-07 13:13:04.218
ETH,SELL,0.0160,482000.000,2024-07-07 13:13:04.218
ETH,SELL,0.0500,482000.000,2024-07-07 13:13:04.218
ETH,SELL,0.0120,482000.000,2024-07-07 13:13:04.218
ETH,SELL,0.0100,482000.000,2024-07-07 13:13:04.218
ETH,SELL,0.0100,482000.000,2024-07-07 13:13:04.218
ETH,SELL,0.0200,482000.000,2024-07-07 13:13:04.218
ETH,SELL,0.0500,482000.000,2024-07-07 13:13:04.218
ETH,SELL,0.0100,482000.000,2024-07-07 13:13:04.218
ETH,SELL,0.0100,482000.000,2024-07-07 13:13:04.218
ETH,SELL,0.6224,481992.000,2024-07-07 13:13:04.218
ETH,BUY,1.2805,481977.000,2024-07-07 13:13:05.782
ETH,BUY,0.1489,482359.000,2024-07-07 13:14:29.943
ETH,BUY,0.0100,482316.000,2024-07-07 13:15:30.021
ETH,SELL,0.0916,482308.000,2024-07-07 13:15:50.471
ETH,SELL,0.0223,482216.000,2024-07-07 13:16:19.791
ETH,SELL,0.0100,482000.000,2024-07-07 13:17:23.103
ETH,SELL,0.0100,481900.000,2024-07-07 13:17:24.429
ETH,BUY,0.0206,481601.000,2024-07-07 13:17:42.789
ETH,SELL,0.0100,481600.000,2024-07-07 13:18:13.661
ETH,SELL,0.0420,481500.000,2024-07-07 13:18:13.661
ETH,SELL,0.0100,481300.000,2024-07-07 13:18:14.642
ETH,SELL,0.0380,481165.000,2024-07-07 13:18:14.642
