symbol,side,size,price,timestamp
ETH,SELL,0.0100,499617.000,2024-07-13 21:07:34.845
ETH,BUY,0.3900,499950.000,2024-07-13 21:23:54.239
ETH,SELL,0.1000,499820.000,2024-07-13 21:28:34.643
ETH,BUY,0.4000,499821.000,2024-07-13 21:32:16.135
ETH,BUY,0.0100,500083.000,2024-07-13 21:37:05.181
ETH,BUY,0.1000,499761.000,2024-07-13 21:50:46.609
ETH,SELL,0.0500,499643.000,2024-07-13 21:52:18.106
ETH,BUY,0.0180,499694.000,2024-07-13 21:58:18.109
ETH,SELL,0.1000,499838.000,2024-07-13 22:07:26.122
ETH,BUY,0.0110,499848.000,2024-07-13 22:08:51.918
ETH,SELL,0.1000,500035.000,2024-07-13 22:14:50.198
ETH,SELL,0.1000,499953.000,2024-07-13 22:17:57.762
ETH,SELL,0.1000,499860.000,2024-07-13 22:18:38.307
ETH,BUY,0.1000,499803.000,2024-07-13 22:18:49.053
ETH,SELL,0.1000,499769.000,2024-07-13 22:19:11.201
ETH,SELL,0.1000,499591.000,2024-07-13 22:20:15.632
ETH,SELL,0.1000,499199.000,2024-07-13 22:22:32.191
ETH,SELL,0.2000,498836.000,2024-07-13 22:22:39.246
ETH,SELL,0.1000,498764.000,2024-07-13 22:22:40.506
ETH,SELL,0.1000,498573.000,2024-07-13 22:22:51.093
ETH,SELL,0.1000,498500.000,2024-07-13 22:23:32.795
ETH,SELL,0.2000,498500.000,2024-07-13 22:23:53.528
ETH,BUY,0.1000,498501.000,2024-07-13 22:24:14.429
ETH,SELL,0.2000,498500.000,2024-07-13 22:24:14.979
ETH,SELL,0.2000,498500.000,2024-07-13 22:24:19.041
ETH,SELL,0.1000,498500.000,2024-07-13 22:24:20.005
ETH,SELL,0.1000,498500.000,2024-07-13 22:24:37.424
ETH,SELL,0.0200,498500.000,2024-07-13 22:24:57.178
ETH,SELL,0.0200,498500.000,2024-07-13 22:24:58.740
ETH,SELL,0.0200,498500.000,2024-07-13 22:25:00.375
ETH,SELL,0.0200,498500.000,2024-07-13 22:25:02.675
ETH,SELL,0.0200,498500.000,2024-07-13 22:25:04.040
ETH,SELL,0.0200,497623.000,2024-07-13 22:25:15.397
ETH,BUY,0.0100,497325.000,2024-07-13 22:30:23.747
ETH,SELL,0.9600,497227.000,2024-07-13 22:31:06.569
ETH,SELL,0.7300,497221.000,2024-07-13 22:31:06.569
ETH,BUY,0.0330,497693.000,2024-07-13 22:33:52.961
ETH,BUY,0.2000,498136.000,2024-07-13 22:34:15.206
ETH,BUY,0.1500,497958.000,2024-07-13 22:34:45.087
ETH,BUY,0.0507,497984.000,2024-07-13 22:34:45.087
ETH,BUY,0.0200,497994.000,2024-07-13 22:34:45.087
ETH,BUY,1.2793,497998.000,2024-07-13 22:34:45.087
ETH,BUY,0.0507,497980.000,2024-07-13 22:34:49.430
ETH,BUY,0.1500,497918.000,2024-07-13 22:35:05.119
ETH,BUY,0.0300,497791.000,2024-07-13 22:35:23.285
ETH,SELL,0.5000,497530.000,2024-07-13 22:35:35.746
ETH,BUY,0.0251,498009.000,2024-07-13 22:40:14.314
ETH,BUY,0.9749,498014.000,2024-07-13 22:40:14.314
ETH,BUY,0.0251,498014.000,2024-07-13 22:40:14.377
ETH,BUY,0.2100,498157.000,2024-07-13 22:40:14.459
ETH,BUY,0.2000,498154.000,2024-07-13 22:40:15.455
ETH,BUY,0.0129,498154.000,2024-07-13 22:40:15.467
ETH,BUY,1.0000,498347.000,2024-07-13 22:40:15.468
ETH,BUY,0.4000,498379.000,2024-07-13 22:40:15.942
ETH,BUY,0.2000,498379.000,2024-07-13 22:40:16.578
ETH,BUY,0.2000,498373.000,2024-07-13 22:40:16.582
ETH,BUY,0.6895,498373.000,2024-07-13 22:40:16.718
ETH,BUY,0.1000,498373.000,2024-07-13 22:40:16.791
ETH,BUY,0.0051,498373.000,2024-07-13 22:40:17.377
ETH,BUY,0.0438,498799.000,2024-07-13 22:40:17.377
ETH,BUY,0.1000,498799.000,2024-07-13 22:40:17.477
ETH,BUY,0.1000,499365.000,2024-07-13 22:40:17.684
ETH,BUY,0.0251,499486.000,2024-07-13 22:40:19.181
ETH,BUY,0.1000,499635.000,2024-07-13 22:40:25.962
ETH,SELL,0.2000,500304.000,2024-07-13 22:40:42.670
ETH,SELL,0.2000,500304.000,2024-07-13 22:40:42.949
ETH,BUY,0.0100,500608.000,2024-07-13 22:41:27.124
ETH,BUY,0.1000,500799.000,2024-07-13 22:41:28.402
ETH,BUY,0.9000,500799.000,2024-07-13 22:41:28.403
ETH,BUY,0.1900,501000.000,2024-07-13 22:41:29.599
ETH,BUY,0.0500,501000.000,2024-07-13 22:41:29.599
ETH,BUY,0.0600,501000.000,2024-07-13 22:41:29.599
ETH,BUY,0.1400,501000.000,2024-07-13 22:41:29.742
ETH,BUY,6.4400,501000.000,2024-07-13 22:41:29.742
ETH,BUY,0.8900,501000.000,2024-07-13 22:41:29.751
ETH,BUY,1.7900,501000.000,2024-07-13 22:41:29.820
ETH,BUY,0.3152,501000.000,2024-07-13 22:41:30.745
ETH,BUY,0.1000,501000.000,2024-07-13 22:41:30.867
ETH,BUY,0.3200,501000.000,2024-07-13 22:41:30.933
ETH,BUY,0.1448,501000.000,2024-07-13 22:41:32.580
ETH,BUY,0.0100,501717.000,2024-07-13 22:41:46.167
ETH,BUY,0.0120,502000.000,2024-07-13 22:41:52.409
ETH,BUY,0.1000,502000.000,2024-07-13 22:41:52.409
ETH,BUY,0.0100,502000.000,2024-07-13 22:41:52.409
ETH,BUY,0.3148,502331.000,2024-07-13 22:41:53.165
ETH,BUY,0.1000,502888.000,2024-07-13 22:41:53.520
ETH,BUY,0.0644,502934.000,2024-07-13 22:41:55.928
ETH,BUY,0.2985,502963.000,2024-07-13 22:41:59.282
ETH,SELL,0.1000,502961.000,2024-07-13 22:41:59.547
ETH,SELL,0.0999,502961.000,2024-07-13 22:42:00.552
ETH,SELL,0.1000,502966.000,2024-07-13 22:42:02.675
ETH,SELL,0.5000,502625.000,2024-07-13 22:42:20.549
ETH,SELL,0.0200,502001.000,2024-07-13 22:42:45.866
ETH,SELL,0.1000,502124.000,2024-07-13 22:42:48.367
ETH,SELL,0.1220,502000.000,2024-07-13 22:43:15.072
ETH,SELL,0.0100,502000.000,2024-07-13 22:43:15.072
ETH,SELL,0.0358,501956.000,2024-07-13 22:43:15.072
ETH,SELL,0.1619,501809.000,2024-07-13 22:43:23.732
ETH,BUY,0.0500,502645.000,2024-07-13 22:49:08.357
ETH,SELL,0.2999,502205.000,2024-07-13 22:50:28.208
ETH,BUY,0.2300,502300.000,2024-07-13 22:53:12.795
ETH,BUY,0.1000,502300.000,2024-07-13 22:53:13.207
ETH,BUY,0.1493,502300.000,2024-07-13 22:53:13.705
ETH,BUY,0.1000,502300.000,2024-07-13 22:53:15.176
ETH,BUY,0.2000,502300.000,2024-07-13 22:53:15.393
ETH,BUY,0.0207,502300.000,2024-07-13 22:53:20.196
ETH,BUY,0.0199,503205.000,2024-07-13 22:53:26.931
ETH,BUY,0.0801,503205.000,2024-07-13 22:53:27.818
ETH,BUY,0.0410,503500.000,2024-07-13 22:53:27.818
ETH,BUY,0.0789,503500.000,2024-07-13 22:53:27.818
ETH,BUY,0.0500,503500.000,2024-07-13 22:53:51.729
ETH,BUY,0.0300,503500.000,2024-07-13 22:54:20.733
ETH,BUY,0.0496,503500.000,2024-07-13 22:54:34.735
ETH,BUY,0.0022,503500.000,2024-07-13 22:54:36.025
ETH,BUY,0.0396,503626.000,2024-07-13 22:54:36.025
ETH,SELL,0.2000,503755.000,2024-07-13 22:55:15.204
ETH,BUY,1.0000,503010.000,2024-07-13 22:56:30.471
ETH,SELL,0.0100,503000.000,2024-07-13 22:56:31.953
ETH,BUY,0.1000,503247.000,2024-07-13 22:56:47.913
ETH,BUY,0.1000,503817.000,2024-07-13 22:59:00.012
ETH,BUY,0.1000,503817.000,2024-07-13 22:59:00.070
ETH,BUY,0.9900,503817.000,2024-07-13 22:59:01.381
ETH,BUY,0.0400,503817.000,2024-07-13 22:59:02.557
ETH,BUY,0.0830,503817.000,2024-07-13 22:59:03.953
ETH,BUY,0.1000,503817.000,2024-07-13 22:59:04.921
ETH,BUY,0.0870,503817.000,2024-07-13 22:59:05.027
ETH,BUY,0.0120,504000.000,2024-07-13 22:59:06.901
ETH,BUY,0.0050,504520.000,2024-07-13 22:59:06.901
ETH,BUY,1.0000,504588.000,2024-07-13 22:59:50.018
ETH,BUY,0.0100,504588.000,2024-07-13 22:59:50.018
ETH,SELL,0.2000,504560.000,2024-07-13 22:59:52.679
ETH,SELL,0.2000,504555.000,2024-07-13 22:59:53.652
ETH,SELL,0.0326,504555.000,2024-07-13 22:59:55.834
ETH,SELL,0.1674,504555.000,2024-07-13 22:59:57.101
ETH,SELL,0.0137,504113.000,2024-07-13 23:00:29.412
ETH,SELL,0.0113,503405.000,2024-07-13 23:01:31.193
ETH,SELL,0.2000,503370.000,2024-07-13 23:02:22.730
ETH,SELL,1.0000,502952.000,2024-07-13 23:02:50.747
ETH,SELL,0.6800,502793.000,2024-07-13 23:02:50.747
ETH,BUY,0.0200,502937.000,2024-07-13 23:03:48.891
ETH,BUY,0.0100,504460.000,2024-07-13 23:06:06.669
ETH,BUY,1.0000,504604.000,2024-07-13 23:06:45.802
ETH,BUY,0.5000,504674.000,2024-07-13 23:06:45.802
ETH,BUY,0.2000,504674.000,2024-07-13 23:06:46.074
ETH,BUY,0.1500,504668.000,2024-07-13 23:06:52.867
ETH,BUY,0.0200,504427.000,2024-07-13 23:07:05.271
ETH,BUY,0.0100,504441.000,2024-07-13 23:07:09.847
ETH,SELL,0.2000,504597.000,2024-07-13 23:07:22.497
ETH,BUY,0.0300,504460.000,2024-07-13 23:07:25.745
ETH,BUY,0.0518,504154.000,2024-07-13 23:08:10.748
ETH,SELL,0.2517,504046.000,2024-07-13 23:08:10.979
ETH,BUY,0.2000,504600.000,2024-07-13 23:12:41.380
ETH,BUY,0.5000,504600.000,2024-07-13 23:12:41.380
ETH,BUY,0.8000,504885.000,2024-07-13 23:12:41.380
ETH,SELL,0.0240,504914.000,2024-07-13 23:14:26.669
ETH,BUY,0.0100,504427.000,2024-07-13 23:17:03.948
ETH,BUY,0.0100,505000.000,2024-07-13 23:18:26.083
ETH,BUY,0.0100,505000.000,2024-07-13 23:18:26.083
ETH,BUY,0.0100,505000.000,2024-07-13 23:18:26.083
ETH,BUY,0.1500,505000.000,2024-07-13 23:18:26.083
ETH,BUY,0.0200,505000.000,2024-07-13 23:18:29.871
ETH,BUY,0.1769,505000.000,2024-07-13 23:18:54.104
ETH,BUY,0.0571,505000.000,2024-07-13 23:19:04.033
ETH,BUY,0.1429,505116.000,2024-07-13 23:19:04.033
ETH,BUY,0.3253,504826.000,2024-07-13 23:19:37.963
ETH,BUY,0.1747,504827.000,2024-07-13 23:19:37.963
ETH,SELL,0.1000,505044.000,2024-07-13 23:21:30.526
ETH,BUY,0.1000,504819.000,2024-07-13 23:23:52.684
ETH,BUY,0.0100,504839.000,2024-07-13 23:24:31.096
ETH,SELL,0.1000,504810.000,2024-07-13 23:25:09.885
ETH,SELL,0.1458,504500.000,2024-07-13 23:25:32.398
ETH,SELL,0.8542,504500.000,2024-07-13 23:25:34.266
ETH,SELL,0.0100,503983.000,2024-07-13 23:25:36.913
ETH,SELL,0.9900,503983.000,2024-07-13 23:25:37.529
ETH,SELL,0.0100,503923.000,2024-07-13 23:25:37.529
ETH,SELL,0.2000,503530.000,2024-07-13 23:26:03.783
ETH,SELL,0.8241,503526.000,2024-07-13 23:26:03.783
ETH,SELL,0.4759,503526.000,2024-07-13 23:26:03.783
ETH,SELL,0.2500,503500.000,2024-07-13 23:27:46.710
ETH,SELL,0.2500,503500.000,2024-07-13 23:27:47.043
ETH,SELL,1.0000,502429.000,2024-07-13 23:29:02.141
ETH,SELL,0.6800,502428.000,2024-07-13 23:29:02.141
ETH,BUY,0.0300,503048.000,2024-07-13 23:32:39.605
ETH,BUY,0.7000,503008.000,2024-07-13 23:34:01.087
ETH,SELL,0.0100,503007.000,2024-07-13 23:35:52.720
ETH,SELL,0.4000,502453.000,2024-07-13 23:37:09.997
ETH,BUY,0.0800,502682.000,2024-07-13 23:41:15.953
ETH,SELL,0.0180,502493.000,2024-07-13 23:45:52.066
ETH,SELL,0.0600,502428.000,2024-07-13 23:47:33.049
ETH,SELL,0.2000,502000.000,2024-07-13 23:49:03.388
ETH,SELL,0.1000,501640.000,2024-07-13 23:49:03.388
ETH,SELL,0.7904,501565.000,2024-07-13 23:50:33.006
ETH,SELL,0.0400,501561.000,2024-07-13 23:50:33.006
ETH,SELL,1.0000,501558.000,2024-07-13 23:50:33.006
ETH,SELL,0.1696,501553.000,2024-07-13 23:50:33.006
ETH,BUY,0.0210,501845.000,2024-07-13 23:54:00.850
ETH,BUY,0.1000,501610.000,2024-07-13 23:54:51.916
ETH,BUY,0.1790,501960.000,2024-07-13 23:55:57.826
ETH,BUY,0.0210,501970.000,2024-07-13 23:55:57.826
ETH,BUY,0.0900,502042.000,2024-07-13 23:56:15.660
ETH,BUY,0.0150,501943.000,2024-07-13 23:56:31.225
ETH,BUY,0.0200,501723.000,2024-07-13 23:56:58.525
ETH,BUY,0.9000,502097.000,2024-07-14 00:01:41.091
ETH,BUY,0.2000,502040.000,2024-07-14 00:02:54.092
ETH,BUY,0.0180,502585.000,2024-07-14 00:03:49.257
ETH,BUY,0.1330,502265.000,2024-07-14 00:04:40.705
ETH,BUY,0.0500,502298.000,2024-07-14 00:05:00.291
ETH,BUY,0.0117,502295.000,2024-07-14 00:05:50.992
ETH,BUY,0.0875,502988.000,2024-07-14 00:09:24.387
ETH,BUY,0.5616,502809.000,2024-07-14 00:10:16.235
ETH,SELL,1.0000,502766.000,2024-07-14 00:10:55.400
ETH,BUY,0.0100,502812.000,2024-07-14 00:11:14.471
ETH,BUY,0.1000,503081.000,2024-07-14 00:12:01.103
ETH,BUY,0.2000,503080.000,2024-07-14 00:12:41.852
ETH,BUY,1.0000,503343.000,2024-07-14 00:14:42.105
ETH,BUY,0.7578,503580.000,2024-07-14 00:14:42.105
ETH,BUY,1.6861,503581.000,2024-07-14 00:14:42.105
ETH,BUY,0.6711,503582.000,2024-07-14 00:14:42.105
ETH,BUY,0.8850,503582.000,2024-07-14 00:14:42.105
ETH,BUY,0.0500,503387.000,2024-07-14 00:14:51.452
ETH,BUY,1.0000,503770.000,2024-07-14 00:15:30.976
ETH,BUY,0.5000,503947.000,2024-07-14 00:15:30.976
ETH,BUY,0.1500,504019.000,2024-07-14 00:15:53.598
ETH,BUY,0.0200,503683.000,2024-07-14 00:15:58.823
ETH,BUY,0.4999,504491.000,2024-07-14 00:17:46.674
ETH,SELL,0.2546,504213.000,2024-07-14 00:18:22.136
ETH,SELL,0.1000,503748.000,2024-07-14 00:18:22.423
ETH,SELL,0.0200,503500.000,2024-07-14 00:18:47.566
ETH,SELL,0.0500,503500.000,2024-07-14 00:19:34.860
ETH,SELL,0.1453,503086.000,2024-07-14 00:19:34.860
ETH,SELL,1.0000,503024.000,2024-07-14 00:19:34.860
ETH,SELL,0.4747,502978.000,2024-07-14 00:19:34.860
ETH,SELL,0.3496,502978.000,2024-07-14 00:19:34.950
ETH,SELL,0.0100,502889.000,2024-07-14 00:19:34.950
ETH,SELL,0.9400,502715.000,2024-07-14 00:19:34.950
ETH,SELL,0.1180,502601.000,2024-07-14 00:19:34.950
ETH,SELL,0.2000,502600.000,2024-07-14 00:19:34.950
ETH,SELL,1.8000,502600.000,2024-07-14 00:19:34.950
ETH,SELL,0.5969,502593.000,2024-07-14 00:19:34.950
ETH,SELL,1.2100,502541.000,2024-07-14 00:19:34.950
ETH,SELL,4.7755,502512.000,2024-07-14 00:19:34.950
ETH,SELL,0.0867,502512.000,2024-07-14 00:19:35.132
ETH,SELL,0.1000,502972.000,2024-07-14 00:20:20.550
ETH,SELL,0.1000,502972.000,2024-07-14 00:26:15.388
ETH,SELL,0.0009,502972.000,2024-07-14 00:27:27.252
ETH,SELL,0.0991,502481.000,2024-07-14 00:27:28.325
ETH,SELL,0.1000,502100.000,2024-07-14 00:29:31.920
ETH,SELL,0.0325,502100.000,2024-07-14 00:30:41.474
ETH,SELL,0.0139,502100.000,2024-07-14 00:31:51.732
ETH,SELL,0.5000,502100.000,2024-07-14 00:31:55.773
ETH,SELL,0.0291,502100.000,2024-07-14 00:31:59.672
ETH,SELL,0.0456,502100.000,2024-07-14 00:32:03.892
ETH,BUY,0.2000,502080.000,2024-07-14 00:33:30.698
ETH,BUY,0.1955,502102.000,2024-07-14 00:33:31.366
ETH,BUY,1.0000,502276.000,2024-07-14 00:33:32.638
ETH,SELL,0.0210,502284.000,2024-07-14 00:36:24.865
ETH,BUY,0.5900,502329.000,2024-07-14 00:36:36.387
ETH,BUY,0.0150,502075.000,2024-07-14 00:39:00.507
ETH,BUY,0.1400,502328.000,2024-07-14 00:42:12.040
ETH,SELL,0.0200,502277.000,2024-07-14 00:42:23.228
ETH,BUY,0.8243,502074.000,2024-07-14 00:43:02.135
ETH,BUY,0.2000,502075.000,2024-07-14 00:43:02.135
ETH,BUY,0.4757,502076.000,2024-07-14 00:43:02.135
ETH,BUY,0.0756,502322.000,2024-07-14 00:43:02.723
ETH,BUY,0.0175,503101.000,2024-07-14 00:49:32.457
ETH,BUY,1.0000,503405.000,2024-07-14 00:51:19.774
ETH,BUY,0.2619,503480.000,2024-07-14 00:51:19.774
ETH,BUY,0.2381,503511.000,2024-07-14 00:51:19.774
ETH,BUY,0.0619,503511.000,2024-07-14 00:51:20.184
ETH,BUY,0.1500,503435.000,2024-07-14 00:51:27.625
ETH,BUY,0.0100,503459.000,2024-07-14 00:51:36.901
ETH,BUY,0.0100,503459.000,2024-07-14 00:51:42.153
ETH,BUY,0.0100,503217.000,2024-07-14 00:52:03.201
ETH,BUY,0.5000,503166.000,2024-07-14 00:52:27.077
ETH,BUY,0.0150,503170.000,2024-07-14 00:53:34.979
ETH,BUY,0.0800,503331.000,2024-07-14 00:54:09.593
ETH,BUY,1.0000,503276.000,2024-07-14 00:55:12.189
ETH,BUY,0.7000,503350.000,2024-07-14 00:55:12.189
ETH,BUY,0.7211,503450.000,2024-07-14 00:56:16.588
ETH,BUY,0.0150,503563.000,2024-07-14 00:56:30.747
ETH,BUY,0.3035,503598.000,2024-07-14 00:56:48.060
ETH,BUY,0.6965,503599.000,2024-07-14 00:56:48.060
ETH,SELL,0.0600,503501.000,2024-07-14 00:57:19.141
ETH,BUY,1.5789,503671.000,2024-07-14 00:57:27.803
ETH,BUY,0.2211,503779.000,2024-07-14 00:58:00.323
ETH,BUY,0.7890,503780.000,2024-07-14 00:58:00.323
ETH,BUY,1.0000,503797.000,2024-07-14 00:58:00.323
ETH,BUY,3.1499,503904.000,2024-07-14 00:58:00.323
ETH,BUY,0.0100,504136.000,2024-07-14 00:59:04.049
ETH,SELL,0.0131,503726.000,2024-07-14 01:00:39.465
ETH,BUY,0.0100,503719.000,2024-07-14 01:05:50.212
ETH,BUY,0.0744,503666.000,2024-07-14 01:06:30.957
ETH,BUY,0.0256,503667.000,2024-07-14 01:06:30.957
ETH,BUY,0.0100,503663.000,2024-07-14 01:09:39.925
ETH,SELL,0.4159,503180.000,2024-07-14 01:10:35.785
ETH,SELL,0.5000,503180.000,2024-07-14 01:10:35.914
ETH,SELL,0.0710,503180.000,2024-07-14 01:10:36.353
ETH,SELL,0.1369,503101.000,2024-07-14 01:10:36.353
ETH,SELL,0.0230,503101.000,2024-07-14 01:10:47.978
ETH,SELL,0.0001,503101.000,2024-07-14 01:11:06.164
ETH,SELL,0.0110,502800.000,2024-07-14 01:13:50.172
ETH,SELL,0.9890,502800.000,2024-07-14 01:14:15.234
ETH,SELL,0.6810,502666.000,2024-07-14 01:14:15.234
ETH,SELL,0.0113,502491.000,2024-07-14 01:16:08.985
ETH,BUY,0.0900,502342.000,2024-07-14 01:16:45.652
ETH,BUY,0.2300,502343.000,2024-07-14 01:16:45.652
ETH,SELL,0.0500,502295.000,2024-07-14 01:17:01.536
ETH,BUY,0.2300,502367.000,2024-07-14 01:17:33.462
ETH,SELL,0.3193,502192.000,2024-07-14 01:19:10.219
ETH,SELL,0.0176,501842.000,2024-07-14 01:19:50.429
ETH,BUY,1.0000,502022.000,2024-07-14 01:21:32.789
ETH,SELL,0.0593,502176.000,2024-07-14 01:22:48.269
ETH,BUY,0.0127,502707.000,2024-07-14 01:28:46.998
ETH,BUY,0.1000,502776.000,2024-07-14 01:29:15.892
ETH,BUY,0.0100,503324.000,2024-07-14 01:35:02.952
ETH,BUY,0.1000,503550.000,2024-07-14 01:40:03.505
ETH,BUY,0.0100,503819.000,2024-07-14 01:42:04.559
ETH,BUY,0.0500,503820.000,2024-07-14 01:42:47.726
ETH,BUY,0.0100,503820.000,2024-07-14 01:42:55.076
ETH,BUY,0.0100,503820.000,2024-07-14 01:42:55.655
ETH,SELL,1.6810,503830.000,2024-07-14 01:46:37.991
ETH,BUY,0.3100,503831.000,2024-07-14 01:47:30.272
ETH,BUY,0.0100,503831.000,2024-07-14 01:47:30.272
ETH,BUY,0.0100,503846.000,2024-07-14 01:49:47.863
ETH,SELL,0.0100,503830.000,2024-07-14 01:50:03.415
ETH,SELL,0.0135,503830.000,2024-07-14 01:50:10.484
ETH,SELL,0.0100,503830.000,2024-07-14 01:50:13.099
ETH,SELL,0.3105,503830.000,2024-07-14 01:50:40.165
ETH,BUY,0.0200,503991.000,2024-07-14 01:59:08.331
ETH,SELL,0.0100,503770.000,2024-07-14 01:59:45.584
ETH,SELL,0.0200,503770.000,2024-07-14 02:02:20.831
ETH,SELL,0.5300,503702.000,2024-07-14 02:02:20.831
ETH,SELL,0.0210,503500.000,2024-07-14 02:04:16.640
ETH,SELL,0.4000,503000.000,2024-07-14 02:04:16.695
ETH,SELL,1.0000,502687.000,2024-07-14 02:04:16.695
ETH,SELL,1.0000,502625.000,2024-07-14 02:04:16.695
ETH,SELL,0.0100,502599.000,2024-07-14 02:04:16.695
ETH,SELL,0.1000,502427.000,2024-07-14 02:04:16.695
ETH,SELL,1.1900,502327.000,2024-07-14 02:04:16.695
ETH,BUY,1.0000,502614.000,2024-07-14 02:04:19.810
ETH,SELL,0.1122,502650.000,2024-07-14 02:04:22.448
ETH,BUY,0.0260,502944.000,2024-07-14 02:04:28.571
ETH,SELL,0.0100,502772.000,2024-07-14 02:04:58.309
ETH,BUY,0.0500,502975.000,2024-07-14 02:07:16.177
ETH,BUY,0.1220,503000.000,2024-07-14 02:09:47.173
ETH,BUY,0.0100,503000.000,2024-07-14 02:14:13.851
ETH,BUY,0.4000,503000.000,2024-07-14 02:14:46.324
ETH,BUY,0.0112,502999.000,2024-07-14 02:14:49.936
ETH,BUY,0.4680,503000.000,2024-07-14 02:14:49.936
ETH,BUY,1.1400,503089.000,2024-07-14 02:14:49.936
ETH,BUY,1.0000,503090.000,2024-07-14 02:14:49.936
ETH,BUY,2.1288,503121.000,2024-07-14 02:14:49.936
ETH,BUY,0.1120,503106.000,2024-07-14 02:16:20.014
ETH,BUY,0.0880,503106.000,2024-07-14 02:16:22.053
ETH,BUY,0.1000,502895.000,2024-07-14 02:18:25.397
ETH,BUY,0.0100,502502.000,2024-07-14 02:20:15.585
ETH,SELL,0.0106,502160.000,2024-07-14 02:21:00.995
ETH,BUY,0.5000,502262.000,2024-07-14 02:22:05.377
ETH,BUY,0.1000,502011.000,2024-07-14 02:22:47.386
ETH,SELL,1.5000,502000.000,2024-07-14 02:25:49.807
ETH,BUY,0.0400,502012.000,2024-07-14 02:26:00.246
ETH,SELL,0.0618,502000.000,2024-07-14 02:26:47.874
ETH,SELL,0.1400,502000.000,2024-07-14 02:27:14.747
ETH,SELL,0.0451,502000.000,2024-07-14 02:28:01.201
ETH,SELL,0.6697,502000.000,2024-07-14 02:28:01.446
ETH,SELL,0.4600,502000.000,2024-07-14 02:28:02.289
ETH,SELL,0.0215,502000.000,2024-07-14 02:28:05.502
ETH,SELL,0.0481,502000.000,2024-07-14 02:28:09.750
ETH,SELL,0.9294,502000.000,2024-07-14 02:28:10.685
ETH,SELL,0.4958,502000.000,2024-07-14 02:28:10.876
ETH,SELL,0.0215,502000.000,2024-07-14 02:28:10.978
ETH,SELL,0.1000,502000.000,2024-07-14 02:28:11.517
ETH,BUY,0.0400,502001.000,2024-07-14 02:28:12.869
ETH,SELL,0.1000,502000.000,2024-07-14 02:28:13.421
ETH,SELL,0.2535,502000.000,2024-07-14 02:28:13.423
ETH,SELL,0.1192,502000.000,2024-07-14 02:28:14.148
ETH,SELL,0.0344,502000.000,2024-07-14 02:28:19.443
ETH,SELL,0.1159,501351.000,2024-07-14 02:28:19.443
ETH,SELL,0.0100,501351.000,2024-07-14 02:28:19.534
ETH,BUY,0.0150,501335.000,2024-07-14 02:29:22.884
ETH,SELL,0.0400,501017.000,2024-07-14 02:30:47.532
ETH,SELL,0.0600,501017.000,2024-07-14 02:30:47.532
ETH,BUY,0.0600,501323.000,2024-07-14 02:31:30.810
ETH,SELL,2.3200,501250.000,2024-07-14 02:31:31.996
ETH,SELL,1.7900,501202.000,2024-07-14 02:31:31.996
ETH,SELL,0.7400,501202.000,2024-07-14 02:31:31.996
ETH,BUY,0.0199,501077.000,2024-07-14 02:31:53.048
ETH,BUY,0.5500,501077.000,2024-07-14 02:31:53.614
ETH,BUY,0.0199,501084.000,2024-07-14 02:32:02.985
ETH,BUY,0.1000,501084.000,2024-07-14 02:32:04.276
ETH,BUY,0.0199,501584.000,2024-07-14 02:32:12.828
ETH,SELL,0.8000,501585.000,2024-07-14 02:36:32.240
ETH,BUY,0.0220,501309.000,2024-07-14 02:37:43.565
ETH,SELL,0.0100,501000.000,2024-07-14 02:42:01.967
ETH,SELL,0.2200,501000.000,2024-07-14 02:42:01.967
ETH,SELL,0.0179,500102.000,2024-07-14 02:42:07.436
ETH,BUY,0.0500,500905.000,2024-07-14 02:42:07.609
ETH,SELL,0.8220,500486.000,2024-07-14 02:43:08.227
ETH,BUY,0.0996,500996.000,2024-07-14 02:45:22.888
ETH,BUY,0.4000,500996.000,2024-07-14 02:45:23.110
ETH,BUY,0.5000,501066.000,2024-07-14 02:45:57.678
ETH,BUY,0.4681,500998.000,2024-07-14 02:49:56.944
ETH,BUY,0.0703,501006.000,2024-07-14 02:49:56.944
ETH,SELL,0.0108,501067.000,2024-07-14 02:50:32.449
ETH,BUY,1.5000,501091.000,2024-07-14 02:51:55.948
ETH,SELL,0.0104,501067.000,2024-07-14 02:52:39.444
ETH,BUY,0.0199,501748.000,2024-07-14 03:00:08.308
ETH,BUY,0.1000,501714.000,2024-07-14 03:01:48.194
ETH,BUY,0.1000,501725.000,2024-07-14 03:04:57.170
ETH,BUY,0.0100,502500.000,2024-07-14 03:08:44.641
ETH,BUY,0.0200,502498.000,2024-07-14 03:09:41.471
ETH,SELL,0.5372,502203.000,2024-07-14 03:13:25.854
ETH,SELL,0.9628,502165.000,2024-07-14 03:13:25.854
ETH,BUY,0.1060,502337.000,2024-07-14 03:13:35.147
ETH,BUY,0.3940,502337.000,2024-07-14 03:13:35.147
ETH,BUY,0.0556,502338.000,2024-07-14 03:13:35.948
ETH,BUY,0.9628,502170.000,2024-07-14 03:17:26.101
ETH,BUY,0.5613,502202.000,2024-07-14 03:17:26.101
ETH,BUY,1.0000,502215.000,2024-07-14 03:17:26.101
ETH,BUY,1.0000,502367.000,2024-07-14 03:19:05.156
ETH,BUY,1.0000,502385.000,2024-07-14 03:24:02.360
ETH,BUY,5.0000,502396.000,2024-07-14 03:24:02.360
ETH,BUY,0.0100,502346.000,2024-07-14 03:26:28.377
ETH,BUY,0.0200,502346.000,2024-07-14 03:26:39.458
ETH,SELL,0.0100,502345.000,2024-07-14 03:26:47.110
ETH,SELL,0.0400,502345.000,2024-07-14 03:26:47.110
ETH,SELL,0.0700,502345.000,2024-07-14 03:26:52.174
ETH,SELL,0.0100,502338.000,2024-07-14 03:29:05.110
ETH,SELL,0.0510,502345.000,2024-07-14 03:31:01.037
ETH,SELL,0.2929,502338.000,2024-07-14 03:31:08.693
ETH,SELL,0.2930,502338.000,2024-07-14 03:31:26.797
ETH,BUY,0.0100,502201.000,2024-07-14 03:31:46.068
ETH,SELL,0.0100,502200.000,2024-07-14 03:34:14.934
ETH,SELL,0.0215,501845.000,2024-07-14 03:34:37.418
ETH,SELL,0.0210,501845.000,2024-07-14 03:34:42.935
ETH,BUY,1.0000,501846.000,2024-07-14 03:39:58.090
ETH,BUY,1.0000,501874.000,2024-07-14 03:39:58.090
ETH,BUY,3.4460,501903.000,2024-07-14 03:39:58.090
ETH,SELL,0.0100,501903.000,2024-07-14 03:52:31.984
ETH,SELL,0.0080,501903.000,2024-07-14 03:52:41.929
ETH,SELL,0.3088,501903.000,2024-07-14 03:52:41.929
ETH,SELL,0.0500,501931.000,2024-07-14 03:55:07.688
ETH,BUY,0.0100,501955.000,2024-07-14 04:00:08.027
ETH,BUY,0.0340,502000.000,2024-07-14 04:03:54.136
ETH,BUY,0.0100,502000.000,2024-07-14 04:03:55.917
ETH,BUY,0.1560,502000.000,2024-07-14 04:10:34.832
ETH,BUY,0.2000,502686.000,2024-07-14 04:17:47.101
ETH,BUY,0.0146,503065.000,2024-07-14 04:18:55.674
ETH,BUY,0.0142,503585.000,2024-07-14 04:19:13.431
ETH,BUY,1.0000,504000.000,2024-07-14 04:19:28.496
ETH,BUY,0.5000,504000.000,2024-07-14 04:19:28.496
ETH,BUY,0.1500,504000.000,2024-07-14 04:19:33.475
ETH,BUY,0.0100,504000.000,2024-07-14 04:19:40.565
ETH,BUY,1.0000,503547.000,2024-07-14 04:21:17.623
ETH,BUY,1.0000,503649.000,2024-07-14 04:21:19.447
ETH,BUY,1.7800,504000.000,2024-07-14 04:22:04.578
ETH,BUY,0.7800,504000.000,2024-07-14 04:22:06.570
ETH,BUY,0.0802,504000.000,2024-07-14 04:22:08.114
ETH,BUY,0.0840,504000.000,2024-07-14 04:22:09.926
ETH,BUY,0.0999,504000.000,2024-07-14 04:22:10.897
ETH,BUY,0.1000,504000.000,2024-07-14 04:22:11.041
ETH,BUY,0.3000,504000.000,2024-07-14 04:22:11.237
ETH,BUY,0.1000,504000.000,2024-07-14 04:22:11.516
ETH,BUY,0.5000,504000.000,2024-07-14 04:22:11.518
ETH,BUY,0.5949,504000.000,2024-07-14 04:22:11.524
ETH,BUY,0.0700,504000.000,2024-07-14 04:22:11.581
ETH,BUY,0.5000,504000.000,2024-07-14 04:22:12.036
ETH,BUY,0.0300,504000.000,2024-07-14 04:22:12.066
ETH,BUY,0.0100,504000.000,2024-07-14 04:22:12.349
ETH,BUY,0.5000,504000.000,2024-07-14 04:22:12.515
ETH,BUY,0.2000,504000.000,2024-07-14 04:22:12.810
ETH,BUY,0.3140,504000.000,2024-07-14 04:22:12.812
ETH,BUY,0.4000,504000.000,2024-07-14 04:22:12.903
ETH,BUY,0.5000,504000.000,2024-07-14 04:22:13.192
ETH,BUY,0.2000,504000.000,2024-07-14 04:22:13.529
ETH,BUY,0.0700,504000.000,2024-07-14 04:22:14.712
ETH,BUY,0.0900,504000.000,2024-07-14 04:22:14.714
ETH,BUY,0.1000,504000.000,2024-07-14 04:22:14.716
ETH,BUY,0.4000,504000.000,2024-07-14 04:22:14.836
ETH,BUY,0.6000,504000.000,2024-07-14 04:22:15.032
ETH,BUY,0.0635,504000.000,2024-07-14 04:22:15.464
ETH,BUY,0.2000,504000.000,2024-07-14 04:22:15.533
ETH,BUY,0.1000,504000.000,2024-07-14 04:22:15.542
ETH,BUY,0.5735,504000.000,2024-07-14 04:22:15.672
ETH,BUY,0.0905,504000.000,2024-07-14 04:22:15.672
ETH,BUY,0.3905,504000.000,2024-07-14 04:22:15.897
ETH,BUY,0.0190,504000.000,2024-07-14 04:22:16.478
ETH,BUY,0.0810,504600.000,2024-07-14 04:22:16.478
ETH,BUY,0.0800,504600.000,2024-07-14 04:22:17.390
ETH,BUY,0.0100,504600.000,2024-07-14 04:22:17.390
ETH,BUY,0.3290,504600.000,2024-07-14 04:22:17.590
ETH,BUY,0.0710,504866.000,2024-07-14 04:22:17.590
ETH,BUY,0.0300,504866.000,2024-07-14 04:22:17.593
ETH,BUY,0.0200,504866.000,2024-07-14 04:22:17.667
ETH,BUY,0.8790,504866.000,2024-07-14 04:22:18.137
ETH,BUY,0.0300,505100.000,2024-07-14 04:22:18.137
ETH,BUY,0.0910,505409.000,2024-07-14 04:22:18.137
ETH,BUY,0.0100,505293.000,2024-07-14 04:22:18.450
ETH,BUY,0.1000,505293.000,2024-07-14 04:22:18.466
ETH,BUY,0.0100,505293.000,2024-07-14 04:22:18.492
ETH,BUY,0.2500,505293.000,2024-07-14 04:22:19.111
ETH,BUY,0.1000,505410.000,2024-07-14 04:22:25.347
ETH,SELL,0.0979,505331.000,2024-07-14 04:22:27.613
ETH,SELL,0.1000,505346.000,2024-07-14 04:22:33.114
ETH,SELL,0.5000,505346.000,2024-07-14 04:22:33.117
ETH,SELL,0.1000,505395.000,2024-07-14 04:22:33.810
ETH,SELL,0.0942,505396.000,2024-07-14 04:22:35.428
ETH,SELL,0.0999,505396.000,2024-07-14 04:22:35.471
ETH,SELL,0.1000,505396.000,2024-07-14 04:22:35.760
ETH,SELL,0.5000,505126.000,2024-07-14 04:22:43.667
ETH,SELL,0.2000,505130.000,2024-07-14 04:22:46.013
ETH,SELL,0.1000,505130.000,2024-07-14 04:22:51.464
ETH,SELL,0.1000,505137.000,2024-07-14 04:22:56.318
ETH,SELL,0.0070,505130.000,2024-07-14 04:22:59.561
ETH,SELL,0.0658,505005.000,2024-07-14 04:22:59.561
ETH,SELL,0.0100,505005.000,2024-07-14 04:23:00.123
ETH,SELL,0.3000,504882.000,2024-07-14 04:23:04.403
ETH,SELL,0.0638,504882.000,2024-07-14 04:23:04.646
ETH,BUY,0.2000,504962.000,2024-07-14 04:23:24.303
ETH,BUY,0.0415,504962.000,2024-07-14 04:23:25.422
ETH,SELL,0.0110,504881.000,2024-07-14 04:24:41.574
ETH,SELL,0.0569,504978.000,2024-07-14 04:26:18.561
ETH,SELL,0.1000,504978.000,2024-07-14 04:26:21.592
ETH,SELL,0.0252,504978.000,2024-07-14 04:26:22.063
ETH,SELL,0.1748,504693.000,2024-07-14 04:26:22.063
ETH,SELL,0.0100,504693.000,2024-07-14 04:26:22.261
ETH,SELL,0.0267,504099.000,2024-07-14 04:26:50.046
ETH,SELL,0.0930,504100.000,2024-07-14 04:26:54.283
ETH,SELL,0.0165,504100.000,2024-07-14 04:26:54.928
ETH,SELL,0.0700,504100.000,2024-07-14 04:26:56.659
ETH,SELL,0.0700,504100.000,2024-07-14 04:26:57.453
ETH,SELL,0.2505,504100.000,2024-07-14 04:26:57.787
ETH,SELL,0.0355,503469.000,2024-07-14 04:27:03.614
ETH,SELL,0.0292,503325.000,2024-07-14 04:27:04.962
ETH,SELL,0.1692,503138.000,2024-07-14 04:27:08.094
ETH,SELL,0.0108,503006.000,2024-07-14 04:27:10.445
ETH,BUY,0.1199,503397.000,2024-07-14 04:27:51.570
ETH,BUY,0.0500,503397.000,2024-07-14 04:27:52.022
ETH,BUY,0.0801,503467.000,2024-07-14 04:27:53.088
ETH,BUY,0.0174,503467.000,2024-07-14 04:28:21.921
ETH,BUY,0.2000,503467.000,2024-07-14 04:28:24.926
ETH,BUY,0.0214,503467.000,2024-07-14 04:28:30.418
ETH,BUY,0.0145,503467.000,2024-07-14 04:28:53.926
ETH,BUY,0.0343,503467.000,2024-07-14 04:29:01.048
ETH,BUY,0.0263,503467.000,2024-07-14 04:29:06.436
ETH,BUY,0.0060,503467.000,2024-07-14 04:29:06.786
ETH,SELL,0.0894,503714.000,2024-07-14 04:30:36.385
ETH,BUY,0.1000,503947.000,2024-07-14 04:31:44.671
ETH,BUY,0.2000,504212.000,2024-07-14 04:32:07.013
ETH,BUY,0.2000,504171.000,2024-07-14 04:33:32.522
ETH,SELL,0.2500,504079.000,2024-07-14 04:33:39.384
ETH,BUY,0.6000,504157.000,2024-07-14 04:33:40.628
ETH,BUY,0.4000,504163.000,2024-07-14 04:33:40.628
ETH,SELL,0.0150,504005.000,2024-07-14 04:37:40.077
ETH,SELL,0.0577,504005.000,2024-07-14 04:37:51.798
ETH,SELL,0.0416,504005.000,2024-07-14 04:37:56.217
ETH,SELL,0.0099,504005.000,2024-07-14 04:38:16.079
ETH,SELL,0.2380,504000.000,2024-07-14 04:38:16.079
ETH,SELL,0.0001,503714.000,2024-07-14 04:38:16.079
ETH,SELL,0.7520,503521.000,2024-07-14 04:38:16.079
ETH,BUY,0.2000,503847.000,2024-07-14 04:40:44.892
ETH,BUY,0.1000,504215.000,2024-07-14 04:41:46.491
ETH,BUY,0.1500,504219.000,2024-07-14 04:41:46.491
ETH,BUY,0.0100,504345.000,2024-07-14 04:44:22.304
ETH,BUY,0.4624,503831.000,2024-07-14 04:46:50.656
ETH,BUY,0.0376,503832.000,2024-07-14 04:46:50.656
ETH,BUY,0.2000,503685.000,2024-07-14 04:49:20.539
ETH,BUY,0.1000,503685.000,2024-07-14 04:49:20.539
ETH,SELL,0.0100,503705.000,2024-07-14 04:52:21.452
ETH,BUY,0.1100,504356.000,2024-07-14 04:53:54.660
ETH,BUY,0.2300,504201.000,2024-07-14 04:54:43.410
ETH,BUY,0.0120,504105.000,2024-07-14 04:55:01.565
ETH,SELL,0.1000,504225.000,2024-07-14 04:58:25.863
ETH,SELL,0.0144,504250.000,2024-07-14 04:58:31.425
ETH,BUY,0.1000,505000.000,2024-07-14 05:01:34.818
ETH,BUY,0.5000,505000.000,2024-07-14 05:01:57.752
ETH,BUY,0.1000,505311.000,2024-07-14 05:02:47.517
ETH,BUY,0.2970,504833.000,2024-07-14 05:04:34.155
ETH,BUY,0.0100,505480.000,2024-07-14 05:05:25.827
ETH,BUY,0.0600,505500.000,2024-07-14 05:05:25.827
ETH,BUY,0.1000,505500.000,2024-07-14 05:05:28.364
ETH,BUY,0.0700,505500.000,2024-07-14 05:05:28.615
ETH,BUY,0.2400,505500.000,2024-07-14 05:05:30.170
ETH,BUY,0.0150,505500.000,2024-07-14 05:05:30.795
ETH,BUY,0.0120,506000.000,2024-07-14 05:05:31.267
ETH,BUY,0.0100,506000.000,2024-07-14 05:05:31.267
ETH,BUY,0.0480,506000.000,2024-07-14 05:05:31.267
ETH,BUY,0.2000,506000.000,2024-07-14 05:05:35.612
ETH,BUY,0.5500,506000.000,2024-07-14 05:05:35.778
ETH,BUY,0.2020,506000.000,2024-07-14 05:05:36.307
ETH,BUY,0.2000,506331.000,2024-07-14 05:05:36.885
ETH,SELL,0.0230,506484.000,2024-07-14 05:06:07.461
ETH,BUY,1.0000,506485.000,2024-07-14 05:06:08.536
ETH,BUY,1.6800,506485.000,2024-07-14 05:06:08.536
ETH,BUY,0.0410,506500.000,2024-07-14 05:06:08.536
ETH,BUY,1.9775,506568.000,2024-07-14 05:06:08.536
ETH,BUY,1.7755,506569.000,2024-07-14 05:06:08.536
ETH,BUY,0.4800,506666.000,2024-07-14 05:06:08.536
ETH,BUY,1.0000,506838.000,2024-07-14 05:06:08.536
ETH,BUY,0.0100,506842.000,2024-07-14 05:06:08.536
ETH,BUY,0.0360,506920.000,2024-07-14 05:06:08.536
ETH,SELL,0.0200,505947.000,2024-07-14 05:06:27.951
ETH,BUY,0.1000,506021.000,2024-07-14 05:06:33.952
ETH,BUY,1.0000,506046.000,2024-07-14 05:06:41.381
ETH,SELL,0.0700,505171.000,2024-07-14 05:06:48.810
ETH,SELL,0.7817,505311.000,2024-07-14 05:06:59.554
ETH,SELL,0.0756,505310.000,2024-07-14 05:06:59.554
ETH,BUY,0.1427,505300.000,2024-07-14 05:07:12.424
ETH,BUY,0.2000,505445.000,2024-07-14 05:07:13.128
ETH,BUY,0.0400,505589.000,2024-07-14 05:08:18.450
ETH,BUY,0.0100,505607.000,2024-07-14 05:08:50.924
ETH,BUY,1.0000,505438.000,2024-07-14 05:09:33.497
ETH,BUY,0.5000,505590.000,2024-07-14 05:09:33.497
ETH,BUY,0.7717,505623.000,2024-07-14 05:09:33.497
ETH,SELL,0.0231,505644.000,2024-07-14 05:09:49.193
ETH,BUY,1.0000,505669.000,2024-07-14 05:09:49.274
ETH,BUY,2.6352,505673.000,2024-07-14 05:09:49.274
ETH,BUY,0.0500,505660.000,2024-07-14 05:09:51.654
ETH,BUY,0.1000,505673.000,2024-07-14 05:10:12.418
ETH,SELL,0.7000,505404.000,2024-07-14 05:10:17.725
ETH,SELL,0.4000,505400.000,2024-07-14 05:10:36.615
ETH,SELL,0.0700,505400.000,2024-07-14 05:10:36.949
ETH,SELL,0.0187,505400.000,2024-07-14 05:10:37.883
ETH,SELL,0.2324,505400.000,2024-07-14 05:10:39.949
ETH,SELL,0.5000,505400.000,2024-07-14 05:10:40.814
ETH,SELL,0.3362,505400.000,2024-07-14 05:10:41.143
ETH,BUY,0.0180,505328.000,2024-07-14 05:13:42.602
ETH,SELL,0.0120,504882.000,2024-07-14 05:13:43.924
ETH,BUY,2.0000,504948.000,2024-07-14 05:14:12.842
ETH,SELL,0.0124,504291.000,2024-07-14 05:14:32.951
ETH,BUY,0.2000,504230.000,2024-07-14 05:18:43.288
ETH,BUY,0.0120,504244.000,2024-07-14 05:18:43.288
ETH,BUY,1.0000,504309.000,2024-07-14 05:18:43.288
ETH,BUY,0.1880,504310.000,2024-07-14 05:18:43.288
ETH,SELL,0.0661,504310.000,2024-07-14 05:18:47.364
ETH,SELL,0.1439,504310.000,2024-07-14 05:18:50.187
ETH,SELL,0.0561,503862.000,2024-07-14 05:18:50.187
ETH,SELL,0.0700,503862.000,2024-07-14 05:18:50.461
ETH,SELL,0.3200,503862.000,2024-07-14 05:18:50.463
ETH,SELL,0.0100,503638.000,2024-07-14 05:18:50.765
ETH,SELL,0.0100,503502.000,2024-07-14 05:18:51.262
ETH,SELL,0.0300,503502.000,2024-07-14 05:18:51.303
ETH,SELL,0.2000,503639.000,2024-07-14 05:18:51.460
ETH,SELL,0.1000,503503.000,2024-07-14 05:18:52.133
ETH,BUY,0.0650,503874.000,2024-07-14 05:18:54.015
ETH,BUY,0.0180,504302.000,2024-07-14 05:21:28.866
ETH,BUY,0.0100,504486.000,2024-07-14 05:21:51.189
ETH,BUY,0.1600,504510.000,2024-07-14 05:22:26.272
ETH,BUY,0.0130,504857.000,2024-07-14 05:22:47.862
ETH,BUY,0.0490,505253.000,2024-07-14 05:25:29.860
ETH,SELL,0.5500,505465.000,2024-07-14 05:25:48.091
ETH,BUY,0.4400,505495.000,2024-07-14 05:26:24.317
ETH,BUY,1.0000,505351.000,2024-07-14 05:27:36.437
ETH,BUY,0.2100,505479.000,2024-07-14 05:27:36.437
ETH,BUY,0.2000,505585.000,2024-07-14 05:27:36.437
ETH,BUY,0.0900,505586.000,2024-07-14 05:27:36.437
ETH,SELL,0.1500,505758.000,2024-07-14 05:33:14.118
ETH,BUY,0.0770,505877.000,2024-07-14 05:33:32.648
ETH,BUY,0.4230,506156.000,2024-07-14 05:33:32.648
ETH,SELL,0.0999,505776.000,2024-07-14 05:33:37.738
ETH,BUY,0.0600,505777.000,2024-07-14 05:33:45.381
ETH,SELL,0.1000,506445.000,2024-07-14 05:34:36.109
ETH,BUY,0.5300,506911.000,2024-07-14 05:34:54.636
ETH,SELL,0.0129,506345.000,2024-07-14 05:35:16.007
ETH,SELL,0.0100,506076.000,2024-07-14 05:35:21.429
ETH,SELL,0.0171,505645.000,2024-07-14 05:37:55.442
ETH,SELL,0.0271,505885.000,2024-07-14 05:38:33.983
ETH,SELL,0.0100,505880.000,2024-07-14 05:38:44.837
ETH,SELL,0.0123,505262.000,2024-07-14 05:41:45.987
ETH,SELL,0.0128,505132.000,2024-07-14 05:42:55.980
ETH,BUY,0.0170,504669.000,2024-07-14 05:47:58.329
ETH,BUY,0.0100,504919.000,2024-07-14 05:48:10.248
ETH,SELL,0.5000,505205.000,2024-07-14 05:48:45.120
ETH,BUY,0.2000,505400.000,2024-07-14 05:51:04.134
ETH,BUY,0.0100,505400.000,2024-07-14 05:53:02.683
ETH,BUY,0.1000,505400.000,2024-07-14 05:54:28.975
ETH,BUY,0.2000,505400.000,2024-07-14 05:54:41.254
ETH,BUY,0.5932,505400.000,2024-07-14 05:54:41.458
ETH,BUY,0.1000,505400.000,2024-07-14 05:54:42.766
ETH,BUY,0.5000,505400.000,2024-07-14 05:55:40.331
ETH,BUY,0.0581,505400.000,2024-07-14 05:56:59.738
ETH,BUY,0.0128,505775.000,2024-07-14 05:58:48.731
ETH,BUY,0.4872,505942.000,2024-07-14 05:58:48.731
ETH,BUY,0.1000,506270.000,2024-07-14 05:59:46.040
ETH,SELL,0.0132,505991.000,2024-07-14 06:00:44.942
ETH,SELL,0.0110,506000.000,2024-07-14 06:01:32.486
ETH,SELL,0.0490,505575.000,2024-07-14 06:04:22.834
ETH,SELL,0.1509,505572.000,2024-07-14 06:04:22.834
ETH,SELL,0.0100,505525.000,2024-07-14 06:04:39.570
ETH,SELL,0.1900,505525.000,2024-07-14 06:05:02.475
ETH,SELL,0.0300,505521.000,2024-07-14 06:05:02.475
ETH,BUY,0.2030,505779.000,2024-07-14 06:05:51.154
ETH,SELL,0.0121,505522.000,2024-07-14 06:06:08.003
ETH,SELL,0.0100,505521.000,2024-07-14 06:06:26.509
ETH,BUY,0.1800,505876.000,2024-07-14 06:07:03.884
ETH,SELL,0.0100,505529.000,2024-07-14 06:08:10.701
ETH,SELL,0.0132,505534.000,2024-07-14 06:08:47.978
ETH,SELL,0.2000,505621.000,2024-07-14 06:09:59.220
ETH,SELL,0.1000,505521.000,2024-07-14 06:12:25.354
ETH,SELL,0.0100,505521.000,2024-07-14 06:12:25.386
ETH,SELL,0.0300,505521.000,2024-07-14 06:12:25.666
ETH,SELL,0.0100,505521.000,2024-07-14 06:12:26.088
ETH,SELL,0.0500,505521.000,2024-07-14 06:13:42.836
ETH,SELL,0.0100,505521.000,2024-07-14 06:13:43.968
ETH,SELL,0.0900,505009.000,2024-07-14 06:13:43.968
ETH,SELL,0.0177,505117.000,2024-07-14 06:13:49.436
ETH,SELL,0.0938,505415.000,2024-07-14 06:15:36.933
ETH,BUY,0.1532,505556.000,2024-07-14 06:16:39.360
ETH,BUY,4.0000,505586.000,2024-07-14 06:16:39.360
ETH,BUY,1.0000,505634.000,2024-07-14 06:16:39.360
ETH,BUY,0.2000,505635.000,2024-07-14 06:16:39.360
ETH,BUY,4.0000,505644.000,2024-07-14 06:16:39.360
ETH,BUY,0.6468,505673.000,2024-07-14 06:16:39.360
ETH,SELL,0.0501,505104.000,2024-07-14 06:18:31.275
ETH,BUY,0.4500,505498.000,2024-07-14 06:18:33.726
ETH,BUY,0.0121,505501.000,2024-07-14 06:18:35.633
ETH,BUY,0.0132,505502.000,2024-07-14 06:18:35.633
ETH,BUY,0.0938,505509.000,2024-07-14 06:18:35.633
ETH,BUY,0.8000,505557.000,2024-07-14 06:18:35.633
ETH,SELL,0.0130,505564.000,2024-07-14 06:19:53.471
ETH,SELL,0.0493,505564.000,2024-07-14 06:20:18.531
ETH,BUY,0.1000,505818.000,2024-07-14 06:23:18.654
ETH,BUY,0.0880,505818.000,2024-07-14 06:23:18.654
ETH,BUY,0.2040,505876.000,2024-07-14 06:25:29.106
ETH,BUY,0.0400,505934.000,2024-07-14 06:25:53.420
ETH,BUY,0.0100,505962.000,2024-07-14 06:26:05.194
ETH,SELL,0.0300,505652.000,2024-07-14 06:30:26.080
ETH,BUY,0.0400,505731.000,2024-07-14 06:30:26.890
ETH,BUY,0.0100,505165.000,2024-07-14 06:33:26.858
ETH,BUY,0.1380,505224.000,2024-07-14 06:33:32.986
ETH,SELL,0.5000,505000.000,2024-07-14 06:39:20.474
ETH,SELL,0.2000,505000.000,2024-07-14 06:40:05.511
ETH,SELL,0.3000,505000.000,2024-07-14 06:40:37.323
ETH,SELL,0.2000,505000.000,2024-07-14 06:45:14.696
ETH,SELL,0.2100,505001.000,2024-07-14 06:45:16.151
ETH,SELL,0.0186,505001.000,2024-07-14 06:45:16.939
ETH,SELL,0.0552,505000.000,2024-07-14 06:45:22.244
ETH,SELL,1.5300,505000.000,2024-07-14 06:45:38.762
ETH,SELL,0.0100,505000.000,2024-07-14 06:45:41.962
ETH,SELL,0.8800,505000.000,2024-07-14 06:45:47.254
ETH,SELL,0.3011,505000.000,2024-07-14 06:45:51.232
ETH,SELL,0.4958,505000.000,2024-07-14 06:45:51.526
ETH,SELL,0.0416,505000.000,2024-07-14 06:46:04.739
ETH,SELL,0.1000,505000.000,2024-07-14 06:46:24.250
ETH,SELL,0.5000,505000.000,2024-07-14 06:46:24.537
ETH,SELL,0.2000,505000.000,2024-07-14 06:46:24.756
ETH,SELL,0.0466,505000.000,2024-07-14 06:46:29.403
ETH,SELL,0.0189,505000.000,2024-07-14 06:46:44.899
ETH,SELL,0.2120,505000.000,2024-07-14 06:46:45.486
ETH,SELL,0.0206,505000.000,2024-07-14 06:46:48.945
ETH,SELL,0.5000,505000.000,2024-07-14 06:46:52.385
ETH,BUY,1.0800,505151.000,2024-07-14 06:49:28.531
ETH,BUY,0.1622,505149.000,2024-07-14 06:50:38.968
ETH,BUY,0.5918,505151.000,2024-07-14 06:50:38.968
ETH,SELL,0.2000,505000.000,2024-07-14 06:52:39.517
ETH,SELL,0.0193,505000.000,2024-07-14 06:52:39.601
ETH,SELL,0.2500,505000.000,2024-07-14 06:52:39.732
ETH,SELL,0.1000,505000.000,2024-07-14 06:52:40.150
ETH,SELL,0.0400,505000.000,2024-07-14 06:52:41.084
ETH,SELL,0.1000,505000.000,2024-07-14 06:52:42.459
ETH,SELL,0.1200,505000.000,2024-07-14 06:53:00.205
ETH,SELL,0.2000,505000.000,2024-07-14 06:53:00.770
ETH,SELL,0.0300,505000.000,2024-07-14 06:53:01.100
ETH,SELL,0.3200,505000.000,2024-07-14 06:53:05.323
ETH,SELL,0.0340,505000.000,2024-07-14 06:53:13.302
ETH,SELL,0.5000,505000.000,2024-07-14 06:53:15.557
ETH,SELL,0.0176,505000.000,2024-07-14 06:53:31.193
ETH,SELL,0.5000,505000.000,2024-07-14 06:53:49.119
ETH,SELL,0.0600,505000.000,2024-07-14 06:53:49.211
ETH,SELL,0.1000,505000.000,2024-07-14 06:53:50.397
ETH,SELL,1.2973,505000.000,2024-07-14 06:53:50.467
ETH,SELL,0.0700,505000.000,2024-07-14 06:53:50.467
ETH,SELL,0.0500,504933.000,2024-07-14 06:53:50.467
ETH,SELL,0.0100,504800.000,2024-07-14 06:53:50.467
ETH,SELL,0.0398,504456.000,2024-07-14 06:53:50.467
ETH,SELL,0.1000,504440.000,2024-07-14 06:53:53.215
ETH,SELL,0.2000,504228.000,2024-07-14 06:54:19.942
ETH,BUY,0.0100,504281.000,2024-07-14 06:55:03.652
ETH,SELL,0.2404,504313.000,2024-07-14 06:55:13.214
ETH,SELL,0.0200,504463.000,2024-07-14 06:56:29.950
ETH,BUY,0.0198,504483.000,2024-07-14 07:00:49.274
ETH,SELL,0.0100,504463.000,2024-07-14 07:01:29.926
ETH,SELL,0.0064,503846.000,2024-07-14 07:01:29.926
ETH,BUY,0.0462,505060.000,2024-07-14 07:07:30.612
ETH,BUY,0.0538,505064.000,2024-07-14 07:07:30.612
ETH,SELL,0.0526,504935.000,2024-07-14 07:07:49.251
ETH,SELL,0.0400,504873.000,2024-07-14 07:08:09.166
ETH,SELL,0.0131,504771.000,2024-07-14 07:20:24.924
ETH,BUY,0.0100,504999.000,2024-07-14 07:28:59.387
ETH,BUY,0.0100,504798.000,2024-07-14 07:30:34.999
ETH,BUY,0.1800,504891.000,2024-07-14 07:32:21.643
ETH,BUY,0.0120,504964.000,2024-07-14 07:33:08.245
ETH,BUY,0.0150,505000.000,2024-07-14 07:33:59.534
ETH,BUY,0.0100,505000.000,2024-07-14 07:34:34.412
ETH,BUY,0.2000,505000.000,2024-07-14 07:35:21.264
ETH,BUY,0.1164,505038.000,2024-07-14 07:35:21.264
ETH,BUY,4.0000,505093.000,2024-07-14 07:35:21.264
ETH,BUY,1.6300,505122.000,2024-07-14 07:35:21.264
ETH,BUY,0.1366,505136.000,2024-07-14 07:35:21.264
ETH,BUY,0.0100,505137.000,2024-07-14 07:35:21.264
ETH,BUY,0.2380,505151.000,2024-07-14 07:35:21.264
ETH,SELL,0.0105,504920.000,2024-07-14 07:40:09.436
ETH,BUY,0.0990,505035.000,2024-07-14 07:40:54.420
ETH,BUY,0.2000,505064.000,2024-07-14 07:41:05.015
ETH,SELL,0.0300,505003.000,2024-07-14 07:42:05.835
ETH,SELL,0.0200,505043.000,2024-07-14 07:45:52.298
ETH,BUY,0.0289,505499.000,2024-07-14 07:51:52.793
ETH,BUY,0.0200,505498.000,2024-07-14 07:51:57.810
ETH,BUY,0.3800,505499.000,2024-07-14 07:51:57.810
ETH,BUY,0.3000,505650.000,2024-07-14 07:52:48.703
ETH,SELL,0.0100,505067.000,2024-07-14 07:58:35.981
ETH,SELL,0.0100,505003.000,2024-07-14 07:58:41.439
ETH,BUY,0.2000,505686.000,2024-07-14 08:04:30.061
ETH,BUY,0.0100,505788.000,2024-07-14 08:09:08.598
ETH,BUY,0.0008,505859.000,2024-07-14 08:09:08.598
ETH,SELL,0.0107,505690.000,2024-07-14 08:11:49.989
ETH,SELL,0.5000,505686.000,2024-07-14 08:15:29.396
ETH,SELL,0.1893,505505.000,2024-07-14 08:15:29.396
ETH,SELL,0.0207,505502.000,2024-07-14 08:15:29.396
ETH,BUY,0.1250,505847.000,2024-07-14 08:15:31.919
ETH,BUY,0.1100,505823.000,2024-07-14 08:15:57.270
ETH,BUY,0.2900,505847.000,2024-07-14 08:15:57.270
ETH,BUY,0.0399,505836.000,2024-07-14 08:17:20.428
ETH,SELL,0.0122,505558.000,2024-07-14 08:18:25.434
ETH,BUY,0.0100,505852.000,2024-07-14 08:18:35.062
ETH,BUY,0.0100,505859.000,2024-07-14 08:22:48.753
ETH,BUY,0.1179,505859.000,2024-07-14 08:24:12.451
ETH,BUY,0.0713,505859.000,2024-07-14 08:25:46.846
ETH,BUY,0.0122,506216.000,2024-07-14 08:25:48.794
ETH,BUY,0.0878,506320.000,2024-07-14 08:25:48.794
ETH,BUY,0.0400,506500.000,2024-07-14 08:26:10.805
ETH,BUY,0.0612,506569.000,2024-07-14 08:26:10.805
ETH,BUY,0.4000,506569.000,2024-07-14 08:26:10.889
ETH,BUY,0.1000,506569.000,2024-07-14 08:26:11.561
ETH,SELL,0.1000,506684.000,2024-07-14 08:26:29.929
ETH,BUY,0.0996,506995.000,2024-07-14 08:28:40.513
ETH,BUY,0.4000,506995.000,2024-07-14 08:28:41.079
ETH,BUY,0.5004,506995.000,2024-07-14 08:28:41.736
ETH,BUY,0.1000,507000.000,2024-07-14 08:28:42.106
ETH,BUY,0.0200,507000.000,2024-07-14 08:28:42.106
ETH,BUY,0.4000,507000.000,2024-07-14 08:28:42.106
ETH,BUY,0.0100,507489.000,2024-07-14 08:28:46.048
ETH,BUY,0.0700,507600.000,2024-07-14 08:28:46.048
ETH,BUY,0.5000,507600.000,2024-07-14 08:28:46.138
ETH,BUY,0.2000,507741.000,2024-07-14 08:29:20.625
ETH,SELL,0.5000,507686.000,2024-07-14 08:30:17.932
ETH,SELL,0.5500,507605.000,2024-07-14 08:30:18.147
ETH,SELL,0.0100,507311.000,2024-07-14 08:31:00.336
ETH,BUY,0.0100,507393.000,2024-07-14 08:32:30.669
ETH,SELL,1.0000,507339.000,2024-07-14 08:33:38.070
ETH,BUY,0.0100,507456.000,2024-07-14 08:33:41.606
ETH,BUY,0.1000,507246.000,2024-07-14 08:34:14.403
ETH,SELL,0.0999,507257.000,2024-07-14 08:34:43.707
ETH,SELL,0.0148,506727.000,2024-07-14 08:35:55.027
ETH,SELL,0.0100,506684.000,2024-07-14 08:36:10.937
ETH,SELL,0.1000,506684.000,2024-07-14 08:36:20.552
ETH,BUY,0.0146,507000.000,2024-07-14 08:38:10.431
ETH,SELL,0.0150,506999.000,2024-07-14 08:38:55.695
ETH,SELL,0.3750,506999.000,2024-07-14 08:42:37.727
ETH,SELL,0.3779,506999.000,2024-07-14 08:42:37.728
ETH,SELL,0.0204,506999.000,2024-07-14 08:42:42.920
ETH,BUY,0.1000,507000.000,2024-07-14 08:42:46.236
ETH,BUY,0.0903,507000.000,2024-07-14 08:43:02.976
ETH,BUY,0.0334,507000.000,2024-07-14 08:43:17.454
ETH,BUY,0.1121,507000.000,2024-07-14 08:43:17.890
ETH,BUY,0.0282,507000.000,2024-07-14 08:43:39.442
ETH,BUY,0.0294,507000.000,2024-07-14 08:43:47.934
ETH,BUY,0.0171,507000.000,2024-07-14 08:45:47.427
ETH,BUY,0.0178,507000.000,2024-07-14 08:48:25.932
ETH,BUY,0.0571,507000.000,2024-07-14 08:48:28.501
ETH,BUY,0.4429,507000.000,2024-07-14 08:48:28.501
ETH,BUY,0.0999,507000.000,2024-07-14 08:48:43.014
ETH,BUY,0.5000,507000.000,2024-07-14 08:48:44.460
ETH,BUY,0.3362,507000.000,2024-07-14 08:48:44.690
ETH,BUY,0.5000,507000.000,2024-07-14 08:48:45.332
ETH,BUY,0.1000,507000.000,2024-07-14 08:48:45.411
ETH,BUY,0.5000,507000.000,2024-07-14 08:48:53.025
ETH,BUY,0.0722,507000.000,2024-07-14 08:48:54.596
ETH,BUY,0.0488,507000.000,2024-07-14 08:48:55.277
ETH,BUY,0.1000,507665.000,2024-07-14 08:49:01.585
ETH,BUY,0.0400,508000.000,2024-07-14 08:49:15.359
ETH,BUY,0.0120,508000.000,2024-07-14 08:49:15.359
ETH,BUY,0.0100,508000.000,2024-07-14 08:49:15.359
ETH,BUY,0.0163,508191.000,2024-07-14 08:49:16.432
ETH,SELL,0.0700,508412.000,2024-07-14 08:50:23.536
ETH,BUY,0.5000,508413.000,2024-07-14 08:50:23.577
ETH,SELL,0.5205,508412.000,2024-07-14 08:50:24.094
ETH,SELL,0.3841,508412.000,2024-07-14 08:50:24.348
ETH,SELL,0.0254,508412.000,2024-07-14 08:50:24.454
ETH,SELL,0.0746,508263.000,2024-07-14 08:50:25.157
ETH,BUY,1.0000,508065.000,2024-07-14 08:50:31.037
ETH,BUY,0.2000,508193.000,2024-07-14 08:50:31.037
ETH,SELL,0.5000,507907.000,2024-07-14 08:50:56.432
ETH,BUY,0.5688,508137.000,2024-07-14 08:50:56.901
ETH,BUY,0.0204,508146.000,2024-07-14 08:50:56.901
ETH,SELL,0.0500,508414.000,2024-07-14 08:51:42.780
ETH,SELL,0.1000,508191.000,2024-07-14 08:52:09.246
ETH,BUY,0.3200,508230.000,2024-07-14 08:52:26.351
ETH,BUY,0.5903,508230.000,2024-07-14 08:52:26.351
ETH,BUY,0.0897,508283.000,2024-07-14 08:52:26.351
ETH,SELL,0.1200,508191.000,2024-07-14 08:53:22.317
ETH,SELL,0.1908,508191.000,2024-07-14 08:53:22.890
ETH,SELL,0.3092,507957.000,2024-07-14 08:53:22.890
ETH,SELL,0.1999,507957.000,2024-07-14 08:53:23.119
ETH,SELL,0.1000,507488.000,2024-07-14 08:53:24.144
ETH,BUY,0.0100,507667.000,2024-07-14 08:57:25.926
ETH,BUY,1.0000,507731.000,2024-07-14 08:58:21.832
ETH,BUY,0.7800,507761.000,2024-07-14 08:58:21.832
ETH,BUY,0.0400,507790.000,2024-07-14 08:59:42.731
ETH,SELL,0.0622,508057.000,2024-07-14 09:03:32.629
ETH,SELL,0.0143,507650.000,2024-07-14 09:03:45.943
ETH,BUY,0.0100,507721.000,2024-07-14 09:05:03.006
ETH,BUY,0.1000,507806.000,2024-07-14 09:05:12.768
ETH,SELL,0.0100,507650.000,2024-07-14 09:09:25.083
ETH,SELL,0.2800,507650.000,2024-07-14 09:09:39.883
ETH,SELL,0.0100,507650.000,2024-07-14 09:09:40.806
ETH,SELL,0.0135,507650.000,2024-07-14 09:09:41.678
ETH,BUY,0.0100,507651.000,2024-07-14 09:10:02.770
ETH,SELL,0.0338,507650.000,2024-07-14 09:10:14.719
ETH,SELL,0.0288,507650.000,2024-07-14 09:10:20.975
ETH,BUY,0.1000,507651.000,2024-07-14 09:10:26.288
ETH,SELL,0.0150,507650.000,2024-07-14 09:10:38.637
ETH,SELL,0.0651,507650.000,2024-07-14 09:11:15.612
ETH,SELL,0.0295,507650.000,2024-07-14 09:11:20.157
ETH,SELL,0.1705,507480.000,2024-07-14 09:11:20.157
ETH,SELL,0.0700,507480.000,2024-07-14 09:11:20.308
ETH,BUY,0.2000,507481.000,2024-07-14 09:11:59.472
ETH,SELL,0.0129,507480.000,2024-07-14 09:12:19.920
ETH,BUY,1.0000,507587.000,2024-07-14 09:16:16.484
ETH,BUY,0.2000,507600.000,2024-07-14 09:18:39.406
ETH,BUY,0.0100,507900.000,2024-07-14 09:20:05.241
ETH,BUY,0.1000,507510.000,2024-07-14 09:22:30.859
ETH,SELL,0.0200,507509.000,2024-07-14 09:26:20.674
ETH,BUY,0.0200,507510.000,2024-07-14 09:26:21.765
ETH,BUY,0.9800,507510.000,2024-07-14 09:26:32.227
ETH,BUY,1.0000,507847.000,2024-07-14 09:26:49.669
ETH,BUY,0.7900,507850.000,2024-07-14 09:26:52.066
ETH,BUY,0.2100,507850.000,2024-07-14 09:26:52.110
ETH,BUY,0.1000,508109.000,2024-07-14 09:28:50.960
ETH,BUY,0.3600,508214.000,2024-07-14 09:32:08.402
ETH,BUY,0.5582,508214.000,2024-07-14 09:32:08.692
ETH,BUY,0.0100,509100.000,2024-07-14 09:32:59.191
ETH,BUY,0.0100,509271.000,2024-07-14 09:32:59.244
ETH,BUY,0.4900,509522.000,2024-07-14 09:32:59.244
ETH,SELL,0.5000,509116.000,2024-07-14 09:33:47.103
ETH,BUY,0.2000,509055.000,2024-07-14 09:34:14.119
ETH,SELL,0.3000,509055.000,2024-07-14 09:34:33.163
ETH,SELL,0.5000,508949.000,2024-07-14 09:36:41.091
ETH,SELL,0.3581,508575.000,2024-07-14 09:41:33.888
ETH,BUY,0.0195,508170.000,2024-07-14 09:49:54.935
ETH,SELL,0.5000,508081.000,2024-07-14 09:53:09.032
ETH,SELL,0.2000,508143.000,2024-07-14 09:55:18.198
ETH,BUY,0.1000,508135.000,2024-07-14 09:59:50.018
ETH,BUY,0.0400,508139.000,2024-07-14 09:59:50.018
ETH,BUY,0.0200,508254.000,2024-07-14 10:01:07.703
ETH,SELL,0.0128,508252.000,2024-07-14 10:08:45.988
ETH,SELL,0.0872,508252.000,2024-07-14 10:08:47.268
ETH,SELL,0.0120,507620.000,2024-07-14 10:08:49.422
ETH,SELL,0.0100,507620.000,2024-07-14 10:08:49.480
ETH,SELL,0.0507,507480.000,2024-07-14 10:13:24.254
ETH,SELL,0.0251,507480.000,2024-07-14 10:13:29.944
ETH,SELL,0.0896,507480.000,2024-07-14 10:13:30.178
ETH,SELL,0.0100,507476.000,2024-07-14 10:13:30.178
ETH,SELL,0.1000,507000.000,2024-07-14 10:13:30.178
ETH,SELL,0.0004,507000.000,2024-07-14 10:13:30.178
ETH,SELL,0.1000,507000.000,2024-07-14 10:13:30.265
ETH,SELL,0.0126,507000.000,2024-07-14 10:13:30.926
ETH,BUY,0.0100,507036.000,2024-07-14 10:13:45.645
ETH,BUY,0.1000,507526.000,2024-07-14 10:16:04.568
ETH,BUY,0.3000,507425.000,2024-07-14 10:18:01.307
ETH,SELL,0.0103,507040.000,2024-07-14 10:20:45.490
ETH,BUY,0.0100,507373.000,2024-07-14 10:21:41.580
ETH,BUY,0.0100,507295.000,2024-07-14 10:24:15.419
ETH,BUY,0.0100,507369.000,2024-07-14 10:24:17.923
ETH,BUY,0.3000,507110.000,2024-07-14 10:25:39.515
ETH,BUY,0.0100,507354.000,2024-07-14 10:29:13.795
ETH,BUY,0.4800,507354.000,2024-07-14 10:32:22.069
ETH,SELL,0.0200,507354.000,2024-07-14 10:33:45.838
ETH,SELL,0.8870,507000.000,2024-07-14 10:36:17.134
ETH,SELL,0.1000,506907.000,2024-07-14 10:36:17.134
ETH,SELL,0.2000,506771.000,2024-07-14 10:36:17.134
ETH,SELL,0.0900,506684.000,2024-07-14 10:36:17.134
ETH,SELL,0.1000,506684.000,2024-07-14 10:36:17.134
ETH,SELL,0.2830,506623.000,2024-07-14 10:36:17.134
ETH,BUY,0.0100,506541.000,2024-07-14 10:39:18.448
ETH,SELL,0.1000,506261.000,2024-07-14 10:40:15.587
ETH,SELL,0.0400,506200.000,2024-07-14 10:45:17.764
ETH,SELL,1.0000,505902.000,2024-07-14 10:45:17.764
ETH,BUY,0.2000,505800.000,2024-07-14 10:45:40.954
ETH,SELL,0.0300,505799.000,2024-07-14 10:46:03.659
ETH,SELL,0.0400,505799.000,2024-07-14 10:46:03.659
ETH,SELL,0.1900,505799.000,2024-07-14 10:46:03.659
ETH,SELL,0.0450,505614.000,2024-07-14 10:47:54.612
ETH,BUY,0.0100,506048.000,2024-07-14 10:49:15.446
ETH,BUY,0.0100,506295.000,2024-07-14 10:49:40.255
ETH,BUY,0.0200,506050.000,2024-07-14 10:49:52.052
ETH,BUY,0.3000,505921.000,2024-07-14 10:50:31.830
ETH,SELL,0.0900,505535.000,2024-07-14 10:52:58.039
ETH,BUY,0.0100,505600.000,2024-07-14 10:55:11.018
ETH,BUY,0.0250,505622.000,2024-07-14 10:55:11.018
ETH,BUY,1.0000,505578.000,2024-07-14 10:55:45.439
ETH,BUY,0.0100,505724.000,2024-07-14 10:56:44.314
ETH,SELL,0.0100,505600.000,2024-07-14 10:57:05.551
ETH,BUY,0.0400,505633.000,2024-07-14 10:58:16.840
ETH,BUY,0.1000,505601.000,2024-07-14 11:00:18.044
ETH,BUY,0.0300,505659.000,2024-07-14 11:02:31.466
ETH,BUY,0.3143,505687.000,2024-07-14 11:04:18.351
ETH,BUY,0.2760,505910.000,2024-07-14 11:08:48.412
ETH,BUY,0.1789,505988.000,2024-07-14 11:09:41.904
ETH,BUY,0.1592,506166.000,2024-07-14 11:11:30.159
ETH,BUY,1.0000,506107.000,2024-07-14 11:12:50.253
ETH,BUY,0.2430,506333.000,2024-07-14 11:12:50.253
ETH,BUY,0.2570,506347.000,2024-07-14 11:12:50.253
ETH,BUY,0.1500,506199.000,2024-07-14 11:12:58.694
ETH,BUY,0.0100,506427.000,2024-07-14 11:13:06.064
ETH,BUY,0.0992,506464.000,2024-07-14 11:13:42.285
ETH,BUY,0.0300,506386.000,2024-07-14 11:15:38.500
ETH,BUY,0.0100,506106.000,2024-07-14 11:25:05.056
ETH,BUY,0.0298,506112.000,2024-07-14 11:25:05.056
ETH,BUY,0.0399,506112.000,2024-07-14 11:25:05.354
ETH,BUY,0.0100,506112.000,2024-07-14 11:25:08.474
ETH,BUY,0.0100,506682.000,2024-07-14 11:27:35.582
ETH,BUY,0.0100,506439.000,2024-07-14 11:27:37.936
ETH,BUY,0.0200,506456.000,2024-07-14 11:28:46.178
ETH,SELL,0.2600,506476.000,2024-07-14 11:31:02.064
ETH,BUY,0.0100,506477.000,2024-07-14 11:31:04.799
ETH,BUY,0.0242,506386.000,2024-07-14 11:34:08.813
ETH,BUY,0.0100,506711.000,2024-07-14 11:34:20.586
ETH,BUY,0.0900,506717.000,2024-07-14 11:34:20.586
ETH,BUY,0.0100,506725.000,2024-07-14 11:34:23.930
ETH,BUY,0.0100,506546.000,2024-07-14 11:38:11.067
ETH,SELL,0.0160,506430.000,2024-07-14 11:41:12.140
ETH,SELL,1.0000,506420.000,2024-07-14 11:44:32.542
ETH,SELL,0.0775,506386.000,2024-07-14 11:44:32.542
ETH,BUY,0.0200,506517.000,2024-07-14 11:47:23.839
ETH,BUY,0.1000,506601.000,2024-07-14 11:50:08.041
ETH,SELL,0.0796,506562.000,2024-07-14 11:54:00.737
ETH,BUY,0.0100,506453.000,2024-07-14 11:56:48.422
ETH,BUY,1.0000,506413.000,2024-07-14 12:01:34.760
ETH,BUY,0.0100,506359.000,2024-07-14 12:03:26.988
ETH,BUY,0.0090,506403.000,2024-07-14 12:03:26.988
ETH,BUY,0.0100,506352.000,2024-07-14 12:03:30.995
ETH,BUY,0.0600,506398.000,2024-07-14 12:06:22.264
ETH,SELL,0.1000,506301.000,2024-07-14 12:09:30.579
ETH,SELL,0.0300,506300.000,2024-07-14 12:09:30.579
ETH,SELL,0.5000,506300.000,2024-07-14 12:09:30.900
ETH,SELL,0.4700,506300.000,2024-07-14 12:09:31.189
ETH,SELL,0.0100,506000.000,2024-07-14 12:09:45.018
ETH,SELL,0.0119,506000.000,2024-07-14 12:09:45.018
ETH,SELL,0.0001,506000.000,2024-07-14 12:09:45.888
ETH,BUY,0.1000,505601.000,2024-07-14 12:11:00.238
ETH,BUY,0.0600,505601.000,2024-07-14 12:11:01.802
ETH,BUY,0.2000,505601.000,2024-07-14 12:11:03.769
ETH,SELL,0.1400,505600.000,2024-07-14 12:11:24.457
ETH,SELL,0.5000,505600.000,2024-07-14 12:11:26.173
ETH,SELL,1.0000,505600.000,2024-07-14 12:11:26.173
ETH,SELL,0.0100,505451.000,2024-07-14 12:11:26.173
ETH,SELL,0.1000,505036.000,2024-07-14 12:11:26.173
ETH,SELL,0.0500,505035.000,2024-07-14 12:11:26.173
ETH,BUY,0.0100,505412.000,2024-07-14 12:12:48.416
ETH,BUY,0.0197,505133.000,2024-07-14 12:14:42.757
ETH,BUY,0.4400,505139.000,2024-07-14 12:15:40.067
ETH,BUY,0.1700,505139.000,2024-07-14 12:15:41.818
ETH,BUY,0.0200,505139.000,2024-07-14 12:15:42.856
ETH,BUY,0.0197,505001.000,2024-07-14 12:18:39.332
ETH,SELL,0.0100,505000.000,2024-07-14 12:19:05.769
ETH,SELL,0.0200,505000.000,2024-07-14 12:19:05.769
ETH,SELL,0.1800,505000.000,2024-07-14 12:20:28.884
ETH,SELL,0.0500,505000.000,2024-07-14 12:20:28.884
ETH,SELL,0.0852,505000.000,2024-07-14 12:20:28.884
ETH,BUY,0.0100,505001.000,2024-07-14 12:20:40.582
ETH,BUY,0.0300,505001.000,2024-07-14 12:22:29.541
ETH,BUY,0.0016,505236.000,2024-07-14 12:22:29.541
ETH,BUY,0.0700,505528.000,2024-07-14 12:22:53.234
ETH,BUY,0.1520,505528.000,2024-07-14 12:22:53.936
ETH,SELL,0.0148,505000.000,2024-07-14 12:28:14.008
ETH,BUY,0.0197,504809.000,2024-07-14 12:28:47.108
ETH,BUY,0.0100,504692.000,2024-07-14 12:29:07.388
ETH,BUY,0.0097,504698.000,2024-07-14 12:29:07.388
ETH,BUY,0.0100,504685.000,2024-07-14 12:29:11.490
ETH,BUY,0.0197,504858.000,2024-07-14 12:29:23.334
ETH,BUY,0.0100,504877.000,2024-07-14 12:29:41.732
ETH,BUY,0.0030,504919.000,2024-07-14 12:29:41.732
ETH,BUY,0.0100,504947.000,2024-07-14 12:29:45.943
ETH,BUY,0.1500,504715.000,2024-07-14 12:30:26.812
ETH,SELL,0.0100,504751.000,2024-07-14 12:31:01.969
ETH,BUY,0.0197,504752.000,2024-07-14 12:34:02.368
ETH,BUY,0.0500,504750.000,2024-07-14 12:34:49.357
ETH,SELL,0.0180,504551.000,2024-07-14 12:35:05.040
ETH,SELL,0.0214,504748.000,2024-07-14 12:38:17.746
ETH,SELL,0.0100,504747.000,2024-07-14 12:38:17.746
ETH,SELL,0.1000,504700.000,2024-07-14 12:38:17.746
ETH,SELL,0.8686,504650.000,2024-07-14 12:38:17.746
ETH,BUY,0.1200,504753.000,2024-07-14 12:39:27.266
ETH,BUY,0.4383,505180.000,2024-07-14 12:41:32.054
ETH,BUY,0.0478,505242.000,2024-07-14 12:41:32.054
ETH,BUY,1.0139,505296.000,2024-07-14 12:41:32.054
ETH,BUY,0.0100,505299.000,2024-07-14 12:41:37.840
ETH,BUY,0.1000,505317.000,2024-07-14 12:41:37.840
ETH,BUY,0.0400,505318.000,2024-07-14 12:41:37.840
ETH,BUY,0.0100,505258.000,2024-07-14 12:41:40.937
ETH,BUY,0.0100,505168.000,2024-07-14 12:41:55.004
ETH,SELL,0.0100,504945.000,2024-07-14 12:45:24.772
ETH,BUY,0.6614,505117.000,2024-07-14 12:46:07.228
ETH,SELL,0.0100,505145.000,2024-07-14 12:49:18.919
ETH,SELL,0.0103,505117.000,2024-07-14 12:51:46.513
ETH,BUY,0.0900,505118.000,2024-07-14 12:52:19.464
ETH,BUY,0.2000,505118.000,2024-07-14 12:52:28.537
ETH,SELL,0.1717,505117.000,2024-07-14 12:52:59.787
ETH,SELL,0.0283,504611.000,2024-07-14 12:52:59.787
ETH,SELL,0.1000,504500.000,2024-07-14 12:53:34.241
ETH,SELL,0.0500,504485.000,2024-07-14 12:53:34.241
ETH,SELL,1.0000,504348.000,2024-07-14 12:53:34.241
ETH,SELL,0.5100,504308.000,2024-07-14 12:53:34.241
ETH,SELL,1.0000,504388.000,2024-07-14 12:53:42.403
ETH,BUY,0.1982,504310.000,2024-07-14 12:54:09.161
ETH,SELL,1.0000,504402.000,2024-07-14 12:54:27.051
ETH,SELL,0.1000,504039.000,2024-07-14 12:54:27.051
ETH,SELL,1.0000,504038.000,2024-07-14 12:54:27.051
ETH,SELL,0.1240,503880.000,2024-07-14 12:54:27.051
ETH,SELL,0.5954,503858.000,2024-07-14 12:54:27.051
ETH,SELL,0.0806,503817.000,2024-07-14 12:54:27.051
ETH,SELL,0.0956,503817.000,2024-07-14 12:54:27.197
ETH,SELL,0.1000,504378.000,2024-07-14 12:54:38.990
ETH,BUY,0.0100,504422.000,2024-07-14 12:55:47.423
ETH,SELL,0.2658,504269.000,2024-07-14 12:56:30.517
ETH,SELL,0.2000,504400.000,2024-07-14 12:57:01.262
ETH,BUY,0.1000,504257.000,2024-07-14 12:59:05.381
ETH,BUY,0.1350,504253.000,2024-07-14 12:59:13.650
ETH,SELL,0.2448,503845.000,2024-07-14 13:00:08.781
ETH,SELL,0.1213,504143.000,2024-07-14 13:02:28.445
ETH,SELL,0.1236,504140.000,2024-07-14 13:02:28.445
ETH,SELL,0.5000,504365.000,2024-07-14 13:04:07.067
ETH,SELL,0.5000,504290.000,2024-07-14 13:04:11.376
ETH,SELL,0.7018,503962.000,2024-07-14 13:04:11.376
ETH,SELL,0.2215,504369.000,2024-07-14 13:05:05.173
ETH,BUY,0.1000,504307.000,2024-07-14 13:10:47.543
ETH,SELL,0.0450,503987.000,2024-07-14 13:13:49.605
ETH,BUY,0.5000,504059.000,2024-07-14 13:14:03.264
ETH,BUY,0.0180,504045.000,2024-07-14 13:14:19.744
ETH,BUY,0.5000,504067.000,2024-07-14 13:14:30.987
ETH,SELL,0.2190,504069.000,2024-07-14 13:14:55.567
ETH,SELL,1.0000,504070.000,2024-07-14 13:15:08.820
ETH,SELL,0.0100,504070.000,2024-07-14 13:15:11.919
ETH,BUY,0.5000,504283.000,2024-07-14 13:16:26.150
ETH,BUY,0.0100,504586.000,2024-07-14 13:18:45.199
ETH,BUY,0.2000,504754.000,2024-07-14 13:21:11.005
ETH,SELL,0.0200,504698.000,2024-07-14 13:21:51.907
ETH,BUY,0.0100,504779.000,2024-07-14 13:22:50.298
ETH,SELL,0.0100,504814.000,2024-07-14 13:22:57.070
ETH,BUY,0.5000,504773.000,2024-07-14 13:23:09.568
ETH,BUY,0.0110,504834.000,2024-07-14 13:23:22.580
ETH,BUY,1.0000,504489.000,2024-07-14 13:28:19.698
ETH,BUY,0.2000,504489.000,2024-07-14 13:28:19.698
ETH,BUY,0.0900,504374.000,2024-07-14 13:28:39.307
ETH,BUY,0.0300,504367.000,2024-07-14 13:29:02.201
ETH,SELL,0.5000,504000.000,2024-07-14 13:29:41.972
ETH,SELL,0.5222,503993.000,2024-07-14 13:29:41.972
ETH,BUY,1.0000,504004.000,2024-07-14 13:30:31.536
ETH,BUY,0.0283,504148.000,2024-07-14 13:30:31.536
ETH,BUY,0.9717,504178.000,2024-07-14 13:30:31.536
ETH,SELL,1.0000,503411.000,2024-07-14 13:34:22.329
ETH,SELL,0.5000,503411.000,2024-07-14 13:34:22.405
ETH,BUY,0.0100,503342.000,2024-07-14 13:34:55.781
ETH,BUY,0.0100,503342.000,2024-07-14 13:34:59.411
ETH,SELL,0.2210,503288.000,2024-07-14 13:35:16.236
ETH,SELL,0.0120,503219.000,2024-07-14 13:35:53.008
ETH,BUY,0.1000,503340.000,2024-07-14 13:35:54.841
ETH,BUY,0.0100,503339.000,2024-07-14 13:36:42.678
ETH,BUY,0.0100,503347.000,2024-07-14 13:36:46.463
ETH,BUY,0.0180,503347.000,2024-07-14 13:36:50.329
ETH,BUY,0.1000,503319.000,2024-07-14 13:38:23.747
ETH,SELL,0.2000,503328.000,2024-07-14 13:40:03.466
ETH,BUY,0.1000,503359.000,2024-07-14 13:40:47.026
ETH,BUY,0.1000,503358.000,2024-07-14 13:41:03.842
ETH,BUY,0.0100,503404.000,2024-07-14 13:41:21.838
ETH,BUY,0.0100,503666.000,2024-07-14 13:41:58.615
ETH,BUY,1.0000,503355.000,2024-07-14 13:45:17.892
ETH,BUY,0.0200,503483.000,2024-07-14 13:55:03.283
ETH,BUY,0.5000,503082.000,2024-07-14 13:56:47.151
ETH,BUY,0.0147,503154.000,2024-07-14 13:58:14.777
ETH,BUY,0.1653,503294.000,2024-07-14 13:58:14.777
ETH,BUY,0.0147,503260.000,2024-07-14 13:58:17.438
ETH,BUY,0.5000,503023.000,2024-07-14 13:58:36.017
ETH,BUY,1.0000,503119.000,2024-07-14 13:59:13.804
ETH,BUY,0.5000,503135.000,2024-07-14 13:59:27.466
ETH,BUY,0.5000,503122.000,2024-07-14 13:59:56.343
ETH,BUY,0.5000,503048.000,2024-07-14 14:00:21.145
ETH,BUY,0.5000,503028.000,2024-07-14 14:01:04.510
ETH,BUY,0.5000,503052.000,2024-07-14 14:01:26.293
ETH,BUY,0.5000,503003.000,2024-07-14 14:01:47.305
ETH,SELL,0.2110,503002.000,2024-07-14 14:05:28.436
ETH,SELL,0.3337,503001.000,2024-07-14 14:05:28.436
ETH,SELL,0.1663,503001.000,2024-07-14 14:05:28.463
ETH,SELL,0.0100,503000.000,2024-07-14 14:05:28.463
ETH,SELL,0.0100,503000.000,2024-07-14 14:05:28.463
ETH,SELL,0.1610,503188.000,2024-07-14 14:10:35.336
ETH,BUY,0.0100,503210.000,2024-07-14 14:16:30.352
ETH,BUY,0.0200,503263.000,2024-07-14 14:16:57.617
ETH,SELL,0.0150,503261.000,2024-07-14 14:18:49.362
ETH,BUY,1.0000,502815.000,2024-07-14 14:19:38.374
ETH,BUY,0.5000,503003.000,2024-07-14 14:19:38.374
ETH,BUY,0.0100,502868.000,2024-07-14 14:21:13.929
ETH,BUY,0.5400,502870.000,2024-07-14 14:21:13.929
ETH,BUY,0.0100,502831.000,2024-07-14 14:21:16.941
ETH,BUY,0.5900,502815.000,2024-07-14 14:22:25.612
ETH,BUY,0.0100,502832.000,2024-07-14 14:24:11.332
ETH,BUY,0.0900,502838.000,2024-07-14 14:24:11.332
ETH,BUY,0.0100,502772.000,2024-07-14 14:24:14.963
ETH,BUY,0.0100,502767.000,2024-07-14 14:28:41.828
ETH,BUY,0.0100,502773.000,2024-07-14 14:28:41.828
ETH,BUY,0.0100,502744.000,2024-07-14 14:28:45.948
ETH,SELL,0.0300,502743.000,2024-07-14 14:29:38.748
ETH,SELL,0.0200,502743.000,2024-07-14 14:30:17.627
ETH,SELL,0.0300,502600.000,2024-07-14 14:30:21.473
ETH,SELL,0.0100,502600.000,2024-07-14 14:30:22.196
ETH,SELL,0.0880,502400.000,2024-07-14 14:30:22.353
ETH,SELL,0.0200,502000.000,2024-07-14 14:30:22.353
ETH,SELL,0.0100,502000.000,2024-07-14 14:30:22.353
ETH,SELL,0.0575,501845.000,2024-07-14 14:30:22.353
ETH,SELL,0.0245,501690.000,2024-07-14 14:30:22.353
ETH,SELL,0.1000,501662.000,2024-07-14 14:30:24.054
ETH,BUY,1.0000,501801.000,2024-07-14 14:30:36.990
ETH,BUY,1.0000,502502.000,2024-07-14 14:30:56.927
ETH,BUY,0.6900,502558.000,2024-07-14 14:31:00.647
ETH,SELL,0.2600,502626.000,2024-07-14 14:31:07.667
ETH,SELL,1.0000,502588.000,2024-07-14 14:31:07.667
ETH,BUY,0.2000,502500.000,2024-07-14 14:31:35.362
ETH,BUY,0.0655,502500.000,2024-07-14 14:31:56.222
ETH,BUY,2.0000,502500.000,2024-07-14 14:31:58.703
ETH,BUY,0.1440,502500.000,2024-07-14 14:32:00.018
ETH,BUY,0.0151,502500.000,2024-07-14 14:32:01.410
ETH,BUY,0.0716,502500.000,2024-07-14 14:32:23.685
ETH,BUY,0.2000,502500.000,2024-07-14 14:32:25.929
ETH,BUY,0.5000,502500.000,2024-07-14 14:32:26.489
ETH,BUY,0.1438,502500.000,2024-07-14 14:32:27.712
ETH,BUY,0.0100,502773.000,2024-07-14 14:33:12.667
ETH,BUY,0.1411,502773.000,2024-07-14 14:34:04.077
ETH,BUY,0.0245,502997.000,2024-07-14 14:34:04.077
ETH,BUY,0.0100,503000.000,2024-07-14 14:34:04.077
ETH,BUY,0.0244,503110.000,2024-07-14 14:34:04.077
ETH,SELL,0.1611,502955.000,2024-07-14 14:34:11.099
ETH,BUY,0.1610,503064.000,2024-07-14 14:35:55.891
ETH,BUY,0.0390,503128.000,2024-07-14 14:35:55.891
ETH,BUY,0.0200,503111.000,2024-07-14 14:36:06.320
ETH,BUY,0.0990,503091.000,2024-07-14 14:38:07.624
ETH,SELL,0.0100,503000.000,2024-07-14 14:38:26.601
ETH,SELL,0.2000,502782.000,2024-07-14 14:39:01.956
ETH,BUY,0.0100,502826.000,2024-07-14 14:39:47.069
ETH,SELL,0.1000,502744.000,2024-07-14 14:41:06.869
ETH,BUY,0.0235,503170.000,2024-07-14 14:42:14.434
ETH,BUY,0.0100,504000.000,2024-07-14 14:50:21.291
ETH,BUY,0.0700,504104.000,2024-07-14 14:50:21.291
ETH,BUY,1.0000,504495.000,2024-07-14 14:51:05.738
ETH,BUY,1.7604,504595.000,2024-07-14 14:51:05.738
ETH,BUY,0.2396,504601.000,2024-07-14 14:51:05.738
ETH,BUY,0.0177,504678.000,2024-07-14 14:51:10.717
ETH,BUY,1.7800,505000.000,2024-07-14 14:51:22.935
ETH,BUY,0.0997,505000.000,2024-07-14 14:51:25.941
ETH,BUY,0.3000,505000.000,2024-07-14 14:51:26.288
ETH,BUY,0.1000,505000.000,2024-07-14 14:51:26.427
ETH,BUY,0.3758,505000.000,2024-07-14 14:51:26.560
ETH,BUY,0.1000,505000.000,2024-07-14 14:51:27.777
ETH,BUY,0.1000,505000.000,2024-07-14 14:51:28.104
ETH,BUY,0.3562,505000.000,2024-07-14 14:51:28.466
ETH,BUY,0.2000,505000.000,2024-07-14 14:51:29.070
ETH,BUY,0.1000,505000.000,2024-07-14 14:51:29.473
ETH,BUY,0.1000,505000.000,2024-07-14 14:51:29.631
ETH,BUY,1.3883,505000.000,2024-07-14 14:51:30.142
ETH,BUY,0.1000,505730.000,2024-07-14 14:51:30.142
ETH,BUY,0.5117,505738.000,2024-07-14 14:51:30.142
ETH,SELL,0.0422,505976.000,2024-07-14 14:51:37.895
ETH,SELL,0.2000,505976.000,2024-07-14 14:51:39.271
ETH,SELL,0.0300,505875.000,2024-07-14 14:51:41.783
ETH,SELL,0.2000,505871.000,2024-07-14 14:51:42.086
ETH,SELL,0.1997,505871.000,2024-07-14 14:51:42.708
ETH,SELL,0.1000,505363.000,2024-07-14 14:51:44.048
ETH,BUY,1.0000,505092.000,2024-07-14 14:52:09.745
ETH,SELL,0.0190,504994.000,2024-07-14 14:53:09.451
ETH,SELL,0.1810,504650.000,2024-07-14 14:53:09.451
ETH,SELL,0.0464,504650.000,2024-07-14 14:53:14.137
ETH,SELL,0.2726,504650.000,2024-07-14 14:53:16.633
ETH,BUY,0.5000,504123.000,2024-07-14 14:54:04.982
ETH,SELL,0.0100,504865.000,2024-07-14 15:05:49.055
ETH,SELL,0.1600,503640.000,2024-07-14 15:08:43.261
ETH,SELL,1.0000,503629.000,2024-07-14 15:08:43.261
ETH,SELL,0.5200,503618.000,2024-07-14 15:08:43.261
ETH,SELL,0.5100,503616.000,2024-07-14 15:08:43.261
ETH,SELL,0.8042,503614.000,2024-07-14 15:08:43.261
ETH,SELL,0.0058,503411.000,2024-07-14 15:08:43.261
ETH,SELL,0.5000,503500.000,2024-07-14 15:09:56.971
ETH,BUY,0.0100,503449.000,2024-07-14 15:12:50.658
ETH,BUY,0.1000,503984.000,2024-07-14 15:14:18.331
ETH,BUY,0.0500,503683.000,2024-07-14 15:16:58.682
ETH,BUY,0.2000,503228.000,2024-07-14 15:21:01.310
ETH,BUY,1.0000,502993.000,2024-07-14 15:23:42.960
ETH,BUY,0.8042,503080.000,2024-07-14 15:23:42.960
ETH,BUY,0.5962,503159.000,2024-07-14 15:23:42.960
ETH,BUY,0.0958,503237.000,2024-07-14 15:23:43.403
ETH,BUY,0.0574,503229.000,2024-07-14 15:23:57.686
ETH,SELL,0.1571,503228.000,2024-07-14 15:23:57.790
ETH,SELL,0.0420,503228.000,2024-07-14 15:24:00.568
ETH,SELL,0.0807,503228.000,2024-07-14 15:25:00.836
ETH,SELL,0.3425,503229.000,2024-07-14 15:28:20.764
ETH,BUY,0.0300,503556.000,2024-07-14 15:38:33.378
ETH,BUY,1.0000,503633.000,2024-07-14 15:39:39.112
ETH,BUY,1.6825,503722.000,2024-07-14 15:39:39.112
ETH,BUY,0.3175,503724.000,2024-07-14 15:39:39.112
ETH,SELL,0.0100,503673.000,2024-07-14 15:40:54.527
ETH,BUY,0.0100,503396.000,2024-07-14 15:42:24.838
ETH,BUY,0.0700,503404.000,2024-07-14 15:42:24.838
ETH,BUY,0.0100,503405.000,2024-07-14 15:42:27.437
ETH,BUY,1.0000,503932.000,2024-07-14 15:56:14.642
ETH,BUY,0.0100,503999.000,2024-07-14 15:56:45.994
ETH,BUY,0.0100,503950.000,2024-07-14 16:00:29.412
ETH,BUY,0.0100,503953.000,2024-07-14 16:00:31.450
ETH,BUY,0.0152,503944.000,2024-07-14 16:01:10.480
ETH,BUY,0.0148,503949.000,2024-07-14 16:01:10.480
ETH,BUY,0.0152,503947.000,2024-07-14 16:01:12.928
ETH,BUY,0.0500,504219.000,2024-07-14 16:07:37.776
ETH,BUY,0.0500,504218.000,2024-07-14 16:07:45.647
ETH,BUY,0.0100,504238.000,2024-07-14 16:10:56.842
ETH,BUY,0.0100,504281.000,2024-07-14 16:10:58.938
ETH,SELL,0.0120,504250.000,2024-07-14 16:11:19.093
ETH,SELL,0.1000,504230.000,2024-07-14 16:11:19.093
ETH,SELL,0.0800,504060.000,2024-07-14 16:11:19.093
ETH,SELL,0.5000,504000.000,2024-07-14 16:11:19.093
ETH,SELL,0.1000,503810.000,2024-07-14 16:11:19.093
ETH,SELL,0.2000,503810.000,2024-07-14 16:11:19.093
ETH,SELL,1.0000,503809.000,2024-07-14 16:11:19.093
ETH,SELL,0.0080,503527.000,2024-07-14 16:11:19.093
ETH,BUY,0.0200,504340.000,2024-07-14 16:42:22.938
ETH,BUY,0.2000,504592.000,2024-07-14 16:44:52.400
ETH,BUY,0.0380,504687.000,2024-07-14 17:02:24.062
ETH,BUY,0.0100,504724.000,2024-07-14 17:08:32.612
ETH,SELL,0.1000,504067.000,2024-07-14 17:10:11.287
ETH,BUY,0.1500,503407.000,2024-07-14 17:19:29.676
ETH,BUY,0.0400,503415.000,2024-07-14 17:19:29.676
ETH,BUY,0.0100,503578.000,2024-07-14 17:28:55.217
ETH,BUY,0.0897,503816.000,2024-07-14 17:28:56.216
ETH,BUY,0.0100,503600.000,2024-07-14 17:28:58.421
ETH,BUY,0.0100,504062.000,2024-07-14 17:29:31.163
ETH,BUY,0.0100,504154.000,2024-07-14 17:29:33.922
ETH,BUY,0.9697,504538.000,2024-07-14 17:35:44.637
ETH,BUY,0.0100,504062.000,2024-07-14 17:49:16.868
ETH,BUY,0.0100,504145.000,2024-07-14 17:49:20.091
ETH,SELL,0.3000,503406.000,2024-07-14 18:15:28.130
ETH,SELL,0.2000,503228.000,2024-07-14 18:15:28.130
ETH,SELL,0.9500,503262.000,2024-07-14 18:16:11.818
ETH,SELL,0.1000,503254.000,2024-07-14 18:16:13.460
ETH,BUY,0.0599,503326.000,2024-07-14 18:36:52.864
ETH,SELL,0.2800,503510.000,2024-07-14 18:44:16.813
ETH,BUY,0.1600,503625.000,2024-07-14 18:53:29.981
ETH,BUY,0.3125,503629.000,2024-07-14 18:53:29.981
ETH,BUY,1.3859,503678.000,2024-07-14 18:53:29.981
ETH,BUY,0.1416,503689.000,2024-07-14 18:53:29.981
ETH,BUY,0.0200,503786.000,2024-07-14 18:57:53.117
ETH,BUY,0.0418,503758.000,2024-07-14 19:27:26.528
ETH,BUY,0.0100,504136.000,2024-07-14 19:29:45.590
ETH,SELL,0.1000,504068.000,2024-07-14 19:56:01.148
ETH,BUY,0.0320,504044.000,2024-07-14 19:56:07.218
ETH,SELL,0.0100,504520.000,2024-07-14 20:16:02.666
ETH,SELL,0.0100,504545.000,2024-07-14 20:17:43.915
ETH,SELL,0.0376,504599.000,2024-07-14 20:22:10.034
ETH,BUY,0.2280,504687.000,2024-07-14 20:29:35.506
ETH,BUY,0.0999,504756.000,2024-07-14 20:31:46.881
ETH,BUY,0.3000,504756.000,2024-07-14 20:31:47.139
ETH,BUY,0.1000,504756.000,2024-07-14 20:31:47.230
ETH,BUY,0.0626,505000.000,2024-07-14 20:39:15.372
ETH,BUY,0.5000,505000.000,2024-07-14 20:39:15.687
ETH,BUY,0.2000,505000.000,2024-07-14 20:39:15.847
ETH,BUY,0.0638,505000.000,2024-07-14 20:39:16.360
ETH,BUY,0.3700,505000.000,2024-07-14 20:39:16.361
ETH,BUY,0.2000,505000.000,2024-07-14 20:39:16.530
ETH,BUY,0.5000,505000.000,2024-07-14 20:39:17.294
ETH,BUY,0.2000,505000.000,2024-07-14 20:39:18.220
ETH,BUY,1.7800,505000.000,2024-07-14 20:39:18.702
ETH,BUY,1.1236,505000.000,2024-07-14 20:39:18.704
ETH,BUY,0.1000,505743.000,2024-07-14 20:44:58.315
ETH,SELL,0.5000,505884.000,2024-07-14 20:45:51.478
ETH,BUY,0.0100,506300.000,2024-07-14 20:54:49.553
