symbol,side,size,price,timestamp
ETH,BUY,1.0000,507877.000,2024-07-04 21:00:28.815
ETH,SELL,0.5000,507900.000,2024-07-04 21:03:01.611
ETH,BUY,0.0100,507756.000,2024-07-04 21:04:09.745
ETH,SELL,0.1000,507756.000,2024-07-04 21:05:29.095
ETH,BUY,0.1000,507780.000,2024-07-04 21:05:31.350
ETH,BUY,0.0100,507556.000,2024-07-04 21:05:56.311
ETH,BUY,0.0200,507643.000,2024-07-04 21:09:26.665
ETH,BUY,0.0300,508014.000,2024-07-04 21:10:36.943
ETH,BUY,0.0100,508078.000,2024-07-04 21:10:42.858
ETH,BUY,0.3200,508078.000,2024-07-04 21:10:43.087
ETH,BUY,0.4000,508078.000,2024-07-04 21:10:43.121
ETH,BUY,0.0400,508178.000,2024-07-04 21:10:53.137
ETH,BUY,0.3600,508186.000,2024-07-04 21:10:53.137
ETH,BUY,0.0100,507836.000,2024-07-04 21:10:54.796
ETH,BUY,0.9900,507836.000,2024-07-04 21:10:54.835
ETH,BUY,0.5900,507866.000,2024-07-04 21:10:57.828
ETH,BUY,0.4100,507866.000,2024-07-04 21:10:57.993
ETH,BUY,0.3420,508102.000,2024-07-04 21:11:46.671
ETH,BUY,0.0261,508098.000,2024-07-04 21:11:48.668
ETH,BUY,0.0100,508592.000,2024-07-04 21:12:32.931
ETH,BUY,0.0200,508787.000,2024-07-04 21:13:00.481
ETH,BUY,0.0200,508834.000,2024-07-04 21:13:05.103
ETH,BUY,0.3200,508842.000,2024-07-04 21:13:12.149
ETH,BUY,0.2000,508844.000,2024-07-04 21:13:12.506
ETH,BUY,0.4000,509327.000,2024-07-04 21:15:52.099
ETH,BUY,0.3200,509327.000,2024-07-04 21:15:52.100
ETH,BUY,1.5639,509347.000,2024-07-04 21:16:15.611
ETH,BUY,0.4361,509348.000,2024-07-04 21:16:15.611
ETH,BUY,0.5000,509348.000,2024-07-04 21:16:19.464
ETH,SELL,0.0200,508890.000,2024-07-04 21:16:58.721
ETH,BUY,0.0200,508979.000,2024-07-04 21:17:46.544
ETH,BUY,1.0000,509153.000,2024-07-04 21:19:10.603
ETH,BUY,0.3200,509153.000,2024-07-04 21:19:10.784
ETH,BUY,0.0200,509211.000,2024-07-04 21:19:11.477
ETH,BUY,0.3800,509216.000,2024-07-04 21:19:11.477
ETH,BUY,0.0400,509298.000,2024-07-04 21:19:15.225
ETH,BUY,0.3200,509298.000,2024-07-04 21:19:15.309
ETH,BUY,0.4000,509298.000,2024-07-04 21:19:15.499
ETH,BUY,1.0000,509298.000,2024-07-04 21:19:16.260
ETH,BUY,0.2500,509385.000,2024-07-04 21:19:44.670
ETH,BUY,0.1439,509403.000,2024-07-04 21:20:22.162
ETH,BUY,0.1761,509443.000,2024-07-04 21:20:22.162
ETH,BUY,0.1500,509443.000,2024-07-04 21:20:22.221
ETH,BUY,1.0000,509443.000,2024-07-04 21:20:22.508
ETH,BUY,0.0200,509530.000,2024-07-04 21:20:29.429
ETH,BUY,0.0200,509530.000,2024-07-04 21:20:29.507
ETH,BUY,0.0200,509530.000,2024-07-04 21:20:29.566
ETH,BUY,0.0200,509530.000,2024-07-04 21:20:29.641
ETH,BUY,0.0200,509530.000,2024-07-04 21:20:29.715
ETH,BUY,0.0200,509530.000,2024-07-04 21:20:29.773
ETH,BUY,0.2900,509559.000,2024-07-04 21:20:36.266
ETH,BUY,0.4000,509588.000,2024-07-04 21:20:56.100
ETH,BUY,0.0200,509588.000,2024-07-04 21:20:56.358
ETH,BUY,0.5000,509646.000,2024-07-04 21:21:17.884
ETH,BUY,0.3200,509791.000,2024-07-04 21:22:04.075
ETH,BUY,0.4000,509849.000,2024-07-04 21:22:04.564
ETH,BUY,0.1000,509676.000,2024-07-04 21:22:06.427
ETH,BUY,0.1362,509676.000,2024-07-04 21:22:06.734
ETH,BUY,0.0259,509676.000,2024-07-04 21:22:06.929
ETH,BUY,0.0600,509676.000,2024-07-04 21:22:07.154
ETH,BUY,0.5000,509676.000,2024-07-04 21:22:07.805
ETH,BUY,0.1779,509676.000,2024-07-04 21:22:07.852
ETH,BUY,0.1000,510000.000,2024-07-04 21:22:09.087
ETH,BUY,0.5000,510000.000,2024-07-04 21:22:09.152
ETH,BUY,0.5000,509714.000,2024-07-04 21:22:10.689
ETH,BUY,0.5000,509714.000,2024-07-04 21:22:11.001
ETH,BUY,1.0000,509761.000,2024-07-04 21:22:14.105
ETH,BUY,1.0000,509794.000,2024-07-04 21:22:16.308
ETH,BUY,0.2600,509852.000,2024-07-04 21:22:19.976
ETH,BUY,0.1000,509852.000,2024-07-04 21:22:20.174
ETH,BUY,0.0507,509852.000,2024-07-04 21:22:20.312
ETH,BUY,0.5893,509852.000,2024-07-04 21:22:20.446
ETH,BUY,0.3936,509886.000,2024-07-04 21:22:22.579
ETH,BUY,0.1000,509886.000,2024-07-04 21:22:22.654
ETH,BUY,0.3033,509886.000,2024-07-04 21:22:22.724
ETH,BUY,0.2031,509886.000,2024-07-04 21:22:22.876
ETH,BUY,0.4000,510000.000,2024-07-04 21:22:22.915
ETH,BUY,0.4000,510000.000,2024-07-04 21:22:23.294
ETH,BUY,0.0400,510000.000,2024-07-04 21:22:23.632
ETH,BUY,0.2000,510000.000,2024-07-04 21:22:23.634
ETH,BUY,0.3600,510000.000,2024-07-04 21:22:23.646
ETH,BUY,0.1000,510000.000,2024-07-04 21:22:23.646
ETH,BUY,0.0500,510000.000,2024-07-04 21:22:23.646
ETH,BUY,0.0964,510000.000,2024-07-04 21:22:23.646
ETH,BUY,0.1000,510000.000,2024-07-04 21:22:23.750
ETH,BUY,0.0200,510000.000,2024-07-04 21:22:23.798
ETH,BUY,0.5878,510000.000,2024-07-04 21:22:23.903
ETH,BUY,0.1000,510000.000,2024-07-04 21:22:24.457
ETH,BUY,0.1000,510000.000,2024-07-04 21:22:24.458
ETH,BUY,0.5981,510000.000,2024-07-04 21:22:24.534
ETH,BUY,0.3977,510000.000,2024-07-04 21:22:24.536
ETH,BUY,0.1901,510084.000,2024-07-04 21:22:24.536
ETH,BUY,0.3000,510084.000,2024-07-04 21:22:25.093
ETH,BUY,0.2549,510084.000,2024-07-04 21:22:25.549
ETH,BUY,0.2550,510084.000,2024-07-04 21:22:26.327
ETH,BUY,0.0195,510821.000,2024-07-04 21:22:26.369
ETH,BUY,0.4528,510884.000,2024-07-04 21:22:26.610
ETH,BUY,0.0194,510884.000,2024-07-04 21:22:26.656
ETH,BUY,0.8000,510353.000,2024-07-04 21:22:28.288
ETH,BUY,0.2000,510353.000,2024-07-04 21:22:28.789
ETH,BUY,0.4000,510920.000,2024-07-04 21:22:28.789
ETH,BUY,0.0200,510505.000,2024-07-04 21:22:30.806
ETH,BUY,0.0100,510505.000,2024-07-04 21:22:30.808
ETH,BUY,0.4000,510505.000,2024-07-04 21:22:30.838
ETH,BUY,0.5700,510505.000,2024-07-04 21:22:30.846
ETH,BUY,0.4300,510965.000,2024-07-04 21:22:30.846
ETH,BUY,0.0100,510954.000,2024-07-04 21:22:43.681
ETH,BUY,0.5310,510908.000,2024-07-04 21:22:54.737
ETH,BUY,0.4690,510911.000,2024-07-04 21:22:54.737
ETH,BUY,0.2000,510855.000,2024-07-04 21:22:59.486
ETH,SELL,0.0200,510766.000,2024-07-04 21:23:18.865
ETH,BUY,0.1000,510808.000,2024-07-04 21:24:00.519
ETH,BUY,0.1100,510951.000,2024-07-04 21:24:19.896
ETH,BUY,0.1100,511180.000,2024-07-04 21:24:30.648
ETH,BUY,1.0000,510776.000,2024-07-04 21:24:34.132
ETH,BUY,0.0600,511593.000,2024-07-04 21:24:34.452
ETH,BUY,1.0000,510971.000,2024-07-04 21:24:37.784
ETH,BUY,0.0871,511110.000,2024-07-04 21:24:55.345
ETH,BUY,0.4200,511110.000,2024-07-04 21:24:55.503
ETH,BUY,0.4566,511110.000,2024-07-04 21:24:55.504
ETH,BUY,0.0363,511110.000,2024-07-04 21:24:56.234
ETH,BUY,0.0100,511643.000,2024-07-04 21:24:56.234
ETH,BUY,0.8537,511706.000,2024-07-04 21:24:56.234
ETH,BUY,0.0194,511706.000,2024-07-04 21:24:56.359
ETH,BUY,0.0537,511734.000,2024-07-04 21:25:17.859
ETH,BUY,0.0200,511897.000,2024-07-04 21:25:24.878
ETH,SELL,0.0100,511780.000,2024-07-04 21:26:02.430
ETH,BUY,0.5569,511535.000,2024-07-04 21:26:04.705
ETH,BUY,0.4431,511537.000,2024-07-04 21:26:04.705
ETH,BUY,0.2500,510998.000,2024-07-04 21:27:25.483
ETH,BUY,0.0500,510740.000,2024-07-04 21:28:42.209
ETH,BUY,0.0200,510745.000,2024-07-04 21:28:52.253
ETH,BUY,0.2000,510747.000,2024-07-04 21:28:57.942
ETH,SELL,0.0600,510566.000,2024-07-04 21:32:37.280
ETH,SELL,0.5884,510229.000,2024-07-04 21:32:41.224
ETH,SELL,0.3613,510230.000,2024-07-04 21:32:42.648
ETH,BUY,0.0550,510284.000,2024-07-04 21:34:03.137
ETH,BUY,0.5382,510297.000,2024-07-04 21:35:43.400
ETH,BUY,0.4618,510301.000,2024-07-04 21:35:43.400
ETH,SELL,0.3000,510010.000,2024-07-04 21:35:45.806
ETH,BUY,0.4000,510023.000,2024-07-04 21:36:27.113
ETH,BUY,0.2285,510197.000,2024-07-04 21:36:46.835
ETH,BUY,0.0619,510226.000,2024-07-04 21:36:48.974
ETH,BUY,0.0549,510313.000,2024-07-04 21:36:50.596
ETH,BUY,0.0600,510371.000,2024-07-04 21:37:05.451
ETH,BUY,0.0100,510149.000,2024-07-04 21:37:08.099
ETH,BUY,0.0300,510255.000,2024-07-04 21:37:10.545
ETH,BUY,0.0400,510284.000,2024-07-04 21:37:12.104
ETH,BUY,0.0200,510313.000,2024-07-04 21:37:13.572
ETH,BUY,0.0200,510371.000,2024-07-04 21:37:15.492
ETH,BUY,0.0100,510371.000,2024-07-04 21:37:19.528
ETH,BUY,0.1000,510169.000,2024-07-04 21:39:21.519
ETH,BUY,0.0100,510169.000,2024-07-04 21:39:45.468
ETH,BUY,0.0100,510169.000,2024-07-04 21:40:25.971
ETH,BUY,0.1000,510169.000,2024-07-04 21:40:46.217
ETH,SELL,0.1000,510168.000,2024-07-04 21:41:02.927
ETH,SELL,0.2200,510000.000,2024-07-04 21:41:02.927
ETH,BUY,0.4000,510052.000,2024-07-04 21:41:50.144
ETH,BUY,0.0250,510081.000,2024-07-04 21:42:27.672
ETH,BUY,0.4000,510139.000,2024-07-04 21:43:29.510
ETH,BUY,0.6500,510139.000,2024-07-04 21:44:35.030
ETH,BUY,0.2000,510140.000,2024-07-04 21:45:09.626
ETH,BUY,0.2000,510145.000,2024-07-04 21:45:09.626
ETH,BUY,0.1000,510168.000,2024-07-04 21:45:21.827
ETH,BUY,1.0000,510226.000,2024-07-04 21:46:17.059
ETH,BUY,0.0200,510255.000,2024-07-04 21:46:35.510
ETH,BUY,0.1200,510255.000,2024-07-04 21:47:52.105
ETH,BUY,0.1600,510255.000,2024-07-04 21:48:09.282
ETH,SELL,0.1000,510024.000,2024-07-04 21:48:32.996
ETH,BUY,0.4265,510052.000,2024-07-04 21:49:37.743
ETH,BUY,0.4000,510168.000,2024-07-04 21:52:08.863
ETH,BUY,0.0100,510226.000,2024-07-04 21:52:09.661
ETH,BUY,0.1000,510342.000,2024-07-04 21:53:00.642
ETH,BUY,2.1350,510371.000,2024-07-04 21:53:08.584
ETH,BUY,0.3000,510399.000,2024-07-04 21:53:32.989
ETH,BUY,0.0883,510402.000,2024-07-04 21:53:32.989
ETH,BUY,1.6117,510429.000,2024-07-04 21:53:32.989
ETH,SELL,0.3000,510121.000,2024-07-04 21:53:54.609
ETH,BUY,1.1600,510168.000,2024-07-04 21:54:02.386
ETH,BUY,0.1000,510197.000,2024-07-04 21:54:20.589
ETH,BUY,0.0100,510226.000,2024-07-04 21:54:56.679
ETH,BUY,1.0000,510226.000,2024-07-04 21:54:57.447
ETH,BUY,0.3900,510226.000,2024-07-04 21:54:58.341
ETH,BUY,0.3200,510226.000,2024-07-04 21:54:58.357
ETH,BUY,0.2000,510255.000,2024-07-04 21:55:01.187
ETH,BUY,0.4000,510313.000,2024-07-04 21:55:04.771
ETH,BUY,1.0000,510429.000,2024-07-04 21:55:04.886
ETH,BUY,0.1600,510429.000,2024-07-04 21:55:05.299
ETH,BUY,0.1000,510574.000,2024-07-04 21:55:24.808
ETH,BUY,1.0000,510603.000,2024-07-04 21:55:34.272
ETH,BUY,0.4000,510603.000,2024-07-04 21:55:34.483
ETH,BUY,0.0400,510632.000,2024-07-04 21:55:35.656
ETH,BUY,0.2000,510632.000,2024-07-04 21:55:35.739
ETH,BUY,0.0400,510661.000,2024-07-04 21:55:50.104
ETH,BUY,0.4000,510719.000,2024-07-04 21:56:54.133
ETH,BUY,0.2000,510748.000,2024-07-04 21:56:57.189
ETH,BUY,0.0195,510820.000,2024-07-04 21:58:06.623
ETH,BUY,0.4000,510845.000,2024-07-04 21:58:45.096
ETH,BUY,0.2000,510863.000,2024-07-04 21:58:46.671
ETH,BUY,0.4000,510980.000,2024-07-04 21:59:03.181
ETH,BUY,0.2000,511096.000,2024-07-04 21:59:03.989
ETH,BUY,0.4000,511212.000,2024-07-04 21:59:18.604
ETH,BUY,0.2000,511241.000,2024-07-04 21:59:19.644
ETH,BUY,0.0200,511356.000,2024-07-04 22:00:00.455
ETH,SELL,0.0157,511200.000,2024-07-04 22:00:23.888
ETH,BUY,0.0500,511086.000,2024-07-04 22:02:40.274
ETH,BUY,0.0100,511096.000,2024-07-04 22:03:01.260
ETH,BUY,0.0100,511212.000,2024-07-04 22:03:24.517
ETH,BUY,0.8000,511287.000,2024-07-04 22:04:11.798
ETH,BUY,0.0700,511318.000,2024-07-04 22:04:31.438
ETH,BUY,0.0500,511328.000,2024-07-04 22:04:38.096
ETH,BUY,0.0800,511357.000,2024-07-04 22:04:59.553
ETH,BUY,0.2000,511408.000,2024-07-04 22:05:34.750
ETH,BUY,0.0300,511433.000,2024-07-04 22:05:52.672
ETH,BUY,0.0100,511433.000,2024-07-04 22:05:52.744
ETH,BUY,0.0100,511763.000,2024-07-04 22:05:59.997
ETH,BUY,0.1900,511879.000,2024-07-04 22:06:05.707
ETH,BUY,0.2000,511995.000,2024-07-04 22:06:24.858
ETH,BUY,0.0100,512000.000,2024-07-04 22:07:01.867
ETH,BUY,0.0100,512000.000,2024-07-04 22:07:01.867
ETH,BUY,0.0900,512000.000,2024-07-04 22:07:07.375
ETH,BUY,0.0400,512082.000,2024-07-04 22:07:07.375
ETH,SELL,0.2000,512005.000,2024-07-04 22:07:21.182
ETH,SELL,0.3000,512003.000,2024-07-04 22:07:21.182
ETH,BUY,0.0100,512053.000,2024-07-04 22:07:28.715
ETH,BUY,0.4000,512169.000,2024-07-04 22:08:33.450
ETH,SELL,2.0000,512000.000,2024-07-04 22:09:10.489
ETH,SELL,0.4000,511666.000,2024-07-04 22:09:12.993
ETH,SELL,0.1980,511329.000,2024-07-04 22:09:12.993
ETH,BUY,0.2000,511386.000,2024-07-04 22:09:15.745
ETH,BUY,0.2000,511415.000,2024-07-04 22:10:06.176
ETH,BUY,1.0000,511245.000,2024-07-04 22:12:53.187
ETH,BUY,0.0100,511253.000,2024-07-04 22:13:21.780
ETH,BUY,0.0400,511260.000,2024-07-04 22:13:39.269
ETH,SELL,1.0000,511266.000,2024-07-04 22:13:45.635
ETH,BUY,0.1000,511266.000,2024-07-04 22:13:47.925
ETH,BUY,0.0760,511241.000,2024-07-04 22:14:25.202
ETH,SELL,0.2930,511250.000,2024-07-04 22:14:25.888
ETH,SELL,0.0121,511000.000,2024-07-04 22:15:14.900
ETH,SELL,0.0244,511000.000,2024-07-04 22:15:25.923
ETH,SELL,0.0035,511000.000,2024-07-04 22:17:45.098
ETH,SELL,0.0065,510453.000,2024-07-04 22:17:45.098
ETH,SELL,0.0100,510501.000,2024-07-04 22:18:00.210
ETH,BUY,0.2000,510515.000,2024-07-04 22:19:27.841
ETH,BUY,3.8000,510516.000,2024-07-04 22:19:27.841
ETH,SELL,0.0128,510314.000,2024-07-04 22:20:14.960
ETH,SELL,0.0115,510000.000,2024-07-04 22:21:09.330
ETH,SELL,0.0102,510000.000,2024-07-04 22:21:09.957
ETH,SELL,0.7583,510000.000,2024-07-04 22:21:11.221
ETH,SELL,0.0100,510000.000,2024-07-04 22:21:11.221
ETH,SELL,0.2000,510000.000,2024-07-04 22:21:11.221
ETH,SELL,0.3920,510000.000,2024-07-04 22:21:11.221
ETH,SELL,0.1970,510000.000,2024-07-04 22:21:11.221
ETH,SELL,0.4000,509792.000,2024-07-04 22:21:46.804
ETH,BUY,0.0500,509849.000,2024-07-04 22:22:20.185
ETH,SELL,0.0200,509646.000,2024-07-04 22:22:48.231
ETH,BUY,0.2000,509635.000,2024-07-04 22:23:07.011
ETH,BUY,0.4000,509638.000,2024-07-04 22:23:07.011
ETH,BUY,0.0229,509639.000,2024-07-04 22:23:07.011
ETH,SELL,2.0000,509646.000,2024-07-04 22:23:09.887
ETH,SELL,0.1144,509646.000,2024-07-04 22:23:10.295
ETH,SELL,0.2627,509646.000,2024-07-04 22:23:11.380
ETH,BUY,0.0200,509670.000,2024-07-04 22:24:05.599
ETH,BUY,0.0981,509670.000,2024-07-04 22:24:24.048
ETH,BUY,0.1000,509656.000,2024-07-04 22:24:24.947
ETH,BUY,0.3819,509670.000,2024-07-04 22:24:24.947
ETH,BUY,0.5181,509733.000,2024-07-04 22:24:24.947
ETH,BUY,0.0100,509533.000,2024-07-04 22:24:32.937
ETH,SELL,0.0100,508574.000,2024-07-04 22:26:35.317
ETH,SELL,0.0400,508445.000,2024-07-04 22:26:35.317
ETH,SELL,0.1600,508445.000,2024-07-04 22:26:35.408
ETH,SELL,0.4142,508442.000,2024-07-04 22:26:35.408
ETH,BUY,1.0000,508457.000,2024-07-04 22:26:51.555
ETH,BUY,0.1000,508486.000,2024-07-04 22:26:53.866
ETH,BUY,0.2000,508515.000,2024-07-04 22:26:56.725
ETH,SELL,0.8400,508519.000,2024-07-04 22:27:24.623
ETH,BUY,2.0000,508573.000,2024-07-04 22:27:31.890
ETH,BUY,0.3400,508631.000,2024-07-04 22:27:44.133
ETH,BUY,0.1000,508631.000,2024-07-04 22:27:44.145
ETH,BUY,0.8700,508631.000,2024-07-04 22:27:44.306
ETH,BUY,0.1300,508718.000,2024-07-04 22:27:44.306
ETH,BUY,0.0400,508738.000,2024-07-04 22:28:28.856
ETH,BUY,0.0200,508774.000,2024-07-04 22:28:34.913
ETH,BUY,0.0100,508764.000,2024-07-04 22:28:55.266
ETH,SELL,0.0100,507765.000,2024-07-04 22:32:15.101
ETH,BUY,0.0100,507789.000,2024-07-04 22:32:25.413
ETH,SELL,0.0400,507553.000,2024-07-04 22:34:49.673
ETH,SELL,0.0700,507213.000,2024-07-04 22:35:15.565
ETH,SELL,0.9300,507197.000,2024-07-04 22:35:15.565
ETH,BUY,0.0196,507268.000,2024-07-04 22:35:55.125
ETH,SELL,1.0000,507204.000,2024-07-04 22:36:02.745
ETH,BUY,0.0200,507238.000,2024-07-04 22:36:17.980
ETH,BUY,0.0148,507213.000,2024-07-04 22:37:02.032
ETH,BUY,0.0600,507113.000,2024-07-04 22:37:19.009
ETH,SELL,0.1000,507062.000,2024-07-04 22:37:58.032
ETH,SELL,0.0650,507056.000,2024-07-04 22:38:02.593
ETH,BUY,0.0100,507010.000,2024-07-04 22:38:27.031
ETH,SELL,0.0100,507000.000,2024-07-04 22:38:42.610
ETH,SELL,0.2000,507000.000,2024-07-04 22:38:42.610
ETH,BUY,0.0200,506783.000,2024-07-04 22:38:50.446
ETH,BUY,0.0200,506784.000,2024-07-04 22:38:51.785
ETH,BUY,0.0100,506862.000,2024-07-04 22:39:05.267
ETH,BUY,0.0200,506891.000,2024-07-04 22:39:16.448
ETH,SELL,0.0380,506723.000,2024-07-04 22:40:25.695
ETH,BUY,0.0180,506833.000,2024-07-04 22:41:30.747
ETH,SELL,0.1000,506774.000,2024-07-04 22:41:39.593
ETH,BUY,0.3200,506833.000,2024-07-04 22:42:06.821
ETH,BUY,0.4000,506833.000,2024-07-04 22:42:07.065
ETH,BUY,0.9820,506833.000,2024-07-04 22:42:07.260
ETH,BUY,0.2000,506920.000,2024-07-04 22:42:08.282
ETH,BUY,0.0100,506949.000,2024-07-04 22:42:25.045
ETH,BUY,4.0000,507007.000,2024-07-04 22:43:08.549
ETH,BUY,0.9000,507094.000,2024-07-04 22:43:17.974
ETH,BUY,0.0500,507094.000,2024-07-04 22:43:18.102
ETH,BUY,0.1000,507152.000,2024-07-04 22:43:19.227
ETH,BUY,0.3200,507152.000,2024-07-04 22:43:19.256
ETH,BUY,0.2000,507181.000,2024-07-04 22:43:22.896
ETH,BUY,0.0100,507210.000,2024-07-04 22:43:59.266
ETH,SELL,0.2000,506601.000,2024-07-04 22:47:39.278
ETH,SELL,0.0100,506600.000,2024-07-04 22:47:39.278
ETH,SELL,0.1000,506600.000,2024-07-04 22:47:39.278
ETH,BUY,0.1600,506610.000,2024-07-04 22:49:00.714
ETH,BUY,0.0100,506607.000,2024-07-04 22:51:14.213
ETH,SELL,0.1180,506097.000,2024-07-04 22:51:32.659
ETH,BUY,0.0100,506166.000,2024-07-04 22:52:06.414
ETH,SELL,0.2000,506128.000,2024-07-04 22:52:18.385
ETH,SELL,0.0390,506000.000,2024-07-04 22:53:35.052
ETH,SELL,0.4610,506000.000,2024-07-04 22:53:35.052
ETH,BUY,0.2320,506050.000,2024-07-04 22:57:18.253
ETH,SELL,0.0390,506000.000,2024-07-04 22:58:46.609
ETH,BUY,0.0900,506000.000,2024-07-04 22:59:26.517
ETH,BUY,0.0100,505999.000,2024-07-04 22:59:37.988
ETH,SELL,0.0100,505888.000,2024-07-04 23:00:29.357
ETH,SELL,0.0198,505819.000,2024-07-04 23:00:57.306
ETH,SELL,0.0100,505522.000,2024-07-04 23:01:34.881
ETH,SELL,0.0818,505000.000,2024-07-04 23:02:49.132
ETH,SELL,0.0182,505000.000,2024-07-04 23:02:49.418
ETH,SELL,0.0100,505000.000,2024-07-04 23:02:49.418
ETH,SELL,0.0200,505000.000,2024-07-04 23:02:49.418
ETH,SELL,0.0518,504598.000,2024-07-04 23:02:49.418
ETH,SELL,0.0482,504598.000,2024-07-04 23:02:50.698
ETH,SELL,0.1000,504024.000,2024-07-04 23:02:51.450
ETH,SELL,1.0000,504024.000,2024-07-04 23:02:51.590
ETH,BUY,0.0198,504078.000,2024-07-04 23:02:55.179
ETH,BUY,0.4000,504107.000,2024-07-04 23:03:03.135
ETH,BUY,0.2000,504165.000,2024-07-04 23:03:04.313
ETH,BUY,0.3200,504165.000,2024-07-04 23:03:04.456
ETH,BUY,0.0198,504165.000,2024-07-04 23:03:05.116
ETH,BUY,0.0200,504252.000,2024-07-04 23:03:43.287
ETH,BUY,0.0700,504252.000,2024-07-04 23:03:44.127
ETH,BUY,0.0200,504339.000,2024-07-04 23:03:45.288
ETH,BUY,0.2000,504368.000,2024-07-04 23:05:14.945
ETH,BUY,0.0200,504368.000,2024-07-04 23:05:15.383
ETH,SELL,0.0700,504001.000,2024-07-04 23:06:38.795
ETH,SELL,0.0100,504000.000,2024-07-04 23:06:48.963
ETH,SELL,0.0600,504000.000,2024-07-04 23:06:48.963
ETH,SELL,0.1400,504000.000,2024-07-04 23:06:49.014
ETH,SELL,1.0000,503218.000,2024-07-04 23:06:49.014
ETH,SELL,0.1000,502901.000,2024-07-04 23:06:49.014
ETH,SELL,0.5965,502899.000,2024-07-04 23:06:49.014
ETH,SELL,0.0100,502800.000,2024-07-04 23:06:49.014
ETH,SELL,0.1535,502725.000,2024-07-04 23:06:49.014
ETH,SELL,0.1000,502803.000,2024-07-04 23:06:51.267
ETH,BUY,0.6900,503063.000,2024-07-04 23:06:51.321
ETH,BUY,1.3500,503063.000,2024-07-04 23:06:51.372
ETH,BUY,0.0100,503092.000,2024-07-04 23:06:52.626
ETH,BUY,0.0198,503150.000,2024-07-04 23:06:55.132
ETH,BUY,0.3110,503198.000,2024-07-04 23:07:08.161
ETH,BUY,0.0320,503294.000,2024-07-04 23:07:10.929
ETH,SELL,0.0320,503051.000,2024-07-04 23:07:33.982
ETH,SELL,0.1684,503050.000,2024-07-04 23:07:33.982
ETH,BUY,0.3200,503382.000,2024-07-04 23:07:38.386
ETH,BUY,0.0198,503614.000,2024-07-04 23:07:55.158
ETH,BUY,1.0000,503875.000,2024-07-04 23:08:00.847
ETH,BUY,0.3200,503875.000,2024-07-04 23:08:01.100
ETH,BUY,0.4000,503991.000,2024-07-04 23:08:01.591
ETH,BUY,0.2000,504049.000,2024-07-04 23:08:02.944
ETH,BUY,0.1932,504078.000,2024-07-04 23:08:04.181
ETH,BUY,0.1400,503452.000,2024-07-04 23:08:38.742
ETH,BUY,0.1000,503452.000,2024-07-04 23:08:40.077
ETH,BUY,0.7000,503452.000,2024-07-04 23:08:40.462
ETH,BUY,0.0600,503452.000,2024-07-04 23:08:40.516
ETH,BUY,0.5000,503561.000,2024-07-04 23:08:41.506
ETH,BUY,0.2000,503636.000,2024-07-04 23:08:43.788
ETH,BUY,0.0400,503636.000,2024-07-04 23:08:44.140
ETH,BUY,0.4000,503636.000,2024-07-04 23:08:44.525
ETH,SELL,0.1100,503990.000,2024-07-04 23:09:54.622
ETH,SELL,0.2000,503983.000,2024-07-04 23:09:54.622
ETH,BUY,0.0459,503650.000,2024-07-04 23:10:00.472
ETH,BUY,0.0001,503650.000,2024-07-04 23:10:04.078
ETH,BUY,0.0199,504281.000,2024-07-04 23:10:04.078
ETH,BUY,0.4000,504281.000,2024-07-04 23:10:04.152
ETH,BUY,0.2000,503771.000,2024-07-04 23:10:05.886
ETH,BUY,0.0441,503771.000,2024-07-04 23:10:06.091
ETH,BUY,0.0250,503796.000,2024-07-04 23:10:11.636
ETH,BUY,0.1000,503796.000,2024-07-04 23:10:12.129
ETH,BUY,0.1000,503796.000,2024-07-04 23:10:13.135
ETH,BUY,0.5000,503796.000,2024-07-04 23:10:13.293
ETH,BUY,0.1000,503791.000,2024-07-04 23:10:39.321
ETH,BUY,0.1000,503791.000,2024-07-04 23:10:39.826
ETH,BUY,0.1000,503791.000,2024-07-04 23:10:39.964
ETH,BUY,0.2000,504136.000,2024-07-04 23:11:37.665
ETH,BUY,0.0500,504221.000,2024-07-04 23:12:10.355
ETH,BUY,0.0400,504281.000,2024-07-04 23:12:30.255
ETH,BUY,0.0100,504335.000,2024-07-04 23:12:36.083
ETH,BUY,0.0100,504376.000,2024-07-04 23:12:45.895
ETH,BUY,0.0100,504336.000,2024-07-04 23:14:01.495
ETH,BUY,0.4000,504444.000,2024-07-04 23:14:10.129
ETH,BUY,0.9996,504444.000,2024-07-04 23:14:10.132
ETH,BUY,0.2000,504452.000,2024-07-04 23:14:11.250
ETH,SELL,1.0000,503319.000,2024-07-04 23:16:14.841
ETH,BUY,0.0196,503316.000,2024-07-04 23:16:15.400
ETH,BUY,0.0197,502568.000,2024-07-04 23:16:35.163
ETH,BUY,0.0197,502546.000,2024-07-04 23:16:45.142
ETH,BUY,0.0197,502539.000,2024-07-04 23:16:55.534
ETH,SELL,0.0100,502500.000,2024-07-04 23:16:55.839
ETH,BUY,0.4000,502536.000,2024-07-04 23:16:58.617
ETH,BUY,0.1394,502626.000,2024-07-04 23:17:01.006
ETH,BUY,0.0606,502627.000,2024-07-04 23:17:01.006
ETH,BUY,0.0196,502657.000,2024-07-04 23:17:05.166
ETH,BUY,0.0196,502784.000,2024-07-04 23:17:15.246
ETH,BUY,0.0100,502784.000,2024-07-04 23:17:15.713
ETH,BUY,0.0100,502820.000,2024-07-04 23:17:18.413
ETH,BUY,0.0240,502747.000,2024-07-04 23:17:23.263
ETH,BUY,0.4000,502737.000,2024-07-04 23:18:07.302
ETH,BUY,0.2000,502744.000,2024-07-04 23:18:11.034
ETH,BUY,0.0300,502641.000,2024-07-04 23:18:25.116
ETH,BUY,0.0100,502642.000,2024-07-04 23:18:26.556
ETH,BUY,1.0000,502641.000,2024-07-04 23:18:28.456
ETH,BUY,0.0406,502772.000,2024-07-04 23:18:54.531
ETH,BUY,0.1000,502772.000,2024-07-04 23:18:54.531
ETH,BUY,0.2594,502773.000,2024-07-04 23:18:54.531
ETH,BUY,0.2000,502800.000,2024-07-04 23:18:55.691
ETH,BUY,0.1600,502836.000,2024-07-04 23:19:04.826
ETH,BUY,0.8400,502860.000,2024-07-04 23:19:04.826
ETH,BUY,0.1000,502786.000,2024-07-04 23:19:28.932
ETH,BUY,0.0200,502831.000,2024-07-04 23:19:36.520
ETH,BUY,0.4000,503092.000,2024-07-04 23:20:23.987
ETH,SELL,0.1600,503105.000,2024-07-04 23:21:38.327
ETH,SELL,0.1722,503105.000,2024-07-04 23:21:38.842
ETH,SELL,0.0658,503105.000,2024-07-04 23:21:39.002
ETH,SELL,0.1600,502500.000,2024-07-04 23:21:39.002
ETH,SELL,0.0300,502500.000,2024-07-04 23:21:43.917
ETH,SELL,0.0100,502489.000,2024-07-04 23:21:43.917
ETH,SELL,0.0600,502001.000,2024-07-04 23:21:43.917
ETH,BUY,0.2000,502048.000,2024-07-04 23:22:00.513
ETH,BUY,0.0197,502163.000,2024-07-04 23:22:05.321
ETH,BUY,0.4000,502396.000,2024-07-04 23:22:17.512
ETH,BUY,0.2000,502396.000,2024-07-04 23:22:18.048
ETH,SELL,0.0100,502000.000,2024-07-04 23:23:02.510
ETH,SELL,0.0100,502000.000,2024-07-04 23:23:02.510
ETH,SELL,0.0800,502000.000,2024-07-04 23:23:02.510
ETH,SELL,0.1200,502000.000,2024-07-04 23:23:02.564
ETH,SELL,1.0000,501718.000,2024-07-04 23:23:02.564
ETH,SELL,0.0370,501700.000,2024-07-04 23:23:02.564
ETH,SELL,0.0150,501500.000,2024-07-04 23:23:02.564
ETH,SELL,0.1000,501500.000,2024-07-04 23:23:02.564
ETH,SELL,0.0465,501315.000,2024-07-04 23:23:02.564
ETH,SELL,0.0100,501200.000,2024-07-04 23:23:02.564
ETH,SELL,0.6715,501109.000,2024-07-04 23:23:02.564
ETH,SELL,0.1000,501110.000,2024-07-04 23:23:03.043
ETH,BUY,0.0100,501265.000,2024-07-04 23:23:15.883
ETH,BUY,0.2000,501669.000,2024-07-04 23:24:09.505
ETH,BUY,0.1600,501463.000,2024-07-04 23:24:12.163
ETH,BUY,0.8400,501463.000,2024-07-04 23:24:12.776
ETH,BUY,0.0100,502164.000,2024-07-04 23:24:24.100
ETH,BUY,0.0100,502192.000,2024-07-04 23:24:26.329
ETH,BUY,0.8500,501363.000,2024-07-04 23:25:21.566
ETH,BUY,0.1500,501363.000,2024-07-04 23:25:21.711
ETH,SELL,0.2000,501376.000,2024-07-04 23:25:25.600
ETH,BUY,0.0100,501816.000,2024-07-04 23:25:27.228
ETH,BUY,0.9100,501767.000,2024-07-04 23:25:51.196
ETH,BUY,0.6703,501791.000,2024-07-04 23:25:51.196
ETH,SELL,1.4197,501816.000,2024-07-04 23:26:15.936
ETH,SELL,0.9466,501694.000,2024-07-04 23:26:15.936
ETH,SELL,1.0000,501481.000,2024-07-04 23:26:15.936
ETH,SELL,0.5984,501296.000,2024-07-04 23:26:15.936
ETH,SELL,0.0353,501227.000,2024-07-04 23:26:15.936
ETH,BUY,1.0000,501239.000,2024-07-04 23:26:18.634
ETH,BUY,0.1900,501610.000,2024-07-04 23:26:27.897
ETH,BUY,0.8100,501613.000,2024-07-04 23:26:27.897
ETH,BUY,0.0200,501810.000,2024-07-04 23:26:39.481
ETH,BUY,0.0100,501845.000,2024-07-04 23:26:41.107
ETH,BUY,0.0100,501819.000,2024-07-04 23:26:46.096
ETH,BUY,0.0820,501461.000,2024-07-04 23:27:40.220
ETH,BUY,0.2000,501555.000,2024-07-04 23:28:00.959
ETH,SELL,0.0100,501351.000,2024-07-04 23:29:10.764
ETH,SELL,0.0900,500839.000,2024-07-04 23:29:10.764
ETH,SELL,0.1000,501163.000,2024-07-04 23:29:36.067
ETH,BUY,0.0100,501468.000,2024-07-04 23:29:39.190
ETH,BUY,0.0233,501047.000,2024-07-04 23:30:19.967
ETH,BUY,0.0500,501466.000,2024-07-04 23:31:06.788
ETH,BUY,0.0197,500810.000,2024-07-04 23:32:05.188
ETH,BUY,0.5600,501319.000,2024-07-04 23:32:08.286
ETH,BUY,0.0249,500971.000,2024-07-04 23:32:09.822
ETH,BUY,0.0197,501015.000,2024-07-04 23:32:15.173
ETH,BUY,0.0100,501119.000,2024-07-04 23:32:18.354
ETH,BUY,0.4000,501119.000,2024-07-04 23:32:18.448
ETH,BUY,0.2000,501119.000,2024-07-04 23:32:19.841
ETH,BUY,0.0197,501481.000,2024-07-04 23:32:25.262
ETH,BUY,0.4000,501524.000,2024-07-04 23:32:41.967
ETH,BUY,0.3087,501551.000,2024-07-04 23:32:52.140
ETH,BUY,0.1934,501575.000,2024-07-04 23:33:10.430
ETH,BUY,0.0609,501577.000,2024-07-04 23:33:12.508
ETH,BUY,0.0500,501309.000,2024-07-04 23:33:23.121
ETH,BUY,0.0100,501328.000,2024-07-04 23:33:29.287
ETH,BUY,0.0200,500499.000,2024-07-04 23:34:45.631
ETH,SELL,0.1000,500480.000,2024-07-04 23:34:55.589
ETH,SELL,0.1000,500480.000,2024-07-04 23:34:56.089
ETH,SELL,0.3000,500480.000,2024-07-04 23:34:56.278
ETH,BUY,0.0200,500053.000,2024-07-04 23:35:14.623
ETH,SELL,0.2000,500005.000,2024-07-04 23:35:15.914
ETH,BUY,0.0200,500058.000,2024-07-04 23:35:18.177
ETH,BUY,0.0130,500124.000,2024-07-04 23:35:22.509
ETH,BUY,0.0200,500212.000,2024-07-04 23:35:47.798
ETH,BUY,0.0100,500529.000,2024-07-04 23:36:07.743
ETH,BUY,0.5000,500529.000,2024-07-04 23:36:08.406
ETH,BUY,0.5000,500369.000,2024-07-04 23:36:09.425
ETH,BUY,0.0600,500369.000,2024-07-04 23:36:10.420
ETH,BUY,0.4400,500369.000,2024-07-04 23:36:10.646
ETH,BUY,0.6002,500529.000,2024-07-04 23:36:10.933
ETH,BUY,0.5989,500529.000,2024-07-04 23:36:10.947
ETH,BUY,1.0000,500443.000,2024-07-04 23:36:12.331
ETH,SELL,0.2000,500455.000,2024-07-04 23:36:16.614
ETH,SELL,0.4001,500452.000,2024-07-04 23:36:16.614
ETH,SELL,0.2000,500000.000,2024-07-04 23:37:13.582
ETH,SELL,0.0100,500000.000,2024-07-04 23:37:13.582
ETH,SELL,0.0200,500000.000,2024-07-04 23:37:13.582
ETH,SELL,1.0000,500000.000,2024-07-04 23:37:13.582
ETH,SELL,0.0200,500000.000,2024-07-04 23:37:13.582
ETH,SELL,0.0400,500000.000,2024-07-04 23:37:13.582
ETH,SELL,0.3400,500000.000,2024-07-04 23:37:13.582
ETH,BUY,0.0100,500009.000,2024-07-04 23:37:23.417
ETH,BUY,0.3901,500009.000,2024-07-04 23:37:23.776
ETH,BUY,0.0600,500131.000,2024-07-04 23:37:23.776
ETH,BUY,0.5499,500133.000,2024-07-04 23:37:23.776
ETH,BUY,0.0199,500275.000,2024-07-04 23:37:25.156
ETH,BUY,0.1801,500275.000,2024-07-04 23:37:25.405
ETH,BUY,0.2099,500279.000,2024-07-04 23:37:25.405
ETH,BUY,0.0100,500337.000,2024-07-04 23:37:26.287
ETH,BUY,0.7737,500330.000,2024-07-04 23:37:35.751
ETH,BUY,1.0000,500330.000,2024-07-04 23:37:35.751
ETH,BUY,0.1000,500332.000,2024-07-04 23:37:35.751
ETH,SELL,0.0784,500337.000,2024-07-04 23:37:39.524
ETH,BUY,0.0110,500339.000,2024-07-04 23:37:41.537
ETH,SELL,0.0195,500337.000,2024-07-04 23:37:41.799
ETH,SELL,0.0284,500337.000,2024-07-04 23:37:43.864
ETH,SELL,0.1600,500000.000,2024-07-04 23:38:36.591
ETH,SELL,0.0100,500000.000,2024-07-04 23:38:36.591
ETH,SELL,0.0100,500000.000,2024-07-04 23:38:36.591
ETH,SELL,0.0200,500000.000,2024-07-04 23:38:36.591
ETH,BUY,0.1400,500035.000,2024-07-04 23:39:02.472
ETH,BUY,0.0100,500104.000,2024-07-04 23:39:04.341
ETH,SELL,0.2650,500000.000,2024-07-04 23:39:47.508
ETH,SELL,0.1000,500000.000,2024-07-04 23:39:47.508
ETH,SELL,0.1755,500000.000,2024-07-04 23:39:47.508
ETH,SELL,0.0245,500000.000,2024-07-04 23:39:47.841
ETH,SELL,0.0755,500000.000,2024-07-04 23:39:47.841
ETH,SELL,0.2000,500000.000,2024-07-04 23:39:48.199
ETH,SELL,0.0500,500000.000,2024-07-04 23:39:48.260
ETH,SELL,0.1600,500000.000,2024-07-04 23:39:48.424
ETH,SELL,0.0145,500000.000,2024-07-04 23:39:48.430
ETH,SELL,0.1000,500000.000,2024-07-04 23:39:48.430
ETH,SELL,0.0100,500000.000,2024-07-04 23:39:48.430
ETH,SELL,0.0100,500000.000,2024-07-04 23:39:48.430
ETH,SELL,0.3655,500000.000,2024-07-04 23:39:48.430
ETH,SELL,0.0523,500000.000,2024-07-04 23:39:48.551
ETH,SELL,0.2000,500000.000,2024-07-04 23:39:48.995
ETH,SELL,0.5000,500000.000,2024-07-04 23:39:49.102
ETH,SELL,0.8822,500000.000,2024-07-04 23:39:49.249
ETH,SELL,0.1000,500000.000,2024-07-04 23:39:49.249
ETH,SELL,0.1000,500000.000,2024-07-04 23:39:49.249
ETH,SELL,0.2500,500000.000,2024-07-04 23:39:49.249
ETH,SELL,0.2000,500000.000,2024-07-04 23:39:49.249
ETH,SELL,0.0100,500000.000,2024-07-04 23:39:49.249
ETH,SELL,0.0500,500000.000,2024-07-04 23:39:49.249
ETH,SELL,0.0100,500000.000,2024-07-04 23:39:49.249
ETH,SELL,0.0100,500000.000,2024-07-04 23:39:49.249
ETH,SELL,0.0200,499800.000,2024-07-04 23:39:49.935
ETH,SELL,0.0100,499474.000,2024-07-04 23:39:49.935
ETH,SELL,1.0000,499201.000,2024-07-04 23:39:49.935
ETH,SELL,0.0400,499200.000,2024-07-04 23:39:49.935
ETH,SELL,0.0300,499196.000,2024-07-04 23:39:49.935
ETH,SELL,0.0100,499196.000,2024-07-04 23:39:49.998
ETH,SELL,0.0200,499000.000,2024-07-04 23:39:49.998
ETH,SELL,0.9300,498986.000,2024-07-04 23:39:49.998
ETH,SELL,0.0100,498850.000,2024-07-04 23:39:49.998
ETH,SELL,0.0100,498697.000,2024-07-04 23:39:49.998
ETH,SELL,1.0000,498697.000,2024-07-04 23:39:49.998
ETH,SELL,0.0200,498436.000,2024-07-04 23:39:49.998
ETH,BUY,0.0198,499119.000,2024-07-04 23:39:55.181
ETH,BUY,0.0199,499177.000,2024-07-04 23:40:05.442
ETH,SELL,0.7000,498673.000,2024-07-04 23:40:09.981
ETH,BUY,0.0200,498799.000,2024-07-04 23:40:15.293
ETH,BUY,1.0000,499147.000,2024-07-04 23:40:26.205
ETH,BUY,0.4000,499351.000,2024-07-04 23:40:27.131
ETH,BUY,0.0100,499438.000,2024-07-04 23:40:28.022
ETH,BUY,1.0000,498784.000,2024-07-04 23:40:31.210
ETH,SELL,0.0700,498596.000,2024-07-04 23:40:42.938
ETH,SELL,0.0400,498383.000,2024-07-04 23:40:44.667
ETH,SELL,0.1335,498001.000,2024-07-04 23:40:44.667
ETH,SELL,0.2808,498001.000,2024-07-04 23:40:44.822
ETH,BUY,0.5000,498043.000,2024-07-04 23:40:59.112
ETH,SELL,0.0100,498000.000,2024-07-04 23:41:05.807
ETH,SELL,0.1000,498000.000,2024-07-04 23:41:05.807
ETH,SELL,0.4927,498000.000,2024-07-04 23:41:05.807
ETH,SELL,2.0000,498000.000,2024-07-04 23:41:05.864
ETH,SELL,1.0000,498000.000,2024-07-04 23:41:06.484
ETH,SELL,0.0073,498000.000,2024-07-04 23:41:06.544
ETH,SELL,0.0130,498000.000,2024-07-04 23:41:06.544
ETH,SELL,0.0120,498000.000,2024-07-04 23:41:06.544
ETH,SELL,0.1000,497381.000,2024-07-04 23:41:09.744
ETH,BUY,1.0000,497408.000,2024-07-04 23:41:14.761
ETH,BUY,0.0200,497474.000,2024-07-04 23:41:15.413
ETH,SELL,0.0200,497379.000,2024-07-04 23:41:25.496
ETH,SELL,0.9800,497379.000,2024-07-04 23:41:25.496
ETH,BUY,0.2000,497405.000,2024-07-04 23:41:26.094
ETH,SELL,0.7200,497379.000,2024-07-04 23:41:26.315
ETH,SELL,0.0100,497271.000,2024-07-04 23:41:26.836
ETH,SELL,0.0100,497261.000,2024-07-04 23:41:26.836
ETH,SELL,0.0100,497245.000,2024-07-04 23:41:26.836
ETH,SELL,0.0100,497192.000,2024-07-04 23:41:26.836
ETH,SELL,0.0100,497104.000,2024-07-04 23:41:26.836
ETH,SELL,0.0186,497000.000,2024-07-04 23:41:28.123
ETH,SELL,0.0314,497000.000,2024-07-04 23:41:28.220
ETH,SELL,0.0100,497000.000,2024-07-04 23:41:28.220
ETH,SELL,0.0242,497000.000,2024-07-04 23:41:28.220
ETH,SELL,0.0300,497000.000,2024-07-04 23:41:28.220
ETH,SELL,0.0100,497000.000,2024-07-04 23:41:28.220
ETH,SELL,0.0100,496980.000,2024-07-04 23:41:28.220
ETH,SELL,0.0500,496969.000,2024-07-04 23:41:28.220
ETH,SELL,0.0100,496800.000,2024-07-04 23:41:28.220
ETH,SELL,0.0100,496787.000,2024-07-04 23:41:28.220
ETH,SELL,0.0100,496726.000,2024-07-04 23:41:28.220
ETH,SELL,0.0100,496702.000,2024-07-04 23:41:28.220
ETH,SELL,0.1118,496666.000,2024-07-04 23:41:28.220
ETH,SELL,0.6000,496666.000,2024-07-04 23:41:28.220
ETH,SELL,0.0100,496665.000,2024-07-04 23:41:28.220
ETH,SELL,1.0000,496618.000,2024-07-04 23:41:28.220
ETH,SELL,0.0470,496617.000,2024-07-04 23:41:28.220
ETH,SELL,0.0100,496531.000,2024-07-04 23:41:28.220
ETH,SELL,0.4000,496367.000,2024-07-04 23:41:28.220
ETH,SELL,0.0100,496277.000,2024-07-04 23:41:28.220
ETH,SELL,0.0100,496230.000,2024-07-04 23:41:28.220
ETH,SELL,0.5956,496006.000,2024-07-04 23:41:28.220
ETH,SELL,1.2044,496006.000,2024-07-04 23:41:28.231
ETH,SELL,0.2000,496005.000,2024-07-04 23:41:28.231
ETH,SELL,0.0600,496000.000,2024-07-04 23:41:28.231
ETH,SELL,0.5356,496000.000,2024-07-04 23:41:28.231
ETH,SELL,0.1454,496000.000,2024-07-04 23:41:28.233
ETH,SELL,0.0046,496000.000,2024-07-04 23:41:28.233
ETH,SELL,0.0154,496000.000,2024-07-04 23:41:28.408
ETH,SELL,0.0200,496000.000,2024-07-04 23:41:28.408
ETH,SELL,0.0120,496000.000,2024-07-04 23:41:28.408
ETH,SELL,0.6048,495951.000,2024-07-04 23:41:28.408
ETH,SELL,1.0000,495918.000,2024-07-04 23:41:28.408
ETH,SELL,0.0100,495777.000,2024-07-04 23:41:28.408
ETH,SELL,0.3378,495749.000,2024-07-04 23:41:28.408
ETH,BUY,0.1600,496021.000,2024-07-04 23:41:30.927
ETH,BUY,0.1000,496021.000,2024-07-04 23:41:31.681
ETH,BUY,0.7400,496021.000,2024-07-04 23:41:31.754
ETH,BUY,1.0000,496768.000,2024-07-04 23:41:31.989
ETH,BUY,0.4032,496768.000,2024-07-04 23:41:32.390
ETH,BUY,0.3968,496623.000,2024-07-04 23:41:32.583
ETH,BUY,1.0000,496769.000,2024-07-04 23:41:32.658
ETH,BUY,0.0100,496283.000,2024-07-04 23:41:33.208
ETH,BUY,0.1032,496283.000,2024-07-04 23:41:33.229
ETH,BUY,0.8868,496283.000,2024-07-04 23:41:34.306
ETH,BUY,0.2000,496625.000,2024-07-04 23:41:35.128
ETH,BUY,0.0199,496625.000,2024-07-04 23:41:35.417
ETH,BUY,0.0700,496798.000,2024-07-04 23:41:38.125
ETH,BUY,0.2400,496784.000,2024-07-04 23:41:42.707
ETH,BUY,0.0200,496777.000,2024-07-04 23:41:46.954
ETH,BUY,0.1800,496777.000,2024-07-04 23:41:46.954
ETH,BUY,0.0100,496776.000,2024-07-04 23:41:47.244
ETH,SELL,0.0500,495796.000,2024-07-04 23:41:50.596
ETH,SELL,0.2500,495796.000,2024-07-04 23:41:51.525
ETH,SELL,0.1000,495796.000,2024-07-04 23:41:51.722
ETH,SELL,0.1000,495796.000,2024-07-04 23:41:52.286
ETH,SELL,0.0800,495796.000,2024-07-04 23:41:52.288
ETH,SELL,0.7000,495796.000,2024-07-04 23:41:52.369
ETH,SELL,0.1000,495448.000,2024-07-04 23:41:54.728
ETH,SELL,0.5000,495448.000,2024-07-04 23:41:57.263
ETH,SELL,0.0127,495447.000,2024-07-04 23:41:57.263
ETH,BUY,0.0373,495446.000,2024-07-04 23:41:57.407
ETH,BUY,0.5627,495523.000,2024-07-04 23:41:57.407
ETH,SELL,0.0111,495339.000,2024-07-04 23:41:58.367
ETH,SELL,0.8757,495300.000,2024-07-04 23:41:59.496
ETH,BUY,0.0701,495320.000,2024-07-04 23:42:01.231
ETH,BUY,0.1683,495319.000,2024-07-04 23:42:01.617
ETH,BUY,0.4000,495319.000,2024-07-04 23:42:03.219
ETH,BUY,0.1319,495319.000,2024-07-04 23:42:03.220
ETH,BUY,0.0681,495445.000,2024-07-04 23:42:03.220
ETH,BUY,0.1000,495445.000,2024-07-04 23:42:03.951
ETH,BUY,0.0997,495445.000,2024-07-04 23:42:04.487
ETH,BUY,0.3102,495796.000,2024-07-04 23:42:04.487
ETH,BUY,0.0042,495796.000,2024-07-04 23:42:07.851
ETH,BUY,0.4315,495796.000,2024-07-04 23:42:07.851
ETH,BUY,0.1622,496044.000,2024-07-04 23:42:07.851
ETH,BUY,0.0218,495552.000,2024-07-04 23:42:09.134
ETH,BUY,0.9782,495552.000,2024-07-04 23:42:09.239
ETH,BUY,0.4000,496276.000,2024-07-04 23:42:09.240
ETH,BUY,0.1000,496276.000,2024-07-04 23:42:09.319
ETH,BUY,0.0948,496377.000,2024-07-04 23:42:10.310
ETH,BUY,0.5000,495608.000,2024-07-04 23:42:11.457
ETH,BUY,0.5000,495608.000,2024-07-04 23:42:11.670
ETH,BUY,0.2000,496274.000,2024-07-04 23:42:11.671
ETH,BUY,0.1000,496274.000,2024-07-04 23:42:11.734
ETH,BUY,0.1000,496274.000,2024-07-04 23:42:12.172
ETH,BUY,1.0000,495759.000,2024-07-04 23:42:15.126
ETH,BUY,0.0052,496377.000,2024-07-04 23:42:15.288
ETH,BUY,0.3982,496624.000,2024-07-04 23:42:15.288
ETH,BUY,0.3000,496624.000,2024-07-04 23:42:16.001
ETH,SELL,1.0000,495800.000,2024-07-04 23:42:17.093
ETH,BUY,0.0100,496000.000,2024-07-04 23:42:20.456
ETH,BUY,0.1000,496624.000,2024-07-04 23:42:23.591
ETH,BUY,0.2000,496624.000,2024-07-04 23:42:23.661
ETH,BUY,0.2000,496740.000,2024-07-04 23:42:24.290
ETH,BUY,0.1000,496740.000,2024-07-04 23:42:25.118
ETH,BUY,0.0100,497000.000,2024-07-04 23:42:25.968
ETH,BUY,0.0219,497110.000,2024-07-04 23:42:25.968
ETH,SELL,0.1000,496648.000,2024-07-04 23:42:27.218
ETH,BUY,0.2000,496836.000,2024-07-04 23:42:27.281
ETH,BUY,0.0500,496913.000,2024-07-04 23:42:28.457
ETH,BUY,0.1000,496787.000,2024-07-04 23:42:30.275
ETH,BUY,0.4733,496787.000,2024-07-04 23:42:32.758
ETH,BUY,0.2000,496835.000,2024-07-04 23:42:36.294
ETH,BUY,0.0100,496765.000,2024-07-04 23:42:41.680
ETH,BUY,0.1000,496771.000,2024-07-04 23:42:43.229
ETH,BUY,0.2000,496770.000,2024-07-04 23:42:44.133
ETH,BUY,0.4700,496585.000,2024-07-04 23:42:51.431
ETH,BUY,0.4782,496626.000,2024-07-04 23:42:51.431
ETH,BUY,1.4518,496799.000,2024-07-04 23:42:51.431
ETH,BUY,0.0100,496346.000,2024-07-04 23:42:57.910
ETH,BUY,1.0400,496345.000,2024-07-04 23:43:00.401
ETH,BUY,4.6000,496422.000,2024-07-04 23:43:00.401
ETH,BUY,4.0000,496509.000,2024-07-04 23:43:00.401
ETH,BUY,2.8600,496625.000,2024-07-04 23:43:00.401
ETH,BUY,1.0000,496770.000,2024-07-04 23:43:10.958
ETH,BUY,0.2000,496799.000,2024-07-04 23:43:12.294
ETH,BUY,1.0000,496180.000,2024-07-04 23:43:15.201
ETH,BUY,0.1000,496944.000,2024-07-04 23:43:15.734
ETH,BUY,0.0100,496770.000,2024-07-04 23:43:16.786
ETH,BUY,0.2000,496795.000,2024-07-04 23:43:28.938
ETH,BUY,0.0500,496797.000,2024-07-04 23:43:28.938
ETH,BUY,0.2000,496450.000,2024-07-04 23:43:33.773
ETH,BUY,0.2240,496395.000,2024-07-04 23:43:46.487
ETH,BUY,0.2000,496394.000,2024-07-04 23:43:46.841
ETH,BUY,1.0000,495722.000,2024-07-04 23:44:06.422
ETH,BUY,1.0000,495847.000,2024-07-04 23:44:09.354
ETH,BUY,0.1000,496000.000,2024-07-04 23:44:10.301
ETH,BUY,0.0602,496000.000,2024-07-04 23:44:21.604
ETH,BUY,0.8100,496000.000,2024-07-04 23:44:22.463
ETH,BUY,0.0298,496000.000,2024-07-04 23:44:22.464
ETH,BUY,0.0100,496480.000,2024-07-04 23:44:29.741
ETH,BUY,0.1211,496654.000,2024-07-04 23:44:34.836
ETH,BUY,0.1000,496304.000,2024-07-04 23:44:36.397
ETH,BUY,0.4500,496304.000,2024-07-04 23:44:36.444
ETH,BUY,0.3000,496304.000,2024-07-04 23:44:36.646
ETH,BUY,0.1500,496304.000,2024-07-04 23:44:37.180
ETH,BUY,0.0789,496695.000,2024-07-04 23:44:37.632
ETH,BUY,0.1000,496695.000,2024-07-04 23:44:37.865
ETH,BUY,0.1000,496458.000,2024-07-04 23:44:39.446
ETH,BUY,0.5000,496458.000,2024-07-04 23:44:39.696
ETH,BUY,0.4000,496458.000,2024-07-04 23:44:39.797
ETH,BUY,0.1000,496913.000,2024-07-04 23:44:39.797
ETH,BUY,0.5235,497147.000,2024-07-04 23:44:40.536
ETH,BUY,0.5000,497147.000,2024-07-04 23:44:40.747
ETH,BUY,0.1000,496672.000,2024-07-04 23:44:41.894
ETH,BUY,0.1000,497117.000,2024-07-04 23:45:11.784
ETH,BUY,0.3000,497095.000,2024-07-04 23:45:23.967
ETH,BUY,0.5000,497133.000,2024-07-04 23:45:27.341
ETH,BUY,0.2000,497232.000,2024-07-04 23:45:27.926
ETH,BUY,0.0502,497232.000,2024-07-04 23:45:28.424
ETH,BUY,0.0922,497379.000,2024-07-04 23:45:31.431
ETH,BUY,0.0576,497418.000,2024-07-04 23:45:31.431
ETH,BUY,0.1000,497489.000,2024-07-04 23:45:32.150
ETH,BUY,0.1000,497489.000,2024-07-04 23:45:32.999
ETH,BUY,0.0319,497489.000,2024-07-04 23:45:34.269
ETH,BUY,0.3000,497489.000,2024-07-04 23:45:34.634
ETH,BUY,0.1500,497489.000,2024-07-04 23:45:34.928
ETH,BUY,0.0100,497573.000,2024-07-04 23:46:38.334
ETH,BUY,0.0400,497527.000,2024-07-04 23:46:51.662
ETH,SELL,0.0300,497489.000,2024-07-04 23:47:14.108
ETH,SELL,0.0900,497489.000,2024-07-04 23:47:14.108
ETH,BUY,0.0201,497199.000,2024-07-04 23:47:25.134
ETH,BUY,0.3200,497234.000,2024-07-04 23:47:44.241
ETH,BUY,0.0200,497321.000,2024-07-04 23:47:45.348
ETH,BUY,1.5199,497187.000,2024-07-04 23:47:49.544
ETH,BUY,1.3058,497192.000,2024-07-04 23:47:49.544
ETH,BUY,1.1100,497408.000,2024-07-04 23:47:49.544
ETH,BUY,1.0643,497437.000,2024-07-04 23:47:49.544
ETH,BUY,0.2000,497300.000,2024-07-04 23:48:20.119
ETH,BUY,0.3000,497303.000,2024-07-04 23:48:20.119
ETH,BUY,0.3200,496521.000,2024-07-04 23:48:23.159
ETH,BUY,0.0100,496521.000,2024-07-04 23:48:23.990
ETH,BUY,0.0100,496521.000,2024-07-04 23:48:24.017
ETH,BUY,0.4028,496521.000,2024-07-04 23:48:24.255
ETH,BUY,0.2572,496521.000,2024-07-04 23:48:24.414
ETH,BUY,0.0201,497031.000,2024-07-04 23:48:25.239
ETH,BUY,0.0499,497205.000,2024-07-04 23:48:27.009
ETH,BUY,1.0000,496908.000,2024-07-04 23:48:30.290
ETH,BUY,0.0200,496973.000,2024-07-04 23:48:45.183
ETH,SELL,0.0250,496900.000,2024-07-04 23:48:52.443
ETH,SELL,0.2750,496486.000,2024-07-04 23:48:52.443
ETH,BUY,0.0201,496567.000,2024-07-04 23:48:55.197
ETH,SELL,0.2000,496531.000,2024-07-04 23:48:56.894
ETH,BUY,0.1800,496567.000,2024-07-04 23:49:03.463
ETH,BUY,0.3200,496567.000,2024-07-04 23:49:04.079
ETH,BUY,0.0201,496683.000,2024-07-04 23:49:05.387
ETH,BUY,0.1600,496620.000,2024-07-04 23:49:18.310
ETH,BUY,0.2200,496619.000,2024-07-04 23:49:19.147
ETH,BUY,0.0201,496363.000,2024-07-04 23:49:25.310
ETH,SELL,0.0100,496181.000,2024-07-04 23:49:41.985
ETH,BUY,0.0800,496393.000,2024-07-04 23:49:48.132
ETH,BUY,0.4000,496393.000,2024-07-04 23:49:48.630
ETH,BUY,0.2000,496451.000,2024-07-04 23:49:49.611
ETH,SELL,0.1000,496041.000,2024-07-04 23:50:08.938
ETH,BUY,0.0400,496160.000,2024-07-04 23:50:20.296
ETH,BUY,0.2700,496160.000,2024-07-04 23:50:21.117
ETH,SELL,1.0000,495520.000,2024-07-04 23:50:52.087
ETH,SELL,0.0636,495520.000,2024-07-04 23:50:53.637
ETH,SELL,0.1000,495300.000,2024-07-04 23:50:55.319
ETH,SELL,0.1000,495320.000,2024-07-04 23:50:59.907
ETH,BUY,0.4000,495332.000,2024-07-04 23:51:05.489
ETH,BUY,0.0300,495608.000,2024-07-04 23:51:26.498
ETH,SELL,0.0800,495542.000,2024-07-04 23:51:26.539
ETH,SELL,0.0200,495521.000,2024-07-04 23:51:26.539
ETH,BUY,0.0100,495671.000,2024-07-04 23:51:29.154
ETH,BUY,0.9900,495671.000,2024-07-04 23:51:29.464
ETH,BUY,0.0201,495900.000,2024-07-04 23:51:55.258
ETH,BUY,0.0201,495895.000,2024-07-04 23:52:05.314
ETH,SELL,1.0000,495889.000,2024-07-04 23:52:16.045
ETH,SELL,0.6055,495390.000,2024-07-04 23:52:16.045
ETH,SELL,0.3945,495375.000,2024-07-04 23:52:16.045
ETH,BUY,0.1799,495725.000,2024-07-04 23:52:20.048
ETH,SELL,0.6100,495678.000,2024-07-04 23:52:31.647
ETH,SELL,0.5861,495673.000,2024-07-04 23:52:31.647
ETH,SELL,0.0100,495329.000,2024-07-04 23:52:42.122
ETH,BUY,0.6000,495410.000,2024-07-04 23:52:48.008
ETH,BUY,0.4000,495410.000,2024-07-04 23:52:48.010
ETH,BUY,0.3800,495431.000,2024-07-04 23:52:54.860
ETH,BUY,0.0199,495431.000,2024-07-04 23:52:55.303
ETH,BUY,0.3000,495585.000,2024-07-04 23:52:59.992
ETH,SELL,0.4000,495584.000,2024-07-04 23:53:01.413
ETH,BUY,0.1000,495698.000,2024-07-04 23:53:03.894
ETH,BUY,0.0853,495698.000,2024-07-04 23:53:05.219
ETH,BUY,0.0199,495698.000,2024-07-04 23:53:05.222
ETH,BUY,0.1000,495900.000,2024-07-04 23:53:06.864
ETH,BUY,0.3799,495900.000,2024-07-04 23:53:09.119
ETH,BUY,0.6201,496101.000,2024-07-04 23:53:09.119
ETH,BUY,0.3799,496101.000,2024-07-04 23:53:09.325
ETH,BUY,1.0000,496166.000,2024-07-04 23:53:12.607
ETH,BUY,0.2000,496640.000,2024-07-04 23:53:13.366
ETH,BUY,0.8000,496683.000,2024-07-04 23:53:13.366
ETH,BUY,1.0000,496134.000,2024-07-04 23:53:16.587
ETH,BUY,1.0000,496167.000,2024-07-04 23:53:21.696
ETH,BUY,0.1000,496253.000,2024-07-04 23:53:24.258
ETH,BUY,0.0199,496253.000,2024-07-04 23:53:25.147
ETH,BUY,0.0200,496897.000,2024-07-04 23:53:55.230
ETH,BUY,0.0200,496558.000,2024-07-04 23:54:05.420
ETH,BUY,0.0199,495754.000,2024-07-04 23:54:45.234
ETH,SELL,0.1000,495753.000,2024-07-04 23:54:46.348
ETH,BUY,0.0199,495922.000,2024-07-04 23:55:05.330
ETH,BUY,0.0199,495717.000,2024-07-04 23:55:25.393
ETH,BUY,0.0527,495726.000,2024-07-04 23:55:37.207
ETH,BUY,0.0199,496000.000,2024-07-04 23:55:45.190
ETH,BUY,0.1780,496145.000,2024-07-04 23:55:52.815
ETH,BUY,0.0100,496094.000,2024-07-04 23:55:58.002
ETH,SELL,0.1000,496094.000,2024-07-04 23:56:38.182
ETH,SELL,0.1000,496000.000,2024-07-04 23:56:53.147
ETH,SELL,0.1000,496000.000,2024-07-04 23:56:53.282
ETH,SELL,0.1000,495411.000,2024-07-04 23:56:54.236
ETH,BUY,0.0200,495407.000,2024-07-04 23:57:05.276
ETH,BUY,0.0001,495408.000,2024-07-04 23:57:05.276
ETH,BUY,0.1000,495303.000,2024-07-04 23:57:30.071
ETH,BUY,0.0200,495303.000,2024-07-04 23:58:03.578
ETH,SELL,0.1000,495301.000,2024-07-04 23:58:06.694
ETH,SELL,0.1000,495301.000,2024-07-04 23:58:06.845
ETH,BUY,0.2000,495303.000,2024-07-04 23:58:07.978
ETH,SELL,0.0243,495300.000,2024-07-04 23:58:10.145
ETH,SELL,0.0380,495300.000,2024-07-04 23:58:10.145
ETH,SELL,0.2000,495015.000,2024-07-04 23:58:14.930
ETH,SELL,0.0400,495009.000,2024-07-04 23:58:15.362
ETH,SELL,0.1000,495000.000,2024-07-04 23:58:15.362
ETH,SELL,0.0600,495000.000,2024-07-04 23:58:15.362
ETH,BUY,0.0240,495016.000,2024-07-04 23:58:15.385
ETH,SELL,0.0500,495000.000,2024-07-04 23:58:15.474
ETH,SELL,0.0100,495000.000,2024-07-04 23:58:15.474
ETH,SELL,0.0100,495000.000,2024-07-04 23:58:15.474
ETH,SELL,0.0200,495000.000,2024-07-04 23:58:15.474
ETH,SELL,0.0100,495000.000,2024-07-04 23:58:15.474
ETH,SELL,0.1000,495000.000,2024-07-04 23:58:15.474
ETH,SELL,0.1000,495000.000,2024-07-04 23:58:15.602
ETH,SELL,0.1000,495000.000,2024-07-04 23:58:16.481
ETH,SELL,0.2000,495000.000,2024-07-04 23:58:16.710
ETH,SELL,0.0739,495000.000,2024-07-04 23:58:16.710
ETH,SELL,0.1600,495000.000,2024-07-04 23:58:16.713
ETH,SELL,0.2661,495000.000,2024-07-04 23:58:16.798
ETH,SELL,0.0100,495000.000,2024-07-04 23:58:16.798
ETH,SELL,0.0200,495000.000,2024-07-04 23:58:16.798
ETH,SELL,0.0500,495000.000,2024-07-04 23:58:16.798
ETH,SELL,0.1000,495000.000,2024-07-04 23:58:16.798
ETH,SELL,0.0100,495000.000,2024-07-04 23:58:16.798
ETH,SELL,0.0500,495000.000,2024-07-04 23:58:16.798
ETH,SELL,0.0100,495000.000,2024-07-04 23:58:16.798
ETH,SELL,0.0100,495000.000,2024-07-04 23:58:16.798
ETH,SELL,0.0200,495000.000,2024-07-04 23:58:16.798
ETH,SELL,0.0500,495000.000,2024-07-04 23:58:16.798
ETH,SELL,0.1000,495000.000,2024-07-04 23:58:16.798
ETH,SELL,0.4039,495000.000,2024-07-04 23:58:16.798
ETH,SELL,0.2621,495000.000,2024-07-04 23:58:17.193
ETH,SELL,0.3340,495000.000,2024-07-04 23:58:17.405
ETH,SELL,0.0100,495000.000,2024-07-04 23:58:17.405
ETH,SELL,0.0100,495000.000,2024-07-04 23:58:17.405
ETH,SELL,0.1460,495000.000,2024-07-04 23:58:17.405
ETH,SELL,0.1000,495000.000,2024-07-04 23:58:17.796
ETH,SELL,0.5000,495000.000,2024-07-04 23:58:18.219
ETH,SELL,0.4000,495000.000,2024-07-04 23:58:19.437
ETH,SELL,0.6062,495000.000,2024-07-04 23:58:19.438
ETH,SELL,1.7509,495000.000,2024-07-04 23:58:19.776
ETH,SELL,1.1918,495000.000,2024-07-04 23:58:19.900
ETH,BUY,0.0100,495001.000,2024-07-04 23:58:20.022
ETH,SELL,0.2000,495000.000,2024-07-04 23:58:20.023
ETH,SELL,1.9998,495000.000,2024-07-04 23:58:20.710
ETH,SELL,0.0100,495000.000,2024-07-04 23:58:23.637
ETH,SELL,2.0000,495000.000,2024-07-04 23:58:23.769
ETH,SELL,0.2500,495000.000,2024-07-04 23:58:24.613
ETH,SELL,1.2065,495000.000,2024-07-04 23:58:24.614
ETH,SELL,2.0000,495000.000,2024-07-04 23:58:24.772
ETH,SELL,0.2000,495000.000,2024-07-04 23:58:24.975
ETH,SELL,0.2000,495000.000,2024-07-04 23:58:25.287
ETH,SELL,0.6000,495000.000,2024-07-04 23:58:25.476
ETH,SELL,0.2119,495000.000,2024-07-04 23:58:25.524
ETH,SELL,2.0000,495000.000,2024-07-04 23:58:25.825
ETH,SELL,0.3000,495000.000,2024-07-04 23:58:25.960
ETH,SELL,0.1269,495000.000,2024-07-04 23:58:26.621
ETH,SELL,0.1000,495000.000,2024-07-04 23:58:26.621
ETH,SELL,0.1000,494500.000,2024-07-04 23:58:26.621
ETH,SELL,0.0150,494500.000,2024-07-04 23:58:26.621
ETH,SELL,0.0100,494357.000,2024-07-04 23:58:26.621
ETH,SELL,0.0490,494100.000,2024-07-04 23:58:26.621
ETH,SELL,1.0000,494001.000,2024-07-04 23:58:26.621
ETH,SELL,0.0100,494000.000,2024-07-04 23:58:26.621
ETH,SELL,0.0120,494000.000,2024-07-04 23:58:26.621
ETH,SELL,0.2000,494005.000,2024-07-04 23:58:27.659
ETH,SELL,0.1000,493493.000,2024-07-04 23:58:27.685
ETH,SELL,0.2771,493493.000,2024-07-04 23:58:27.887
ETH,SELL,0.1000,493493.000,2024-07-04 23:58:29.201
ETH,BUY,0.7000,493725.000,2024-07-04 23:58:32.089
ETH,BUY,0.0760,493790.000,2024-07-04 23:58:32.485
ETH,BUY,0.1553,493841.000,2024-07-04 23:58:32.485
ETH,BUY,0.1000,493516.000,2024-07-04 23:58:40.169
ETH,BUY,0.1000,493847.000,2024-07-04 23:58:40.706
ETH,BUY,0.2733,493847.000,2024-07-04 23:58:40.771
ETH,BUY,0.1000,493626.000,2024-07-04 23:58:45.782
ETH,BUY,0.9000,493626.000,2024-07-04 23:58:46.136
ETH,BUY,0.1000,493767.000,2024-07-04 23:58:51.994
ETH,BUY,0.4000,494186.000,2024-07-04 23:59:12.313
ETH,BUY,0.6000,494186.000,2024-07-04 23:59:12.418
ETH,BUY,0.2618,494353.000,2024-07-04 23:59:12.418
ETH,BUY,0.1382,494392.000,2024-07-04 23:59:12.418
ETH,BUY,0.2000,494351.000,2024-07-04 23:59:14.682
ETH,BUY,0.0100,494000.000,2024-07-04 23:59:39.132
ETH,BUY,0.4000,494296.000,2024-07-04 23:59:56.650
ETH,BUY,0.2000,494604.000,2024-07-04 23:59:59.579
ETH,BUY,0.0300,494528.000,2024-07-05 00:00:13.119
ETH,BUY,0.2000,494595.000,2024-07-05 00:00:15.345
ETH,BUY,0.1700,494605.000,2024-07-05 00:00:20.891
ETH,BUY,0.0307,494402.000,2024-07-05 00:00:25.314
ETH,BUY,0.4000,494402.000,2024-07-05 00:00:26.647
ETH,BUY,0.2000,494508.000,2024-07-05 00:00:27.341
ETH,BUY,0.2000,494508.000,2024-07-05 00:00:28.580
ETH,BUY,0.0140,494514.000,2024-07-05 00:00:31.582
ETH,BUY,0.0300,494936.000,2024-07-05 00:00:33.648
ETH,BUY,1.0000,494588.000,2024-07-05 00:00:37.683
ETH,BUY,0.2100,494998.000,2024-07-05 00:00:38.102
ETH,BUY,0.2000,494998.000,2024-07-05 00:00:38.327
ETH,BUY,0.1000,494811.000,2024-07-05 00:00:39.707
ETH,BUY,0.1372,494811.000,2024-07-05 00:00:41.621
ETH,BUY,0.0600,494981.000,2024-07-05 00:00:43.699
ETH,BUY,0.9400,494981.000,2024-07-05 00:00:43.720
ETH,BUY,0.0600,495000.000,2024-07-05 00:00:43.720
ETH,BUY,0.0280,495000.000,2024-07-05 00:00:44.096
ETH,BUY,0.1296,495000.000,2024-07-05 00:00:44.636
ETH,BUY,0.0100,495000.000,2024-07-05 00:00:44.636
ETH,BUY,0.3238,495184.000,2024-07-05 00:00:44.636
ETH,BUY,0.0200,495184.000,2024-07-05 00:00:45.245
ETH,BUY,0.4366,495258.000,2024-07-05 00:00:47.669
ETH,BUY,0.0100,495695.000,2024-07-05 00:00:52.709
ETH,BUY,0.0100,495333.000,2024-07-05 00:00:54.608
ETH,BUY,0.0532,495333.000,2024-07-05 00:00:55.155
ETH,BUY,0.2000,495333.000,2024-07-05 00:00:55.301
ETH,BUY,0.7368,495333.000,2024-07-05 00:00:56.047
ETH,BUY,0.0993,495928.000,2024-07-05 00:00:56.047
ETH,BUY,0.1639,496074.000,2024-07-05 00:00:56.047
ETH,BUY,1.0000,496067.000,2024-07-05 00:01:30.824
ETH,BUY,0.0100,496459.000,2024-07-05 00:01:32.466
ETH,BUY,0.0900,496741.000,2024-07-05 00:01:32.466
ETH,BUY,1.0000,496015.000,2024-07-05 00:01:33.839
ETH,BUY,0.3000,496799.000,2024-07-05 00:01:34.277
ETH,BUY,0.0199,496824.000,2024-07-05 00:01:35.262
ETH,BUY,0.0500,496525.000,2024-07-05 00:01:47.873
ETH,BUY,0.3312,496533.000,2024-07-05 00:01:51.624
ETH,SELL,0.2000,496171.000,2024-07-05 00:02:04.324
ETH,BUY,0.0100,495959.000,2024-07-05 00:02:14.871
ETH,BUY,0.0201,494880.000,2024-07-05 00:02:54.544
ETH,SELL,0.2000,494756.000,2024-07-05 00:03:05.383
ETH,BUY,0.1000,493962.000,2024-07-05 00:03:16.255
ETH,SELL,0.0987,493710.000,2024-07-05 00:03:17.478
ETH,BUY,0.0150,493783.000,2024-07-05 00:03:20.497
ETH,SELL,0.0100,493481.000,2024-07-05 00:03:20.752
ETH,SELL,0.0400,493400.000,2024-07-05 00:03:20.752
ETH,SELL,0.1013,493315.000,2024-07-05 00:03:20.752
ETH,SELL,0.6536,493311.000,2024-07-05 00:03:20.752
ETH,SELL,0.1951,493311.000,2024-07-05 00:03:20.882
ETH,BUY,0.0202,493347.000,2024-07-05 00:03:25.170
ETH,BUY,0.0101,493406.000,2024-07-05 00:03:30.012
ETH,BUY,0.0200,493007.000,2024-07-05 00:04:07.616
ETH,BUY,0.3237,493006.000,2024-07-05 00:04:11.289
ETH,BUY,0.4848,493005.000,2024-07-05 00:04:14.939
ETH,BUY,0.1915,493006.000,2024-07-05 00:04:14.939
ETH,SELL,0.0908,493001.000,2024-07-05 00:04:17.155
ETH,SELL,0.1000,493001.000,2024-07-05 00:04:18.867
ETH,SELL,0.0092,493001.000,2024-07-05 00:04:19.607
ETH,SELL,0.0100,493000.000,2024-07-05 00:04:20.176
ETH,SELL,0.0100,493000.000,2024-07-05 00:04:20.176
ETH,SELL,0.0410,492900.000,2024-07-05 00:04:20.176
ETH,SELL,0.0298,492360.000,2024-07-05 00:04:20.176
ETH,BUY,0.0201,492420.000,2024-07-05 00:04:25.374
ETH,BUY,0.0298,492651.000,2024-07-05 00:04:33.036
ETH,BUY,0.9702,492913.000,2024-07-05 00:04:33.036
ETH,BUY,0.0200,493008.000,2024-07-05 00:04:33.809
ETH,BUY,0.2000,493008.000,2024-07-05 00:04:34.257
ETH,BUY,1.0000,492568.000,2024-07-05 00:04:36.942
ETH,BUY,0.0202,492485.000,2024-07-05 00:04:55.752
ETH,SELL,0.2000,492220.000,2024-07-05 00:04:57.379
ETH,BUY,0.0202,492330.000,2024-07-05 00:05:05.631
ETH,BUY,1.0000,492710.000,2024-07-05 00:05:11.353
ETH,BUY,0.1000,492151.000,2024-07-05 00:05:12.750
ETH,BUY,0.1600,492151.000,2024-07-05 00:05:12.751
ETH,BUY,0.7400,492151.000,2024-07-05 00:05:12.922
ETH,BUY,0.0618,492775.000,2024-07-05 00:05:12.977
ETH,BUY,0.0382,492884.000,2024-07-05 00:05:12.977
ETH,BUY,0.0100,492942.000,2024-07-05 00:05:13.996
ETH,BUY,0.5000,492325.000,2024-07-05 00:05:15.379
ETH,BUY,0.5000,492325.000,2024-07-05 00:05:15.764
ETH,BUY,0.1000,492940.000,2024-07-05 00:05:15.952
ETH,BUY,0.0163,493008.000,2024-07-05 00:05:16.440
ETH,BUY,0.1000,493085.000,2024-07-05 00:05:16.440
ETH,BUY,0.0837,493087.000,2024-07-05 00:05:16.440
ETH,BUY,0.5800,492518.000,2024-07-05 00:05:19.140
ETH,BUY,0.4200,492518.000,2024-07-05 00:05:20.008
ETH,BUY,0.1800,493159.000,2024-07-05 00:05:20.008
ETH,BUY,0.5000,492649.000,2024-07-05 00:05:21.321
ETH,BUY,0.5000,492649.000,2024-07-05 00:05:21.955
ETH,BUY,0.0968,493243.000,2024-07-05 00:05:22.625
ETH,BUY,0.6400,492797.000,2024-07-05 00:05:25.652
ETH,BUY,0.2000,492855.000,2024-07-05 00:05:52.257
ETH,BUY,1.0000,492971.000,2024-07-05 00:05:57.994
ETH,BUY,0.1000,492574.000,2024-07-05 00:06:00.998
ETH,BUY,0.9000,492574.000,2024-07-05 00:06:01.745
ETH,BUY,0.2000,492718.000,2024-07-05 00:06:03.920
ETH,BUY,0.1000,492914.000,2024-07-05 00:06:05.784
ETH,BUY,0.5000,492914.000,2024-07-05 00:06:06.692
ETH,BUY,0.4000,492914.000,2024-07-05 00:06:07.009
ETH,BUY,0.0100,493000.000,2024-07-05 00:06:07.009
ETH,BUY,1.8200,493542.000,2024-07-05 00:06:07.009
ETH,BUY,0.2000,493810.000,2024-07-05 00:06:07.733
ETH,BUY,0.3593,494527.000,2024-07-05 00:06:07.733
ETH,BUY,0.2000,493484.000,2024-07-05 00:06:09.030
ETH,BUY,0.8000,493484.000,2024-07-05 00:06:09.846
ETH,BUY,1.0000,493550.000,2024-07-05 00:06:12.925
ETH,BUY,0.0700,494224.000,2024-07-05 00:06:14.330
ETH,BUY,0.0131,493867.000,2024-07-05 00:06:14.840
ETH,BUY,0.9800,493867.000,2024-07-05 00:06:16.933
ETH,BUY,0.0069,493867.000,2024-07-05 00:06:17.137
ETH,BUY,0.0931,494679.000,2024-07-05 00:06:17.137
ETH,BUY,0.1000,494650.000,2024-07-05 00:06:17.319
ETH,BUY,0.5400,494378.000,2024-07-05 00:06:18.639
ETH,BUY,0.1000,494378.000,2024-07-05 00:06:19.914
ETH,SELL,0.2000,494345.000,2024-07-05 00:06:22.878
ETH,BUY,0.1000,494372.000,2024-07-05 00:06:34.567
ETH,BUY,0.1279,494000.000,2024-07-05 00:06:37.820
ETH,BUY,0.9000,494537.000,2024-07-05 00:06:45.801
ETH,BUY,0.1000,494595.000,2024-07-05 00:06:57.725
ETH,BUY,0.0300,494316.000,2024-07-05 00:07:03.655
ETH,BUY,0.1000,494500.000,2024-07-05 00:07:09.741
ETH,BUY,0.1700,494500.000,2024-07-05 00:07:09.973
ETH,BUY,0.0345,494500.000,2024-07-05 00:07:10.749
ETH,BUY,0.1000,494598.000,2024-07-05 00:07:11.961
ETH,BUY,0.0220,494654.000,2024-07-05 00:07:22.962
ETH,BUY,0.2000,494591.000,2024-07-05 00:07:29.398
ETH,BUY,0.1000,494591.000,2024-07-05 00:07:35.938
ETH,BUY,0.1000,494506.000,2024-07-05 00:07:40.155
ETH,BUY,0.1000,494537.000,2024-07-05 00:08:01.759
ETH,BUY,0.1000,494550.000,2024-07-05 00:08:16.966
ETH,BUY,0.0500,494428.000,2024-07-05 00:08:31.820
ETH,BUY,0.0202,494428.000,2024-07-05 00:08:35.131
ETH,BUY,0.5000,494428.000,2024-07-05 00:08:41.422
ETH,BUY,0.2000,494428.000,2024-07-05 00:08:42.942
ETH,SELL,0.1000,494427.000,2024-07-05 00:08:52.326
ETH,BUY,0.0201,494554.000,2024-07-05 00:08:54.961
ETH,BUY,1.8106,494237.000,2024-07-05 00:09:18.002
ETH,BUY,0.1000,494295.000,2024-07-05 00:09:18.002
ETH,BUY,0.9200,494308.000,2024-07-05 00:09:18.002
ETH,SELL,0.5176,494316.000,2024-07-05 00:09:20.314
ETH,BUY,2.0000,494711.000,2024-07-05 00:09:28.573
ETH,SELL,0.1600,494355.000,2024-07-05 00:09:49.437
ETH,SELL,0.0400,494316.000,2024-07-05 00:09:54.989
ETH,SELL,0.2000,494316.000,2024-07-05 00:09:55.175
ETH,SELL,0.1000,494316.000,2024-07-05 00:09:55.553
ETH,SELL,0.1000,494316.000,2024-07-05 00:09:55.867
ETH,SELL,0.5000,494316.000,2024-07-05 00:09:56.411
ETH,SELL,0.5000,494316.000,2024-07-05 00:09:56.914
ETH,SELL,0.0389,494316.000,2024-07-05 00:09:57.036
ETH,SELL,0.1000,494316.000,2024-07-05 00:09:58.198
ETH,SELL,3.2100,494316.000,2024-07-05 00:09:59.161
ETH,SELL,0.7858,494316.000,2024-07-05 00:10:00.940
ETH,SELL,0.2733,494316.000,2024-07-05 00:10:01.157
ETH,SELL,0.8038,494316.000,2024-07-05 00:10:05.579
ETH,BUY,0.2000,494801.000,2024-07-05 00:10:12.852
ETH,SELL,0.1920,494363.000,2024-07-05 00:10:13.477
ETH,BUY,0.2000,495291.000,2024-07-05 00:10:13.770
ETH,BUY,0.0100,495349.000,2024-07-05 00:10:13.971
ETH,BUY,0.1000,494800.000,2024-07-05 00:10:15.041
ETH,BUY,0.2000,495030.000,2024-07-05 00:10:36.933
ETH,BUY,1.0000,494617.000,2024-07-05 00:10:43.096
ETH,BUY,0.0920,495113.000,2024-07-05 00:10:43.921
ETH,BUY,0.0080,495129.000,2024-07-05 00:10:43.921
ETH,BUY,0.0200,495146.000,2024-07-05 00:10:45.349
ETH,SELL,0.1500,495180.000,2024-07-05 00:10:50.126
ETH,BUY,0.2000,495987.000,2024-07-05 00:11:06.352
ETH,BUY,0.0100,495987.000,2024-07-05 00:11:06.410
ETH,BUY,0.1000,496176.000,2024-07-05 00:11:07.070
ETH,BUY,1.0000,495082.000,2024-07-05 00:11:25.076
ETH,BUY,0.9000,495146.000,2024-07-05 00:11:32.002
ETH,BUY,0.1000,495309.000,2024-07-05 00:11:34.605
ETH,BUY,0.0500,495289.000,2024-07-05 00:11:48.995
ETH,BUY,0.0100,495283.000,2024-07-05 00:11:54.654
ETH,SELL,0.0500,494380.000,2024-07-05 00:12:07.069
ETH,SELL,0.8790,494376.000,2024-07-05 00:12:07.069
ETH,SELL,0.3626,494365.000,2024-07-05 00:12:07.069
ETH,SELL,1.0000,494199.000,2024-07-05 00:12:07.069
ETH,SELL,0.0500,494197.000,2024-07-05 00:12:07.069
ETH,SELL,0.0100,494000.000,2024-07-05 00:12:07.069
ETH,SELL,0.0500,493891.000,2024-07-05 00:12:07.069
ETH,SELL,0.1000,493814.000,2024-07-05 00:12:07.069
ETH,SELL,0.4984,493813.000,2024-07-05 00:12:07.069
ETH,BUY,0.8200,494020.000,2024-07-05 00:12:09.804
ETH,BUY,0.1800,494020.000,2024-07-05 00:12:10.473
ETH,BUY,1.0000,494276.000,2024-07-05 00:12:11.626
ETH,BUY,0.0202,494304.000,2024-07-05 00:12:15.593
ETH,BUY,0.0705,494304.000,2024-07-05 00:12:16.016
ETH,BUY,0.2795,494392.000,2024-07-05 00:12:17.117
ETH,BUY,0.2000,494537.000,2024-07-05 00:12:21.020
ETH,BUY,0.2000,494535.000,2024-07-05 00:12:24.684
ETH,BUY,0.1900,494595.000,2024-07-05 00:12:38.027
ETH,BUY,0.0100,494590.000,2024-07-05 00:12:51.058
ETH,BUY,0.0200,494590.000,2024-07-05 00:12:55.298
ETH,BUY,0.8500,494590.000,2024-07-05 00:12:56.683
ETH,BUY,0.2000,494984.000,2024-07-05 00:13:03.935
ETH,BUY,0.7093,494984.000,2024-07-05 00:13:03.983
ETH,BUY,0.1907,495233.000,2024-07-05 00:13:03.983
ETH,BUY,0.2000,495378.000,2024-07-05 00:13:05.031
ETH,BUY,0.5000,494877.000,2024-07-05 00:13:10.172
ETH,BUY,0.5000,494877.000,2024-07-05 00:13:10.458
ETH,BUY,0.1000,495519.000,2024-07-05 00:13:11.674
ETH,BUY,0.9200,495066.000,2024-07-05 00:13:13.002
ETH,BUY,0.0100,495081.000,2024-07-05 00:13:26.836
ETH,SELL,0.2000,494440.000,2024-07-05 00:13:35.556
ETH,SELL,1.0000,494436.000,2024-07-05 00:13:35.556
ETH,SELL,0.6071,494105.000,2024-07-05 00:13:35.556
ETH,SELL,1.8000,493900.000,2024-07-05 00:13:35.556
ETH,SELL,0.3929,493895.000,2024-07-05 00:13:35.556
ETH,SELL,0.6070,494441.000,2024-07-05 00:13:36.502
ETH,BUY,0.0100,494536.000,2024-07-05 00:13:42.207
ETH,BUY,0.0500,494536.000,2024-07-05 00:13:43.448
ETH,BUY,0.1000,494710.000,2024-07-05 00:13:44.061
ETH,BUY,0.2000,494162.000,2024-07-05 00:13:45.854
ETH,BUY,0.0100,494162.000,2024-07-05 00:13:46.369
ETH,BUY,0.7000,494479.000,2024-07-05 00:13:48.000
ETH,BUY,0.0300,494536.000,2024-07-05 00:14:02.234
ETH,BUY,0.8000,494695.000,2024-07-05 00:14:07.996
ETH,BUY,0.1800,494624.000,2024-07-05 00:14:08.295
ETH,BUY,0.0100,494380.000,2024-07-05 00:14:23.716
ETH,BUY,0.0200,494392.000,2024-07-05 00:14:25.169
ETH,BUY,0.0180,494402.000,2024-07-05 00:14:30.229
ETH,BUY,0.0202,494414.000,2024-07-05 00:14:35.309
ETH,BUY,0.0202,494368.000,2024-07-05 00:14:45.264
ETH,BUY,0.1900,494265.000,2024-07-05 00:14:46.415
ETH,BUY,0.0200,494273.000,2024-07-05 00:14:48.038
ETH,BUY,0.0202,494216.000,2024-07-05 00:15:05.263
ETH,BUY,0.2000,494246.000,2024-07-05 00:15:08.101
ETH,BUY,0.1000,494442.000,2024-07-05 00:15:11.520
ETH,BUY,0.1000,494784.000,2024-07-05 00:15:15.944
ETH,BUY,0.2000,494780.000,2024-07-05 00:15:20.951
ETH,BUY,0.0400,494780.000,2024-07-05 00:15:30.402
ETH,BUY,0.1000,494780.000,2024-07-05 00:15:39.285
ETH,BUY,0.2200,495011.000,2024-07-05 00:15:53.099
ETH,BUY,0.2000,495010.000,2024-07-05 00:15:56.853
ETH,BUY,0.0218,495011.000,2024-07-05 00:15:59.859
ETH,BUY,0.2982,495028.000,2024-07-05 00:15:59.859
ETH,BUY,0.0100,495118.000,2024-07-05 00:16:13.061
ETH,BUY,0.2000,495233.000,2024-07-05 00:16:16.099
ETH,BUY,0.0400,495255.000,2024-07-05 00:17:03.135
ETH,BUY,0.0300,495493.000,2024-07-05 00:17:03.776
ETH,BUY,0.2000,495652.000,2024-07-05 00:17:06.083
ETH,BUY,0.0400,495652.000,2024-07-05 00:17:09.445
ETH,BUY,0.0200,495652.000,2024-07-05 00:17:10.111
ETH,BUY,0.0654,495454.000,2024-07-05 00:17:14.079
ETH,BUY,0.4000,495570.000,2024-07-05 00:17:15.970
ETH,BUY,0.6000,495570.000,2024-07-05 00:17:16.860
ETH,BUY,1.0000,495959.000,2024-07-05 00:17:18.214
ETH,BUY,0.6000,496179.000,2024-07-05 00:17:18.214
ETH,BUY,1.8201,496182.000,2024-07-05 00:17:18.214
ETH,BUY,0.5799,496188.000,2024-07-05 00:17:18.214
ETH,BUY,0.1000,496180.000,2024-07-05 00:17:19.191
ETH,BUY,0.1000,495994.000,2024-07-05 00:17:24.011
ETH,BUY,0.1000,496417.000,2024-07-05 00:17:27.888
ETH,SELL,0.0200,496045.000,2024-07-05 00:17:32.621
ETH,SELL,0.0500,495575.000,2024-07-05 00:17:41.964
ETH,BUY,1.0000,496113.000,2024-07-05 00:18:03.860
ETH,BUY,0.1000,496191.000,2024-07-05 00:18:07.937
ETH,BUY,0.8000,496191.000,2024-07-05 00:18:08.256
ETH,BUY,0.0200,496219.000,2024-07-05 00:18:21.602
ETH,SELL,0.0400,496196.000,2024-07-05 00:18:24.144
ETH,BUY,0.0500,496176.000,2024-07-05 00:18:41.100
ETH,BUY,0.0400,496059.000,2024-07-05 00:19:00.837
ETH,BUY,0.1600,496060.000,2024-07-05 00:19:00.837
ETH,BUY,0.0402,496068.000,2024-07-05 00:19:01.399
ETH,SELL,0.0200,496000.000,2024-07-05 00:19:34.133
ETH,BUY,0.0300,495937.000,2024-07-05 00:19:41.330
ETH,BUY,0.2000,495973.000,2024-07-05 00:20:37.545
ETH,BUY,0.0100,496261.000,2024-07-05 00:21:19.161
ETH,BUY,0.2471,496261.000,2024-07-05 00:21:19.838
ETH,BUY,1.5134,496263.000,2024-07-05 00:21:19.838
ETH,BUY,1.0000,496393.000,2024-07-05 00:21:19.838
ETH,BUY,1.2395,496422.000,2024-07-05 00:21:19.838
ETH,BUY,0.0200,496440.000,2024-07-05 00:21:27.670
ETH,BUY,1.0000,495470.000,2024-07-05 00:22:01.271
ETH,BUY,0.4788,496110.000,2024-07-05 00:22:01.963
ETH,BUY,0.2610,496440.000,2024-07-05 00:22:01.963
ETH,BUY,0.0100,496441.000,2024-07-05 00:22:01.963
ETH,BUY,0.0502,496509.000,2024-07-05 00:22:01.963
ETH,BUY,1.0000,496329.000,2024-07-05 00:22:21.985
ETH,BUY,4.0000,496596.000,2024-07-05 00:22:21.985
ETH,BUY,4.0000,496683.000,2024-07-05 00:22:21.985
ETH,BUY,0.2607,496750.000,2024-07-05 00:22:21.985
ETH,BUY,4.0000,496799.000,2024-07-05 00:22:21.985
ETH,BUY,4.0000,496886.000,2024-07-05 00:22:21.985
ETH,BUY,2.7393,496973.000,2024-07-05 00:22:21.985
ETH,BUY,0.0100,497002.000,2024-07-05 00:22:24.603
ETH,SELL,0.1300,496020.000,2024-07-05 00:22:25.561
ETH,SELL,0.8700,496017.000,2024-07-05 00:22:25.561
ETH,BUY,0.4000,496538.000,2024-07-05 00:22:34.617
ETH,BUY,4.0000,496596.000,2024-07-05 00:22:40.805
ETH,BUY,5.0000,496625.000,2024-07-05 00:22:40.805
ETH,BUY,0.8700,496682.000,2024-07-05 00:22:40.805
ETH,BUY,4.0000,496770.000,2024-07-05 00:22:40.805
ETH,BUY,1.2900,496857.000,2024-07-05 00:22:40.805
ETH,BUY,4.0000,496886.000,2024-07-05 00:22:40.805
ETH,BUY,0.8400,496944.000,2024-07-05 00:22:40.805
ETH,BUY,0.1100,497002.000,2024-07-05 00:22:52.456
ETH,BUY,5.4200,497031.000,2024-07-05 00:22:53.580
ETH,BUY,4.0000,497118.000,2024-07-05 00:22:53.580
ETH,BUY,8.5900,497176.000,2024-07-05 00:22:53.580
ETH,BUY,1.9900,497205.000,2024-07-05 00:22:53.580
ETH,BUY,0.0100,497292.000,2024-07-05 00:22:55.138
ETH,BUY,0.1700,497350.000,2024-07-05 00:22:57.673
ETH,BUY,0.2000,496616.000,2024-07-05 00:23:19.424
ETH,BUY,0.0743,496616.000,2024-07-05 00:23:19.648
ETH,BUY,0.6000,496616.000,2024-07-05 00:23:19.681
ETH,BUY,0.1257,496616.000,2024-07-05 00:23:19.929
ETH,BUY,0.3743,497350.000,2024-07-05 00:23:19.929
ETH,BUY,1.0000,496685.000,2024-07-05 00:23:25.298
ETH,BUY,0.2000,497405.000,2024-07-05 00:23:25.722
ETH,BUY,0.0100,497461.000,2024-07-05 00:23:36.966
ETH,BUY,0.3900,497466.000,2024-07-05 00:23:40.610
ETH,BUY,1.0000,496970.000,2024-07-05 00:23:43.024
ETH,BUY,0.1005,497611.000,2024-07-05 00:23:46.872
ETH,BUY,0.4000,497785.000,2024-07-05 00:23:50.670
ETH,BUY,0.0100,498000.000,2024-07-05 00:23:59.124
ETH,BUY,0.3900,498278.000,2024-07-05 00:23:59.124
ETH,BUY,0.0300,498278.000,2024-07-05 00:24:23.516
ETH,BUY,0.3700,498307.000,2024-07-05 00:24:38.620
ETH,BUY,0.1600,498314.000,2024-07-05 00:24:39.298
ETH,BUY,0.0700,498336.000,2024-07-05 00:24:39.298
ETH,BUY,0.0200,498452.000,2024-07-05 00:24:50.263
ETH,BUY,0.0100,498481.000,2024-07-05 00:24:52.361
ETH,BUY,0.0100,498369.000,2024-07-05 00:25:02.635
ETH,BUY,0.0104,498349.000,2024-07-05 00:25:05.711
ETH,BUY,0.0100,498422.000,2024-07-05 00:25:13.496
ETH,BUY,0.0200,498510.000,2024-07-05 00:25:18.429
ETH,SELL,0.0500,498310.000,2024-07-05 00:25:29.423
ETH,SELL,0.0210,498270.000,2024-07-05 00:25:30.880
ETH,SELL,0.1725,498047.000,2024-07-05 00:25:30.880
ETH,SELL,0.0210,497670.000,2024-07-05 00:25:33.945
ETH,BUY,0.0600,497796.000,2024-07-05 00:25:52.518
ETH,BUY,0.0100,497535.000,2024-07-05 00:26:18.335
ETH,BUY,0.0300,497480.000,2024-07-05 00:26:23.372
ETH,BUY,0.0100,497481.000,2024-07-05 00:26:25.395
ETH,BUY,0.2000,497481.000,2024-07-05 00:26:31.444
ETH,BUY,0.0200,497481.000,2024-07-05 00:26:33.303
ETH,BUY,0.0600,497481.000,2024-07-05 00:26:35.106
ETH,BUY,0.0500,497527.000,2024-07-05 00:26:36.071
ETH,SELL,0.0800,496825.000,2024-07-05 00:27:17.186
ETH,BUY,0.0201,496903.000,2024-07-05 00:27:35.013
ETH,BUY,0.0201,497002.000,2024-07-05 00:27:44.906
ETH,SELL,0.4000,496515.000,2024-07-05 00:28:38.486
ETH,SELL,0.2000,496492.000,2024-07-05 00:28:39.229
ETH,SELL,1.0000,496001.000,2024-07-05 00:28:40.900
ETH,SELL,0.8967,496001.000,2024-07-05 00:28:40.900
ETH,SELL,0.0200,496000.000,2024-07-05 00:28:40.900
ETH,SELL,0.1200,495875.000,2024-07-05 00:28:40.900
ETH,SELL,0.1000,495458.000,2024-07-05 00:28:40.900
ETH,SELL,0.2633,495457.000,2024-07-05 00:28:40.900
ETH,BUY,0.0201,496044.000,2024-07-05 00:28:44.931
ETH,BUY,0.2000,496074.000,2024-07-05 00:28:50.969
ETH,BUY,0.0201,496108.000,2024-07-05 00:29:15.057
ETH,BUY,0.0201,496247.000,2024-07-05 00:29:24.835
ETH,BUY,0.0500,496492.000,2024-07-05 00:29:53.700
ETH,BUY,0.0500,496491.000,2024-07-05 00:29:54.610
ETH,BUY,0.0700,496492.000,2024-07-05 00:29:54.610
ETH,BUY,0.0100,496492.000,2024-07-05 00:29:55.390
ETH,BUY,0.2800,496508.000,2024-07-05 00:29:56.426
ETH,BUY,0.0098,496508.000,2024-07-05 00:29:59.325
ETH,BUY,0.1502,496614.000,2024-07-05 00:29:59.325
ETH,BUY,0.2625,496616.000,2024-07-05 00:30:00.040
ETH,BUY,0.0475,496625.000,2024-07-05 00:30:00.040
ETH,BUY,0.2000,496712.000,2024-07-05 00:30:01.346
ETH,BUY,0.1100,496712.000,2024-07-05 00:30:01.429
ETH,BUY,0.1300,496767.000,2024-07-05 00:30:04.840
ETH,BUY,0.0201,496973.000,2024-07-05 00:30:15.066
ETH,BUY,0.0201,496931.000,2024-07-05 00:30:25.158
ETH,BUY,0.2000,497060.000,2024-07-05 00:30:26.015
ETH,BUY,0.0400,497292.000,2024-07-05 00:30:28.568
ETH,SELL,0.0500,496907.000,2024-07-05 00:30:30.293
ETH,BUY,0.1200,497382.000,2024-07-05 00:30:30.360
ETH,BUY,0.1000,497386.000,2024-07-05 00:30:33.310
ETH,BUY,0.0501,497369.000,2024-07-05 00:30:37.793
ETH,BUY,0.1499,497386.000,2024-07-05 00:30:37.793
ETH,BUY,4.0000,497408.000,2024-07-05 00:30:41.940
ETH,BUY,0.0100,497466.000,2024-07-05 00:30:53.707
ETH,SELL,0.2000,497245.000,2024-07-05 00:30:55.586
ETH,SELL,1.8000,497241.000,2024-07-05 00:30:55.586
ETH,SELL,1.0000,497241.000,2024-07-05 00:30:55.586
ETH,SELL,2.2500,497240.000,2024-07-05 00:30:55.586
ETH,SELL,0.2000,497220.000,2024-07-05 00:30:55.586
ETH,SELL,0.6117,497202.000,2024-07-05 00:30:55.586
ETH,BUY,0.0400,497350.000,2024-07-05 00:31:04.084
ETH,BUY,0.4000,497611.000,2024-07-05 00:31:07.257
ETH,BUY,0.2000,497718.000,2024-07-05 00:31:08.649
ETH,BUY,0.8211,497718.000,2024-07-05 00:31:08.650
ETH,BUY,0.1789,497959.000,2024-07-05 00:31:08.650
ETH,BUY,0.2800,497988.000,2024-07-05 00:31:09.631
ETH,BUY,0.3200,498017.000,2024-07-05 00:31:11.735
ETH,BUY,0.0500,498017.000,2024-07-05 00:31:11.823
ETH,BUY,0.1000,497961.000,2024-07-05 00:31:27.905
ETH,BUY,0.1000,497990.000,2024-07-05 00:31:31.846
ETH,BUY,1.6000,497990.000,2024-07-05 00:31:32.106
ETH,BUY,0.4000,498017.000,2024-07-05 00:31:32.106
ETH,BUY,0.1000,497711.000,2024-07-05 00:32:01.377
ETH,BUY,0.1000,497666.000,2024-07-05 00:32:17.639
ETH,BUY,0.0400,497550.000,2024-07-05 00:32:36.191
ETH,BUY,0.0600,497550.000,2024-07-05 00:32:36.647
ETH,BUY,0.2000,497549.000,2024-07-05 00:32:37.886
ETH,BUY,0.0200,497608.000,2024-07-05 00:32:43.672
ETH,BUY,0.6967,497581.000,2024-07-05 00:32:54.027
ETH,BUY,1.0000,497581.000,2024-07-05 00:32:54.027
ETH,BUY,0.3033,497669.000,2024-07-05 00:32:54.027
ETH,BUY,0.0200,497668.000,2024-07-05 00:32:56.585
ETH,BUY,0.0500,497727.000,2024-07-05 00:32:57.682
ETH,BUY,1.0000,497319.000,2024-07-05 00:33:01.252
ETH,BUY,0.1000,497515.000,2024-07-05 00:33:23.936
ETH,SELL,0.0400,497512.000,2024-07-05 00:33:26.630
ETH,BUY,0.0100,497510.000,2024-07-05 00:33:27.013
ETH,BUY,0.1000,497075.000,2024-07-05 00:34:05.382
ETH,BUY,0.0200,497234.000,2024-07-05 00:34:14.826
ETH,BUY,0.0200,497407.000,2024-07-05 00:34:24.919
ETH,BUY,0.0500,497432.000,2024-07-05 00:34:30.418
ETH,BUY,0.0500,497335.000,2024-07-05 00:34:34.647
ETH,SELL,0.0500,496543.000,2024-07-05 00:34:51.841
ETH,BUY,0.0201,496596.000,2024-07-05 00:35:15.050
ETH,BUY,0.0400,496567.000,2024-07-05 00:35:16.021
ETH,BUY,0.0200,496421.000,2024-07-05 00:35:25.042
ETH,BUY,0.0201,496538.000,2024-07-05 00:35:35.046
ETH,BUY,0.0200,496618.000,2024-07-05 00:35:44.362
ETH,BUY,0.0174,496619.000,2024-07-05 00:35:46.040
ETH,BUY,0.0400,496441.000,2024-07-05 00:35:46.937
ETH,BUY,0.4948,496441.000,2024-07-05 00:35:47.002
ETH,BUY,0.1684,496448.000,2024-07-05 00:35:48.049
ETH,SELL,0.4460,496421.000,2024-07-05 00:35:48.775
ETH,SELL,0.0440,496138.000,2024-07-05 00:35:48.775
ETH,BUY,0.0100,496190.000,2024-07-05 00:35:51.962
ETH,BUY,0.0215,496306.000,2024-07-05 00:35:59.040
ETH,BUY,0.0276,496185.000,2024-07-05 00:36:00.166
ETH,SELL,0.0600,495898.000,2024-07-05 00:36:04.658
ETH,BUY,0.0201,496219.000,2024-07-05 00:36:04.941
ETH,BUY,0.0117,496223.000,2024-07-05 00:36:07.688
ETH,BUY,0.0093,496245.000,2024-07-05 00:36:07.688
ETH,BUY,0.0907,496270.000,2024-07-05 00:36:08.725
ETH,BUY,0.2092,496272.000,2024-07-05 00:36:08.725
ETH,SELL,0.1000,496219.000,2024-07-05 00:36:20.640
ETH,SELL,0.5997,495606.000,2024-07-05 00:36:23.236
ETH,SELL,0.0200,495076.000,2024-07-05 00:36:30.390
ETH,BUY,0.0201,495552.000,2024-07-05 00:36:35.298
ETH,BUY,0.0200,495291.000,2024-07-05 00:36:35.772
ETH,SELL,0.0311,495000.000,2024-07-05 00:36:42.280
ETH,BUY,0.1000,495006.000,2024-07-05 00:37:01.789
ETH,SELL,0.0201,495000.000,2024-07-05 00:37:02.696
ETH,SELL,0.0488,495000.000,2024-07-05 00:37:05.199
ETH,BUY,0.0300,494975.000,2024-07-05 00:37:08.678
ETH,BUY,1.0000,493790.000,2024-07-05 00:37:15.547
ETH,BUY,0.1000,494508.000,2024-07-05 00:37:16.672
ETH,BUY,0.0108,494681.000,2024-07-05 00:37:20.916
ETH,BUY,0.0138,494711.000,2024-07-05 00:37:21.958
ETH,BUY,0.0199,494759.000,2024-07-05 00:37:25.115
ETH,BUY,0.1700,494765.000,2024-07-05 00:37:28.101
ETH,BUY,0.1028,494829.000,2024-07-05 00:37:28.101
ETH,BUY,0.5585,494735.000,2024-07-05 00:37:29.106
ETH,BUY,0.1441,494540.000,2024-07-05 00:37:30.120
ETH,BUY,0.0202,494258.000,2024-07-05 00:37:35.690
ETH,BUY,0.0202,494275.000,2024-07-05 00:37:45.269
ETH,BUY,0.0202,494364.000,2024-07-05 00:38:05.364
ETH,BUY,0.1600,493652.000,2024-07-05 00:38:06.975
ETH,BUY,0.8400,493652.000,2024-07-05 00:38:07.042
ETH,BUY,0.1000,494508.000,2024-07-05 00:38:07.949
ETH,BUY,1.0000,493810.000,2024-07-05 00:38:10.207
ETH,BUY,0.8200,493878.000,2024-07-05 00:38:12.976
ETH,BUY,0.0201,494421.000,2024-07-05 00:38:15.239
ETH,BUY,0.1000,494618.000,2024-07-05 00:38:15.901
ETH,BUY,0.1800,494625.000,2024-07-05 00:38:17.378
ETH,BUY,1.0000,493986.000,2024-07-05 00:38:18.822
ETH,BUY,0.3000,494653.000,2024-07-05 00:38:19.801
ETH,BUY,0.3000,494653.000,2024-07-05 00:38:19.849
ETH,SELL,0.9413,493739.000,2024-07-05 00:38:41.397
ETH,BUY,0.0331,493737.000,2024-07-05 00:38:41.877
ETH,BUY,0.0154,494164.000,2024-07-05 00:38:41.877
ETH,SELL,0.0200,493493.000,2024-07-05 00:38:41.966
ETH,SELL,0.0100,493463.000,2024-07-05 00:38:41.966
ETH,SELL,0.0767,493165.000,2024-07-05 00:38:41.966
ETH,SELL,0.0200,493166.000,2024-07-05 00:38:44.189
ETH,BUY,0.0202,493580.000,2024-07-05 00:38:45.639
ETH,BUY,0.0125,493841.000,2024-07-05 00:38:50.041
ETH,BUY,0.9855,493917.000,2024-07-05 00:38:52.008
ETH,BUY,0.0152,493957.000,2024-07-05 00:38:52.285
ETH,BUY,1.0000,493507.000,2024-07-05 00:38:54.657
ETH,BUY,0.2000,494158.000,2024-07-05 00:38:55.738
ETH,BUY,0.0202,494158.000,2024-07-05 00:38:55.740
ETH,BUY,1.0000,493660.000,2024-07-05 00:38:57.571
ETH,BUY,4.0000,494363.000,2024-07-05 00:38:57.880
ETH,BUY,0.3901,494311.000,2024-07-05 00:39:04.391
ETH,BUY,0.0298,494311.000,2024-07-05 00:39:05.204
ETH,BUY,0.5801,494311.000,2024-07-05 00:39:05.272
ETH,BUY,0.0298,494450.000,2024-07-05 00:39:05.272
ETH,BUY,0.0201,493888.000,2024-07-05 00:39:05.938
ETH,BUY,0.2735,493888.000,2024-07-05 00:39:06.178
ETH,BUY,0.7064,493888.000,2024-07-05 00:39:06.541
ETH,BUY,0.8200,494450.000,2024-07-05 00:39:07.037
ETH,BUY,0.2843,494564.000,2024-07-05 00:39:08.954
ETH,BUY,0.0440,494564.000,2024-07-05 00:39:09.874
ETH,BUY,0.4050,494564.000,2024-07-05 00:39:10.977
ETH,BUY,0.2667,494564.000,2024-07-05 00:39:11.049
ETH,BUY,0.0500,495166.000,2024-07-05 00:39:11.952
ETH,BUY,0.1950,495646.000,2024-07-05 00:39:15.771
ETH,BUY,0.9900,495592.000,2024-07-05 00:39:20.022
ETH,BUY,0.0100,495592.000,2024-07-05 00:39:20.025
ETH,BUY,0.0900,496206.000,2024-07-05 00:39:20.025
ETH,BUY,1.0000,495652.000,2024-07-05 00:39:28.325
ETH,BUY,0.0997,496219.000,2024-07-05 00:39:28.577
ETH,BUY,0.1830,495905.000,2024-07-05 00:39:29.772
ETH,BUY,0.3100,495905.000,2024-07-05 00:39:30.724
ETH,BUY,0.5070,495905.000,2024-07-05 00:39:31.931
ETH,BUY,0.0003,496219.000,2024-07-05 00:39:31.931
ETH,BUY,0.0100,496424.000,2024-07-05 00:39:31.931
ETH,BUY,0.2827,496485.000,2024-07-05 00:39:31.931
ETH,BUY,0.0300,496142.000,2024-07-05 00:39:34.017
ETH,BUY,1.0000,496424.000,2024-07-05 00:39:37.169
ETH,BUY,1.0000,496824.000,2024-07-05 00:39:39.925
ETH,BUY,0.0827,497321.000,2024-07-05 00:39:43.372
ETH,BUY,0.1173,497321.000,2024-07-05 00:39:43.372
ETH,BUY,0.8240,497291.000,2024-07-05 00:39:45.206
ETH,BUY,2.1100,497321.000,2024-07-05 00:39:45.206
ETH,BUY,0.0660,497350.000,2024-07-05 00:39:45.206
ETH,BUY,0.0977,497045.000,2024-07-05 00:40:04.564
ETH,BUY,0.3000,497210.000,2024-07-05 00:40:07.850
ETH,BUY,0.7000,497210.000,2024-07-05 00:40:09.139
ETH,BUY,0.3000,498041.000,2024-07-05 00:40:09.139
ETH,BUY,0.0200,497529.000,2024-07-05 00:40:24.904
ETH,BUY,0.2500,497529.000,2024-07-05 00:40:26.131
ETH,BUY,0.7000,497704.000,2024-07-05 00:40:27.921
ETH,BUY,0.0200,497704.000,2024-07-05 00:40:34.972
ETH,BUY,0.0500,497704.000,2024-07-05 00:40:36.987
ETH,BUY,0.1600,497712.000,2024-07-05 00:40:54.799
ETH,BUY,0.0150,498041.000,2024-07-05 00:40:54.799
ETH,BUY,0.0250,498046.000,2024-07-05 00:40:54.799
ETH,BUY,0.0200,497732.000,2024-07-05 00:42:23.384
ETH,SELL,0.0402,497386.000,2024-07-05 00:42:47.215
ETH,BUY,0.0200,497145.000,2024-07-05 00:42:54.892
ETH,BUY,0.2000,497146.000,2024-07-05 00:42:56.404
ETH,BUY,0.0200,497166.000,2024-07-05 00:43:04.970
ETH,BUY,0.5400,497303.000,2024-07-05 00:43:13.061
ETH,BUY,0.3200,497303.000,2024-07-05 00:43:13.409
ETH,BUY,0.0200,497457.000,2024-07-05 00:43:14.895
ETH,BUY,0.1000,497457.000,2024-07-05 00:43:15.662
ETH,BUY,0.1000,497457.000,2024-07-05 00:43:16.871
ETH,BUY,0.2200,497457.000,2024-07-05 00:43:16.927
ETH,BUY,0.5000,497457.000,2024-07-05 00:43:17.394
ETH,BUY,0.0200,497457.000,2024-07-05 00:43:17.591
ETH,BUY,0.5000,497699.000,2024-07-05 00:43:18.114
ETH,BUY,0.5000,497699.000,2024-07-05 00:43:18.884
ETH,BUY,1.0000,498278.000,2024-07-05 00:43:18.884
ETH,BUY,0.0395,498200.000,2024-07-05 00:43:37.579
ETH,SELL,0.1141,497507.000,2024-07-05 00:43:44.252
ETH,SELL,0.2000,496700.000,2024-07-05 00:43:48.190
ETH,SELL,0.6359,496698.000,2024-07-05 00:43:48.190
ETH,BUY,0.0201,496857.000,2024-07-05 00:43:54.865
ETH,BUY,0.2000,496809.000,2024-07-05 00:44:03.612
ETH,BUY,0.0201,496809.000,2024-07-05 00:44:04.918
ETH,SELL,1.0000,496721.000,2024-07-05 00:44:14.416
ETH,BUY,0.0200,496973.000,2024-07-05 00:44:14.951
ETH,BUY,0.0201,496798.000,2024-07-05 00:44:25.000
ETH,BUY,0.0201,496828.000,2024-07-05 00:44:34.994
ETH,BUY,0.0201,497060.000,2024-07-05 00:44:45.167
ETH,BUY,0.0201,496983.000,2024-07-05 00:44:54.909
ETH,BUY,0.0201,496919.000,2024-07-05 00:45:04.993
ETH,BUY,0.0100,496994.000,2024-07-05 00:45:09.546
ETH,BUY,0.0100,497376.000,2024-07-05 00:45:14.254
ETH,BUY,0.1000,497829.000,2024-07-05 00:46:12.040
ETH,BUY,0.2000,497925.000,2024-07-05 00:46:29.290
ETH,BUY,1.2000,497930.000,2024-07-05 00:46:29.290
ETH,BUY,0.5000,497959.000,2024-07-05 00:46:30.218
ETH,BUY,0.1000,497965.000,2024-07-05 00:46:51.440
ETH,SELL,0.1000,498020.000,2024-07-05 00:47:25.615
ETH,BUY,0.1000,498245.000,2024-07-05 00:47:46.569
ETH,BUY,0.1000,498248.000,2024-07-05 00:47:46.569
ETH,BUY,0.0280,498261.000,2024-07-05 00:47:47.797
ETH,BUY,0.0200,498433.000,2024-07-05 00:48:04.562
ETH,SELL,0.0450,498200.000,2024-07-05 00:48:05.727
ETH,BUY,0.5000,498421.000,2024-07-05 00:48:09.733
ETH,SELL,0.0900,498220.000,2024-07-05 00:48:17.438
ETH,SELL,0.1550,498115.000,2024-07-05 00:48:17.438
ETH,SELL,0.1300,498112.000,2024-07-05 00:48:17.438
ETH,SELL,1.0000,498111.000,2024-07-05 00:48:17.438
ETH,SELL,1.6250,498055.000,2024-07-05 00:48:17.438
ETH,BUY,0.0100,498298.000,2024-07-05 00:48:24.562
ETH,BUY,0.0881,498298.000,2024-07-05 00:48:26.385
ETH,BUY,0.1136,498435.000,2024-07-05 00:48:27.741
ETH,BUY,0.0864,498435.000,2024-07-05 00:48:29.098
ETH,BUY,0.1136,498498.000,2024-07-05 00:48:29.098
ETH,BUY,0.3000,498498.000,2024-07-05 00:48:29.388
ETH,BUY,0.1000,498568.000,2024-07-05 00:48:31.592
ETH,BUY,0.9000,498568.000,2024-07-05 00:48:32.082
ETH,BUY,0.1000,498621.000,2024-07-05 00:48:32.082
ETH,BUY,0.0864,498621.000,2024-07-05 00:48:32.449
ETH,BUY,0.0199,498823.000,2024-07-05 00:48:34.455
ETH,BUY,0.0200,498823.000,2024-07-05 00:48:35.183
ETH,BUY,0.1000,498823.000,2024-07-05 00:48:35.817
ETH,BUY,1.0000,498894.000,2024-07-05 00:48:37.361
ETH,BUY,0.4500,499400.000,2024-07-05 00:48:37.361
ETH,BUY,0.0100,499402.000,2024-07-05 00:48:45.927
ETH,BUY,0.0900,499412.000,2024-07-05 00:48:45.927
ETH,BUY,0.0200,499238.000,2024-07-05 00:48:54.389
ETH,BUY,0.0700,499162.000,2024-07-05 00:48:55.255
ETH,BUY,0.2000,499162.000,2024-07-05 00:48:55.473
ETH,BUY,0.0100,499373.000,2024-07-05 00:48:57.602
ETH,BUY,0.0100,499319.000,2024-07-05 00:49:01.543
ETH,BUY,0.0200,498648.000,2024-07-05 00:49:14.231
ETH,BUY,0.2634,498609.000,2024-07-05 00:49:15.189
ETH,BUY,0.2000,498605.000,2024-07-05 00:49:15.913
ETH,BUY,0.2000,498625.000,2024-07-05 00:49:19.924
ETH,BUY,0.0200,498493.000,2024-07-05 00:49:34.309
ETH,BUY,0.0200,498492.000,2024-07-05 00:49:44.310
ETH,BUY,0.0200,498417.000,2024-07-05 00:50:04.139
ETH,BUY,0.0226,498371.000,2024-07-05 00:50:10.819
ETH,BUY,0.0100,498371.000,2024-07-05 00:50:10.821
ETH,BUY,0.0199,498619.000,2024-07-05 00:50:14.224
ETH,BUY,0.3235,499004.000,2024-07-05 00:50:15.526
ETH,BUY,0.6765,499004.000,2024-07-05 00:50:15.842
ETH,BUY,0.2235,499232.000,2024-07-05 00:50:15.842
ETH,BUY,0.5700,499447.000,2024-07-05 00:50:23.228
ETH,BUY,0.0199,499558.000,2024-07-05 00:50:24.191
ETH,BUY,0.0300,499558.000,2024-07-05 00:50:26.474
ETH,BUY,0.0200,499852.000,2024-07-05 00:50:32.489
ETH,BUY,0.0212,500000.000,2024-07-05 00:50:36.464
ETH,BUY,0.5770,500019.000,2024-07-05 00:50:36.464
ETH,BUY,0.0200,500019.000,2024-07-05 00:50:36.639
ETH,BUY,0.4030,500019.000,2024-07-05 00:50:36.790
ETH,BUY,0.1000,500555.000,2024-07-05 00:50:40.149
ETH,BUY,0.2000,500555.000,2024-07-05 00:50:40.609
ETH,BUY,0.2000,500841.000,2024-07-05 00:51:04.494
ETH,BUY,1.7930,500580.000,2024-07-05 00:51:25.293
ETH,BUY,0.2070,500651.000,2024-07-05 00:51:25.293
ETH,BUY,0.0100,500022.000,2024-07-05 00:51:41.548
ETH,BUY,0.0400,500219.000,2024-07-05 00:52:02.498
ETH,BUY,1.0000,500882.000,2024-07-05 00:52:31.401
ETH,BUY,0.0550,500322.000,2024-07-05 00:54:06.422
ETH,SELL,0.1481,500355.000,2024-07-05 00:55:24.589
ETH,BUY,0.0198,500366.000,2024-07-05 00:56:04.417
ETH,BUY,0.0199,500449.000,2024-07-05 00:56:44.155
ETH,BUY,0.1000,500449.000,2024-07-05 00:56:51.837
ETH,BUY,0.0198,500449.000,2024-07-05 00:56:54.169
ETH,BUY,0.0199,500449.000,2024-07-05 00:57:04.425
ETH,BUY,0.0004,500449.000,2024-07-05 00:57:14.256
ETH,BUY,0.0195,500690.000,2024-07-05 00:57:14.256
ETH,SELL,0.0500,501210.000,2024-07-05 00:58:51.242
ETH,BUY,0.0199,501293.000,2024-07-05 01:00:34.213
ETH,BUY,0.0200,501432.000,2024-07-05 01:00:43.295
ETH,BUY,0.0300,501468.000,2024-07-05 01:00:55.289
ETH,BUY,0.0505,501571.000,2024-07-05 01:01:19.940
ETH,BUY,0.1495,501613.000,2024-07-05 01:01:19.940
ETH,BUY,0.0800,501639.000,2024-07-05 01:01:31.533
ETH,BUY,1.0000,500807.000,2024-07-05 01:02:10.848
ETH,BUY,0.0199,501374.000,2024-07-05 01:02:53.921
ETH,BUY,3.2600,501439.000,2024-07-05 01:02:55.915
ETH,BUY,0.0300,501265.000,2024-07-05 01:03:25.775
ETH,BUY,0.0198,501259.000,2024-07-05 01:03:33.910
ETH,BUY,0.0100,501259.000,2024-07-05 01:04:58.094
ETH,BUY,0.2000,501259.000,2024-07-05 01:05:37.465
ETH,SELL,0.1000,501057.000,2024-07-05 01:05:38.430
ETH,BUY,0.2250,501200.000,2024-07-05 01:07:04.697
ETH,SELL,0.1300,501199.000,2024-07-05 01:07:17.476
ETH,SELL,1.7900,501199.000,2024-07-05 01:07:17.476
ETH,SELL,0.0519,501195.000,2024-07-05 01:07:17.476
ETH,SELL,0.1631,501056.000,2024-07-05 01:07:17.476
ETH,BUY,0.0198,501178.000,2024-07-05 01:07:43.980
ETH,BUY,0.0198,501200.000,2024-07-05 01:07:54.068
ETH,BUY,0.0199,501185.000,2024-07-05 01:08:03.961
ETH,BUY,0.0199,501116.000,2024-07-05 01:08:14.002
ETH,BUY,0.0650,501115.000,2024-07-05 01:09:03.754
ETH,SELL,0.1010,501100.000,2024-07-05 01:09:14.986
ETH,SELL,0.1000,501071.000,2024-07-05 01:09:14.986
ETH,SELL,0.0975,500860.000,2024-07-05 01:09:14.986
ETH,BUY,0.0900,500715.000,2024-07-05 01:10:05.952
ETH,SELL,0.1025,500510.000,2024-07-05 01:11:22.495
ETH,SELL,0.1709,500500.000,2024-07-05 01:11:22.495
ETH,BUY,0.6000,500513.000,2024-07-05 01:11:25.247
ETH,BUY,0.0100,500513.000,2024-07-05 01:11:26.358
ETH,SELL,0.0185,500500.000,2024-07-05 01:11:39.823
ETH,SELL,0.5306,500500.000,2024-07-05 01:11:41.421
ETH,SELL,0.5491,500354.000,2024-07-05 01:11:42.005
ETH,SELL,0.0141,500354.000,2024-07-05 01:11:44.067
ETH,SELL,0.0568,500354.000,2024-07-05 01:11:48.033
ETH,SELL,0.0150,500001.000,2024-07-05 01:11:57.308
ETH,SELL,0.0100,500000.000,2024-07-05 01:11:57.308
ETH,SELL,0.0200,500000.000,2024-07-05 01:11:57.308
ETH,SELL,0.4096,500000.000,2024-07-05 01:11:57.308
ETH,SELL,0.5904,500000.000,2024-07-05 01:11:58.559
ETH,SELL,0.0100,499999.000,2024-07-05 01:11:58.633
ETH,SELL,0.1998,499135.000,2024-07-05 01:11:59.991
ETH,SELL,0.0002,499135.000,2024-07-05 01:12:00.814
ETH,SELL,0.0148,499135.000,2024-07-05 01:12:00.814
ETH,BUY,0.0200,499136.000,2024-07-05 01:12:04.004
ETH,SELL,0.2000,499130.000,2024-07-05 01:12:13.425
ETH,SELL,0.5900,499043.000,2024-07-05 01:12:13.425
ETH,BUY,0.0200,499090.000,2024-07-05 01:12:23.990
ETH,SELL,0.2100,498736.000,2024-07-05 01:12:41.894
ETH,BUY,0.0300,498742.000,2024-07-05 01:13:26.496
ETH,BUY,0.1000,498393.000,2024-07-05 01:15:04.552
ETH,BUY,0.0200,498495.000,2024-07-05 01:15:17.412
ETH,BUY,0.0200,498510.000,2024-07-05 01:15:59.736
ETH,BUY,0.0200,498568.000,2024-07-05 01:16:04.000
ETH,BUY,0.0100,498508.000,2024-07-05 01:22:23.316
ETH,SELL,0.2000,498505.000,2024-07-05 01:22:28.954
ETH,SELL,0.0100,498502.000,2024-07-05 01:22:33.109
ETH,SELL,0.0100,498500.000,2024-07-05 01:22:33.109
ETH,SELL,1.3799,498500.000,2024-07-05 01:22:35.781
ETH,SELL,0.5900,498500.000,2024-07-05 01:22:36.220
ETH,SELL,0.0201,498500.000,2024-07-05 01:22:46.589
ETH,SELL,0.0201,498333.000,2024-07-05 01:22:47.324
ETH,SELL,0.0409,498333.000,2024-07-05 01:23:05.020
ETH,SELL,0.0100,498333.000,2024-07-05 01:23:05.020
ETH,SELL,0.0001,498333.000,2024-07-05 01:23:08.540
ETH,SELL,0.5000,498200.000,2024-07-05 01:23:09.506
ETH,SELL,0.1115,498200.000,2024-07-05 01:23:21.767
ETH,SELL,0.1000,498200.000,2024-07-05 01:23:22.018
ETH,SELL,0.2885,498200.000,2024-07-05 01:23:22.026
ETH,SELL,0.2000,498000.000,2024-07-05 01:23:22.885
ETH,SELL,0.0800,498000.000,2024-07-05 01:23:23.001
ETH,SELL,0.1200,498000.000,2024-07-05 01:23:53.299
ETH,SELL,0.1000,497828.000,2024-07-05 01:23:58.267
ETH,SELL,0.0100,496994.000,2024-07-05 01:24:33.483
ETH,BUY,0.0100,496739.000,2024-07-05 01:25:01.381
ETH,BUY,0.2000,496665.000,2024-07-05 01:25:43.369
ETH,BUY,0.8000,496665.000,2024-07-05 01:25:43.369
ETH,BUY,0.1000,496680.000,2024-07-05 01:25:59.449
ETH,BUY,1.0000,496452.000,2024-07-05 01:26:09.844
ETH,BUY,0.0146,496881.000,2024-07-05 01:26:32.684
ETH,BUY,0.1000,496915.000,2024-07-05 01:27:10.152
ETH,SELL,0.0104,496871.000,2024-07-05 01:27:10.404
ETH,BUY,0.0200,497078.000,2024-07-05 01:27:44.944
ETH,BUY,1.0000,496809.000,2024-07-05 01:27:55.968
ETH,BUY,0.7900,496858.000,2024-07-05 01:29:34.815
ETH,BUY,0.2100,496858.000,2024-07-05 01:29:35.045
ETH,BUY,0.0200,496944.000,2024-07-05 01:29:55.136
ETH,BUY,0.1000,496973.000,2024-07-05 01:30:11.597
ETH,SELL,0.1000,496859.000,2024-07-05 01:30:44.485
ETH,BUY,0.2300,496944.000,2024-07-05 01:31:55.748
ETH,BUY,0.0500,497248.000,2024-07-05 01:32:10.636
ETH,BUY,0.2224,497248.000,2024-07-05 01:32:12.169
ETH,BUY,0.1000,497414.000,2024-07-05 01:32:17.490
ETH,BUY,0.9000,497414.000,2024-07-05 01:32:17.645
ETH,BUY,0.1000,497553.000,2024-07-05 01:32:18.451
ETH,BUY,0.9000,497553.000,2024-07-05 01:32:19.109
ETH,BUY,0.0200,497872.000,2024-07-05 01:32:22.856
ETH,BUY,0.0287,497656.000,2024-07-05 01:32:32.835
ETH,BUY,0.0200,498684.000,2024-07-05 01:33:04.682
ETH,SELL,0.8000,498356.000,2024-07-05 01:33:06.187
ETH,BUY,0.0200,498328.000,2024-07-05 01:33:15.294
ETH,BUY,0.0400,498771.000,2024-07-05 01:33:17.189
ETH,BUY,0.0100,498722.000,2024-07-05 01:33:25.324
ETH,BUY,0.0200,498675.000,2024-07-05 01:33:57.103
ETH,BUY,0.0200,498017.000,2024-07-05 01:34:26.205
ETH,BUY,0.0200,498068.000,2024-07-05 01:34:35.156
ETH,BUY,0.0200,498022.000,2024-07-05 01:34:46.170
ETH,BUY,0.0210,498021.000,2024-07-05 01:34:46.492
ETH,BUY,0.1150,497231.000,2024-07-05 01:35:02.942
ETH,BUY,0.0200,497324.000,2024-07-05 01:35:05.207
ETH,SELL,0.4000,496800.000,2024-07-05 01:35:41.225
ETH,SELL,2.5770,496697.000,2024-07-05 01:35:42.013
ETH,SELL,1.4047,496697.000,2024-07-05 01:35:42.015
ETH,SELL,0.1500,496697.000,2024-07-05 01:35:49.460
ETH,SELL,0.2115,496697.000,2024-07-05 01:35:50.058
ETH,SELL,0.2779,496697.000,2024-07-05 01:35:50.957
ETH,SELL,0.5685,496697.000,2024-07-05 01:35:52.091
ETH,SELL,0.8104,496697.000,2024-07-05 01:35:53.377
ETH,SELL,0.1000,496456.000,2024-07-05 01:35:56.628
ETH,SELL,0.1000,496456.000,2024-07-05 01:35:57.516
ETH,SELL,0.2000,496456.000,2024-07-05 01:35:57.848
ETH,SELL,0.1000,496456.000,2024-07-05 01:36:01.208
ETH,SELL,0.5000,496456.000,2024-07-05 01:36:01.265
ETH,SELL,0.0100,496406.000,2024-07-05 01:36:01.265
ETH,SELL,0.0100,496400.000,2024-07-05 01:36:01.265
ETH,SELL,0.0100,496000.000,2024-07-05 01:36:01.265
ETH,SELL,0.0699,495864.000,2024-07-05 01:36:01.265
ETH,BUY,0.0200,495898.000,2024-07-05 01:36:05.743
ETH,SELL,0.4201,495864.000,2024-07-05 01:36:15.246
ETH,BUY,0.1500,495361.000,2024-07-05 01:36:32.737
ETH,BUY,0.3700,495683.000,2024-07-05 01:36:32.737
ETH,BUY,0.0100,495675.000,2024-07-05 01:36:36.788
ETH,BUY,1.0000,495158.000,2024-07-05 01:37:10.902
ETH,BUY,0.4000,495813.000,2024-07-05 01:37:11.344
ETH,SELL,0.0400,495166.000,2024-07-05 01:37:12.526
ETH,BUY,1.0000,495235.000,2024-07-05 01:37:13.869
ETH,BUY,0.1000,495755.000,2024-07-05 01:37:15.004
ETH,SELL,0.0620,495246.000,2024-07-05 01:37:17.194
ETH,BUY,0.7100,495392.000,2024-07-05 01:37:35.268
ETH,BUY,0.2900,495392.000,2024-07-05 01:37:35.657
ETH,BUY,0.5200,495509.000,2024-07-05 01:37:38.182
ETH,BUY,0.1028,495904.000,2024-07-05 01:38:07.629
ETH,BUY,0.1067,496070.000,2024-07-05 01:38:12.177
ETH,BUY,0.1000,496303.000,2024-07-05 01:38:17.175
ETH,BUY,0.0201,496303.000,2024-07-05 01:38:17.497
ETH,BUY,0.8799,496303.000,2024-07-05 01:38:17.887
ETH,BUY,0.1201,496799.000,2024-07-05 01:38:17.887
ETH,BUY,0.0100,496341.000,2024-07-05 01:38:33.810
ETH,SELL,0.2000,496435.000,2024-07-05 01:39:08.405
ETH,BUY,0.1500,496712.000,2024-07-05 01:39:14.321
ETH,BUY,0.0201,496741.000,2024-07-05 01:39:15.321
ETH,SELL,0.0549,496525.000,2024-07-05 01:40:07.159
ETH,SELL,0.2000,496526.000,2024-07-05 01:40:08.601
ETH,BUY,0.0153,496800.000,2024-07-05 01:40:22.749
ETH,BUY,0.0198,496800.000,2024-07-05 01:40:28.230
ETH,BUY,0.0088,497089.000,2024-07-05 01:40:28.230
ETH,BUY,0.2000,497147.000,2024-07-05 01:40:33.605
ETH,BUY,0.1004,497147.000,2024-07-05 01:40:44.063
ETH,BUY,0.0346,496903.000,2024-07-05 01:41:00.689
ETH,SELL,0.1000,496890.000,2024-07-05 01:41:01.652
ETH,BUY,0.0116,496903.000,2024-07-05 01:41:02.988
ETH,BUY,0.0795,496937.000,2024-07-05 01:41:06.171
ETH,BUY,0.0145,497249.000,2024-07-05 01:41:17.540
ETH,BUY,0.9855,497249.000,2024-07-05 01:41:18.537
ETH,SELL,0.0200,497400.000,2024-07-05 01:41:30.742
ETH,BUY,0.0100,497756.000,2024-07-05 01:41:30.792
ETH,BUY,0.0115,497756.000,2024-07-05 01:41:45.485
ETH,BUY,0.0115,497755.000,2024-07-05 01:41:52.462
ETH,BUY,0.0115,496894.000,2024-07-05 01:42:34.501
ETH,BUY,0.0200,497022.000,2024-07-05 01:42:37.190
ETH,BUY,0.0308,497205.000,2024-07-05 01:42:37.190
ETH,BUY,0.0115,496906.000,2024-07-05 01:43:09.857
ETH,BUY,0.0225,497176.000,2024-07-05 01:43:21.682
ETH,BUY,0.0499,497205.000,2024-07-05 01:43:27.178
ETH,BUY,0.0455,497263.000,2024-07-05 01:44:14.705
ETH,BUY,0.0330,497234.000,2024-07-05 01:44:20.191
ETH,BUY,0.0207,497035.000,2024-07-05 01:44:30.252
ETH,BUY,0.0328,497089.000,2024-07-05 01:44:38.680
ETH,BUY,0.0545,497093.000,2024-07-05 01:44:44.183
ETH,BUY,0.0374,497027.000,2024-07-05 01:44:51.235
ETH,SELL,0.2000,496705.000,2024-07-05 01:44:53.467
ETH,SELL,0.1840,496702.000,2024-07-05 01:44:53.467
ETH,BUY,0.0919,496886.000,2024-07-05 01:44:58.188
ETH,BUY,0.3000,496936.000,2024-07-05 01:45:01.961
ETH,BUY,0.0100,496936.000,2024-07-05 01:45:02.682
ETH,BUY,0.0823,496953.000,2024-07-05 01:45:03.698
ETH,BUY,0.0115,497000.000,2024-07-05 01:45:07.384
ETH,BUY,0.0311,497075.000,2024-07-05 01:45:12.223
ETH,BUY,0.0274,497122.000,2024-07-05 01:45:19.197
ETH,BUY,0.0115,497125.000,2024-07-05 01:45:22.080
ETH,BUY,0.0274,497220.000,2024-07-05 01:45:24.690
ETH,BUY,0.0159,497220.000,2024-07-05 01:45:24.950
ETH,BUY,0.0115,497495.000,2024-07-05 01:45:28.995
ETH,BUY,0.0230,497665.000,2024-07-05 01:45:31.708
ETH,BUY,0.0293,497735.000,2024-07-05 01:45:41.718
ETH,BUY,0.0115,497835.000,2024-07-05 01:45:43.954
ETH,BUY,0.0871,497585.000,2024-07-05 01:45:47.174
ETH,BUY,0.0115,497930.000,2024-07-05 01:45:50.620
ETH,BUY,0.0700,497960.000,2024-07-05 01:45:53.388
ETH,BUY,0.0662,497995.000,2024-07-05 01:46:00.182
ETH,BUY,0.0099,497997.000,2024-07-05 01:46:00.182
ETH,BUY,0.0115,497996.000,2024-07-05 01:46:01.375
ETH,BUY,0.0115,497914.000,2024-07-05 01:46:08.736
ETH,BUY,0.0267,497722.000,2024-07-05 01:46:13.216
ETH,BUY,0.0115,497722.000,2024-07-05 01:46:15.553
ETH,BUY,0.1376,498101.000,2024-07-05 01:46:18.708
ETH,BUY,0.0115,497734.000,2024-07-05 01:46:22.573
ETH,BUY,0.0762,498057.000,2024-07-05 01:46:25.711
ETH,BUY,0.0115,498066.000,2024-07-05 01:46:29.416
ETH,BUY,0.1015,498025.000,2024-07-05 01:46:31.192
ETH,BUY,0.0115,497920.000,2024-07-05 01:46:36.208
ETH,BUY,0.0315,498037.000,2024-07-05 01:46:39.685
ETH,BUY,0.0115,498043.000,2024-07-05 01:46:43.193
ETH,BUY,0.0375,498008.000,2024-07-05 01:46:46.701
ETH,BUY,0.0115,498018.000,2024-07-05 01:46:50.080
ETH,BUY,0.0430,497979.000,2024-07-05 01:46:52.237
ETH,BUY,0.7000,498102.000,2024-07-05 01:46:55.697
ETH,BUY,0.0115,498102.000,2024-07-05 01:46:57.044
ETH,BUY,0.0300,497779.000,2024-07-05 01:47:02.206
ETH,BUY,0.0115,498075.000,2024-07-05 01:47:03.881
ETH,BUY,0.0100,497784.000,2024-07-05 01:47:27.124
ETH,BUY,0.0115,497872.000,2024-07-05 01:47:30.523
ETH,BUY,0.3000,498037.000,2024-07-05 01:47:40.733
ETH,SELL,0.2000,497737.000,2024-07-05 01:47:46.240
ETH,SELL,0.2000,497786.000,2024-07-05 01:47:50.623
ETH,SELL,0.2000,497795.000,2024-07-05 01:47:56.108
ETH,SELL,0.2000,497829.000,2024-07-05 01:47:58.587
ETH,SELL,0.2000,497910.000,2024-07-05 01:48:02.665
ETH,BUY,1.0000,497911.000,2024-07-05 01:48:02.917
ETH,BUY,0.2000,498035.000,2024-07-05 01:48:06.262
ETH,BUY,0.3000,498038.000,2024-07-05 01:48:06.262
ETH,SELL,0.1000,497916.000,2024-07-05 01:48:06.325
ETH,SELL,0.5000,497915.000,2024-07-05 01:48:06.325
ETH,BUY,0.7000,498038.000,2024-07-05 01:48:06.561
ETH,SELL,0.0500,498374.000,2024-07-05 01:48:12.001
ETH,SELL,0.1500,498278.000,2024-07-05 01:48:12.001
ETH,SELL,0.4000,498278.000,2024-07-05 01:48:12.001
ETH,BUY,0.2000,498295.000,2024-07-05 01:48:20.700
ETH,BUY,0.4014,498626.000,2024-07-05 01:48:20.700
ETH,BUY,0.5000,498432.000,2024-07-05 01:48:29.118
ETH,BUY,0.0572,498432.000,2024-07-05 01:48:30.213
ETH,BUY,0.0257,499000.000,2024-07-05 01:49:07.183
ETH,BUY,0.0333,498988.000,2024-07-05 01:49:12.686
ETH,BUY,0.2000,498804.000,2024-07-05 01:49:21.485
ETH,BUY,0.0289,499000.000,2024-07-05 01:49:39.225
ETH,BUY,0.2000,499188.000,2024-07-05 01:49:40.773
ETH,SELL,0.0333,499334.000,2024-07-05 01:49:46.145
ETH,SELL,0.6667,499333.000,2024-07-05 01:49:46.145
ETH,BUY,0.0100,499384.000,2024-07-05 01:50:03.100
ETH,BUY,0.0100,499694.000,2024-07-05 01:50:03.864
ETH,BUY,0.0437,499519.000,2024-07-05 01:50:05.071
ETH,BUY,0.0100,499519.000,2024-07-05 01:50:06.277
ETH,BUY,0.8033,499519.000,2024-07-05 01:50:06.299
ETH,BUY,0.0719,499870.000,2024-07-05 01:50:09.260
ETH,BUY,0.0315,500000.000,2024-07-05 01:50:14.718
ETH,SELL,0.1000,499869.000,2024-07-05 01:51:37.841
ETH,BUY,0.0400,499688.000,2024-07-05 01:52:06.860
ETH,BUY,0.0104,499892.000,2024-07-05 01:52:57.567
ETH,SELL,0.0481,499516.000,2024-07-05 01:53:59.181
ETH,BUY,0.0220,499573.000,2024-07-05 01:54:59.762
ETH,BUY,0.0114,499757.000,2024-07-05 01:57:10.324
ETH,BUY,0.2000,499804.000,2024-07-05 01:57:43.187
ETH,BUY,0.1000,499677.000,2024-07-05 01:58:52.905
ETH,BUY,0.0114,499728.000,2024-07-05 01:59:55.278
ETH,SELL,0.1000,499405.000,2024-07-05 02:00:10.907
ETH,BUY,0.1000,499187.000,2024-07-05 02:00:15.260
ETH,BUY,0.0114,499264.000,2024-07-05 02:00:18.286
ETH,BUY,0.0114,499225.000,2024-07-05 02:00:24.983
ETH,BUY,0.0100,499161.000,2024-07-05 02:00:26.469
ETH,BUY,0.0130,499043.000,2024-07-05 02:00:31.863
ETH,BUY,0.3997,499047.000,2024-07-05 02:00:31.983
ETH,BUY,0.2000,499061.000,2024-07-05 02:00:39.259
ETH,BUY,0.2000,499148.000,2024-07-05 02:01:06.858
ETH,BUY,0.2000,499111.000,2024-07-05 02:01:10.589
ETH,SELL,0.1000,498581.000,2024-07-05 02:01:40.515
ETH,SELL,0.1000,498585.000,2024-07-05 02:01:44.077
ETH,SELL,0.1000,498585.000,2024-07-05 02:01:46.915
ETH,SELL,0.1000,498311.000,2024-07-05 02:01:49.634
ETH,SELL,0.1000,498321.000,2024-07-05 02:01:53.245
ETH,SELL,0.1000,498330.000,2024-07-05 02:01:56.037
ETH,SELL,0.1000,498337.000,2024-07-05 02:01:59.071
ETH,SELL,0.1000,498347.000,2024-07-05 02:02:03.302
ETH,SELL,0.1000,498352.000,2024-07-05 02:02:06.876
ETH,SELL,0.1000,498353.000,2024-07-05 02:02:08.476
ETH,SELL,0.1000,498125.000,2024-07-05 02:02:11.634
ETH,SELL,0.1000,498319.000,2024-07-05 02:02:14.464
ETH,SELL,0.1000,498129.000,2024-07-05 02:02:17.523
ETH,SELL,0.1000,498132.000,2024-07-05 02:02:21.897
ETH,SELL,0.1000,498133.000,2024-07-05 02:02:23.771
ETH,SELL,0.1000,498135.000,2024-07-05 02:02:26.767
ETH,SELL,0.1000,498137.000,2024-07-05 02:02:30.155
ETH,SELL,0.1000,497765.000,2024-07-05 02:02:33.284
ETH,SELL,0.1000,497794.000,2024-07-05 02:02:36.823
ETH,BUY,0.6100,497795.000,2024-07-05 02:02:37.379
ETH,BUY,0.0200,497795.000,2024-07-05 02:02:37.544
ETH,SELL,0.1000,497800.000,2024-07-05 02:02:39.733
ETH,SELL,0.1000,497801.000,2024-07-05 02:02:42.397
ETH,BUY,0.0200,498084.000,2024-07-05 02:03:04.844
ETH,SELL,0.0470,497716.000,2024-07-05 02:03:54.497
ETH,SELL,0.0210,497700.000,2024-07-05 02:04:31.958
ETH,BUY,0.0100,497571.000,2024-07-05 02:04:44.235
ETH,BUY,0.0100,497592.000,2024-07-05 02:04:44.235
ETH,SELL,0.1000,497358.000,2024-07-05 02:04:59.761
ETH,SELL,0.0200,497364.000,2024-07-05 02:05:07.792
ETH,SELL,0.0700,497362.000,2024-07-05 02:05:07.792
ETH,SELL,0.0100,497355.000,2024-07-05 02:05:07.792
ETH,SELL,0.0500,497355.000,2024-07-05 02:05:09.253
ETH,SELL,0.0500,497067.000,2024-07-05 02:05:09.253
ETH,BUY,0.0200,497107.000,2024-07-05 02:05:14.284
ETH,BUY,0.0200,497291.000,2024-07-05 02:05:24.748
ETH,BUY,0.0200,497244.000,2024-07-05 02:05:34.333
ETH,BUY,0.0200,497481.000,2024-07-05 02:05:44.356
ETH,BUY,0.0200,497741.000,2024-07-05 02:05:54.320
ETH,BUY,0.0200,497864.000,2024-07-05 02:06:27.569
ETH,BUY,0.0370,497877.000,2024-07-05 02:06:27.569
ETH,BUY,0.1000,497796.000,2024-07-05 02:07:12.727
ETH,SELL,0.0700,497222.000,2024-07-05 02:07:15.169
ETH,BUY,0.0700,497582.000,2024-07-05 02:07:20.415
ETH,BUY,0.0100,497640.000,2024-07-05 02:07:23.189
ETH,BUY,0.0200,497611.000,2024-07-05 02:07:24.423
ETH,BUY,0.1000,497668.000,2024-07-05 02:07:27.734
ETH,BUY,1.2000,497682.000,2024-07-05 02:07:27.734
ETH,BUY,0.3000,497670.000,2024-07-05 02:07:35.763
ETH,BUY,0.2001,497311.000,2024-07-05 02:08:00.630
ETH,BUY,0.7999,497314.000,2024-07-05 02:08:00.630
ETH,BUY,0.0200,497320.000,2024-07-05 02:08:04.414
ETH,BUY,0.0201,496850.000,2024-07-05 02:08:14.432
ETH,BUY,0.1800,496845.000,2024-07-05 02:08:15.720
ETH,BUY,0.7200,496849.000,2024-07-05 02:08:15.720
ETH,BUY,0.2000,496798.000,2024-07-05 02:08:19.865
ETH,BUY,0.0621,496798.000,2024-07-05 02:08:20.302
ETH,BUY,0.2000,496799.000,2024-07-05 02:08:20.302
ETH,BUY,0.4027,496634.000,2024-07-05 02:08:23.620
ETH,BUY,0.4000,496633.000,2024-07-05 02:08:23.851
ETH,BUY,0.1973,496633.000,2024-07-05 02:08:23.940
ETH,BUY,0.5563,496634.000,2024-07-05 02:08:23.940
ETH,BUY,0.2464,496857.000,2024-07-05 02:08:23.940
ETH,SELL,0.0100,496388.000,2024-07-05 02:08:54.820
ETH,SELL,0.0100,496341.000,2024-07-05 02:08:54.820
ETH,SELL,0.0800,495737.000,2024-07-05 02:08:54.820
ETH,BUY,0.8000,495871.000,2024-07-05 02:08:59.680
ETH,BUY,0.1000,495929.000,2024-07-05 02:09:03.985
ETH,BUY,1.0000,495958.000,2024-07-05 02:09:06.746
ETH,BUY,0.1230,495919.000,2024-07-05 02:10:07.492
ETH,BUY,0.0100,495919.000,2024-07-05 02:10:07.669
ETH,BUY,0.0300,495905.000,2024-07-05 02:10:20.485
ETH,BUY,1.0000,495191.000,2024-07-05 02:10:35.143
ETH,BUY,0.1000,495920.000,2024-07-05 02:10:35.709
ETH,SELL,0.0735,495195.000,2024-07-05 02:10:36.207
ETH,BUY,1.0000,495414.000,2024-07-05 02:10:39.725
ETH,BUY,0.0201,495525.000,2024-07-05 02:10:44.285
ETH,BUY,0.3000,495602.000,2024-07-05 02:10:47.693
ETH,BUY,0.0201,495639.000,2024-07-05 02:10:54.377
ETH,SELL,0.2000,495366.000,2024-07-05 02:11:11.238
ETH,BUY,0.0201,495465.000,2024-07-05 02:11:14.422
ETH,BUY,0.0201,495523.000,2024-07-05 02:11:24.399
ETH,BUY,0.0201,495552.000,2024-07-05 02:11:34.562
ETH,BUY,0.0201,495610.000,2024-07-05 02:11:44.320
ETH,BUY,0.0201,495634.000,2024-07-05 02:11:54.374
ETH,BUY,0.0201,495664.000,2024-07-05 02:12:04.386
ETH,BUY,0.0201,495697.000,2024-07-05 02:12:14.325
ETH,BUY,0.0100,495802.000,2024-07-05 02:12:18.057
ETH,BUY,0.8100,495576.000,2024-07-05 02:12:22.797
ETH,BUY,0.1900,495576.000,2024-07-05 02:12:23.020
ETH,BUY,1.0000,496127.000,2024-07-05 02:12:24.047
ETH,BUY,0.0201,496153.000,2024-07-05 02:12:24.354
ETH,BUY,0.0100,495731.000,2024-07-05 02:12:25.069
ETH,BUY,0.9900,495731.000,2024-07-05 02:12:27.190
ETH,BUY,0.0201,495849.000,2024-07-05 02:12:34.207
ETH,BUY,0.1000,496103.000,2024-07-05 02:12:39.754
ETH,SELL,0.0100,496000.000,2024-07-05 02:13:04.067
ETH,SELL,0.0148,495770.000,2024-07-05 02:13:04.067
ETH,BUY,0.0288,495842.000,2024-07-05 02:13:06.328
ETH,SELL,0.6300,495712.000,2024-07-05 02:13:07.008
ETH,SELL,0.0700,495712.000,2024-07-05 02:13:07.008
ETH,SELL,0.3000,495632.000,2024-07-05 02:13:07.008
ETH,BUY,0.0201,495726.000,2024-07-05 02:13:14.370
ETH,SELL,0.2232,495540.000,2024-07-05 02:13:23.387
