symbol,side,size,price,timestamp
ETH,BUY,0.0100,537818.000,2024-07-18 21:03:08.769
ETH,BUY,0.0100,537830.000,2024-07-18 21:03:08.769
ETH,BUY,0.0200,537880.000,2024-07-18 21:03:10.994
ETH,BUY,0.0400,537891.000,2024-07-18 21:03:12.864
ETH,BUY,0.0100,537914.000,2024-07-18 21:03:28.555
ETH,BUY,0.0200,537920.000,2024-07-18 21:03:28.555
ETH,BUY,0.0250,538100.000,2024-07-18 21:14:52.475
ETH,BUY,0.4000,538211.000,2024-07-18 21:15:28.977
ETH,BUY,0.1800,538471.000,2024-07-18 21:23:51.920
ETH,BUY,0.0100,538512.000,2024-07-18 21:25:14.699
ETH,BUY,0.0200,538750.000,2024-07-18 21:25:27.703
ETH,BUY,0.1750,539101.000,2024-07-18 21:30:45.185
ETH,SELL,0.2541,539090.000,2024-07-18 21:33:20.038
ETH,BUY,0.0210,539002.000,2024-07-18 21:35:13.543
ETH,BUY,0.1790,539005.000,2024-07-18 21:35:13.543
ETH,BUY,0.0210,538959.000,2024-07-18 21:35:16.970
ETH,BUY,0.0600,538758.000,2024-07-18 21:36:43.486
ETH,BUY,0.0100,538743.000,2024-07-18 21:37:10.100
ETH,BUY,0.0201,538699.000,2024-07-18 21:40:36.393
ETH,BUY,0.0169,538734.000,2024-07-18 21:40:36.393
ETH,BUY,0.0201,538734.000,2024-07-18 21:40:38.932
ETH,BUY,0.0100,538750.000,2024-07-18 21:42:11.650
ETH,BUY,0.1500,538848.000,2024-07-18 21:42:11.650
ETH,BUY,0.0100,538849.000,2024-07-18 21:42:48.744
ETH,BUY,0.0100,538855.000,2024-07-18 21:42:48.744
ETH,BUY,0.0200,538855.000,2024-07-18 21:42:51.943
ETH,BUY,0.0471,538839.000,2024-07-18 21:53:25.535
ETH,BUY,0.0471,538965.000,2024-07-18 21:53:28.935
ETH,BUY,0.0200,539023.000,2024-07-18 21:54:37.578
ETH,BUY,0.0100,539220.000,2024-07-18 21:59:29.091
ETH,BUY,0.1000,539264.000,2024-07-18 22:01:35.173
ETH,SELL,0.0300,539252.000,2024-07-18 22:02:20.001
ETH,BUY,0.0257,539249.000,2024-07-18 22:03:11.028
ETH,BUY,0.0357,539487.000,2024-07-18 22:03:13.439
ETH,BUY,0.3200,539490.000,2024-07-18 22:05:53.097
ETH,BUY,0.5800,539490.000,2024-07-18 22:05:53.492
ETH,BUY,0.0100,539597.000,2024-07-18 22:05:53.492
ETH,BUY,0.0100,539666.000,2024-07-18 22:05:53.492
ETH,BUY,0.0100,539231.000,2024-07-18 22:09:39.270
ETH,BUY,0.0100,539237.000,2024-07-18 22:09:39.270
ETH,BUY,0.3200,539237.000,2024-07-18 22:09:39.390
ETH,BUY,0.1000,539237.000,2024-07-18 22:09:39.391
ETH,BUY,0.0100,539225.000,2024-07-18 22:09:40.107
ETH,BUY,0.0600,539259.000,2024-07-18 22:09:40.107
ETH,BUY,0.2648,539259.000,2024-07-18 22:09:40.467
ETH,BUY,0.1089,539259.000,2024-07-18 22:09:40.467
ETH,BUY,0.2263,539453.000,2024-07-18 22:09:40.467
ETH,BUY,0.0100,539253.000,2024-07-18 22:09:41.092
ETH,BUY,0.0900,539371.000,2024-07-18 22:09:41.092
ETH,BUY,0.0300,539371.000,2024-07-18 22:09:41.438
ETH,BUY,0.0100,539596.000,2024-07-18 22:13:20.095
ETH,BUY,0.0200,539632.000,2024-07-18 22:13:22.948
ETH,BUY,0.0141,539649.000,2024-07-18 22:13:44.641
ETH,BUY,0.0141,539715.000,2024-07-18 22:13:47.930
ETH,BUY,0.0287,539701.000,2024-07-18 22:14:47.905
ETH,BUY,0.1064,539805.000,2024-07-18 22:14:47.905
ETH,BUY,1.3649,539806.000,2024-07-18 22:14:47.905
ETH,BUY,0.0287,539950.000,2024-07-18 22:14:52.019
ETH,BUY,0.0128,539994.000,2024-07-18 22:17:56.805
ETH,BUY,0.0871,540000.000,2024-07-18 22:17:56.805
ETH,BUY,0.2000,540000.000,2024-07-18 22:17:56.991
ETH,BUY,0.0128,540000.000,2024-07-18 22:17:59.444
ETH,BUY,0.1000,540000.000,2024-07-18 22:17:59.481
ETH,BUY,0.5000,540000.000,2024-07-18 22:18:07.156
ETH,BUY,0.1001,540000.000,2024-07-18 22:18:10.484
ETH,BUY,0.0104,540000.000,2024-07-18 22:18:10.484
ETH,BUY,0.0100,540000.000,2024-07-18 22:18:10.484
ETH,BUY,0.0100,540033.000,2024-07-18 22:18:10.484
ETH,BUY,0.0133,540094.000,2024-07-18 22:18:10.484
ETH,BUY,0.3688,540204.000,2024-07-18 22:18:10.484
ETH,BUY,1.0000,540212.000,2024-07-18 22:18:10.484
ETH,BUY,3.4874,540241.000,2024-07-18 22:18:10.484
ETH,BUY,0.0688,540241.000,2024-07-18 22:18:10.632
ETH,BUY,0.0133,540328.000,2024-07-18 22:18:13.940
ETH,BUY,0.0100,540215.000,2024-07-18 22:19:59.435
ETH,SELL,0.0900,540582.000,2024-07-18 22:20:13.534
ETH,SELL,0.0100,540501.000,2024-07-18 22:20:13.534
ETH,SELL,0.5000,540899.000,2024-07-18 22:20:53.787
ETH,SELL,0.5000,540899.000,2024-07-18 22:20:54.365
ETH,BUY,0.0317,540871.000,2024-07-18 22:22:10.119
ETH,BUY,0.0190,540858.000,2024-07-18 22:23:37.037
ETH,BUY,1.0000,540879.000,2024-07-18 22:24:11.371
ETH,SELL,0.0100,540899.000,2024-07-18 22:25:31.946
ETH,BUY,0.0900,540896.000,2024-07-18 22:26:30.356
ETH,BUY,0.0108,540900.000,2024-07-18 22:26:30.356
ETH,BUY,0.0272,540900.000,2024-07-18 22:33:50.093
ETH,BUY,0.1981,540985.000,2024-07-18 22:33:50.093
ETH,BUY,0.0101,541017.000,2024-07-18 22:33:50.093
ETH,BUY,0.2346,541024.000,2024-07-18 22:33:50.093
ETH,BUY,0.3200,541024.000,2024-07-18 22:33:50.284
ETH,BUY,0.0100,540930.000,2024-07-18 22:36:06.796
ETH,BUY,0.4900,540936.000,2024-07-18 22:36:06.796
ETH,BUY,0.0200,540912.000,2024-07-18 22:36:08.916
ETH,BUY,0.0100,540989.000,2024-07-18 22:39:19.941
ETH,BUY,0.0039,541082.000,2024-07-18 22:39:19.941
ETH,BUY,0.0380,541100.000,2024-07-18 22:44:03.106
ETH,BUY,0.0100,541118.000,2024-07-18 22:44:03.106
ETH,BUY,0.7520,541169.000,2024-07-18 22:44:03.106
ETH,BUY,1.0000,541285.000,2024-07-18 22:45:42.944
ETH,BUY,0.4000,541401.000,2024-07-18 22:46:20.733
ETH,BUY,0.0100,541477.000,2024-07-18 22:46:36.974
ETH,BUY,0.0250,541482.000,2024-07-18 22:46:36.974
ETH,BUY,0.0200,541516.000,2024-07-18 22:46:39.936
ETH,BUY,0.0184,541254.000,2024-07-18 22:49:38.872
ETH,BUY,0.2816,541513.000,2024-07-18 22:49:38.872
ETH,BUY,0.0184,541483.000,2024-07-18 22:49:40.924
ETH,SELL,0.2000,541120.000,2024-07-18 22:49:58.341
ETH,BUY,0.0100,541163.000,2024-07-18 22:51:29.619
ETH,BUY,0.1900,541169.000,2024-07-18 22:51:29.619
ETH,BUY,0.7000,541256.000,2024-07-18 22:51:29.619
ETH,SELL,0.1774,541095.000,2024-07-18 22:53:36.248
ETH,BUY,0.0252,541045.000,2024-07-18 22:53:56.550
ETH,BUY,0.0748,541050.000,2024-07-18 22:53:56.550
ETH,BUY,0.0352,541091.000,2024-07-18 22:53:58.444
ETH,BUY,0.0193,541085.000,2024-07-18 22:54:22.001
ETH,BUY,0.0507,541091.000,2024-07-18 22:54:22.001
ETH,BUY,0.0193,541100.000,2024-07-18 22:54:24.969
ETH,BUY,0.0100,541052.000,2024-07-18 22:54:39.402
ETH,BUY,0.5000,541082.000,2024-07-18 22:59:47.297
ETH,BUY,0.5000,541111.000,2024-07-18 22:59:48.024
ETH,BUY,1.6600,541227.000,2024-07-18 23:04:25.362
ETH,SELL,0.0900,541391.000,2024-07-18 23:04:40.115
ETH,SELL,0.0100,541386.000,2024-07-18 23:04:40.115
ETH,SELL,0.1774,541086.000,2024-07-18 23:15:11.480
ETH,SELL,0.0900,541156.000,2024-07-18 23:22:48.602
ETH,SELL,0.2100,541070.000,2024-07-18 23:22:48.602
ETH,BUY,0.0200,541178.000,2024-07-18 23:26:02.191
ETH,BUY,0.0100,541168.000,2024-07-18 23:32:58.287
ETH,BUY,0.0200,541203.000,2024-07-18 23:33:00.953
ETH,SELL,0.1000,541097.000,2024-07-18 23:34:55.104
ETH,SELL,1.0533,541089.000,2024-07-18 23:34:55.104
ETH,SELL,1.0000,541089.000,2024-07-18 23:34:55.104
ETH,SELL,1.4500,541003.000,2024-07-18 23:34:55.104
ETH,SELL,0.1000,540854.000,2024-07-18 23:34:55.104
ETH,SELL,0.1000,540505.000,2024-07-18 23:34:55.104
ETH,SELL,0.5550,540504.000,2024-07-18 23:34:55.104
ETH,BUY,0.5000,540500.000,2024-07-18 23:35:07.057
ETH,SELL,0.1417,540798.000,2024-07-18 23:35:49.596
ETH,BUY,0.0600,541024.000,2024-07-18 23:37:49.521
ETH,BUY,0.0300,541006.000,2024-07-18 23:37:51.327
ETH,BUY,0.0300,541111.000,2024-07-18 23:37:54.420
ETH,BUY,0.0248,541000.000,2024-07-18 23:40:06.109
ETH,BUY,0.0152,541169.000,2024-07-18 23:40:06.109
ETH,BUY,0.0200,541186.000,2024-07-18 23:40:09.319
ETH,BUY,0.0155,541076.000,2024-07-18 23:42:30.647
ETH,BUY,0.1695,541088.000,2024-07-18 23:42:30.647
ETH,BUY,0.0155,541087.000,2024-07-18 23:42:32.953
ETH,SELL,0.2000,540247.000,2024-07-18 23:45:05.979
ETH,BUY,0.0300,540155.000,2024-07-18 23:51:20.405
ETH,SELL,0.0100,540154.000,2024-07-18 23:53:10.104
ETH,BUY,0.0400,540001.000,2024-07-18 23:53:12.227
ETH,BUY,0.0200,540001.000,2024-07-18 23:53:54.109
ETH,BUY,0.0535,540001.000,2024-07-18 23:53:54.109
ETH,SELL,0.1000,540000.000,2024-07-18 23:54:51.574
ETH,SELL,0.2780,540000.000,2024-07-18 23:54:51.574
ETH,SELL,0.0100,540000.000,2024-07-18 23:54:51.574
ETH,BUY,0.0200,539576.000,2024-07-18 23:55:30.205
ETH,BUY,0.1000,539602.000,2024-07-18 23:59:52.050
ETH,BUY,0.1335,539603.000,2024-07-18 23:59:52.050
ETH,BUY,0.0300,539449.000,2024-07-19 00:00:06.585
ETH,BUY,0.0003,539632.000,2024-07-19 00:00:06.585
ETH,BUY,0.1000,539389.000,2024-07-19 00:00:29.103
ETH,BUY,0.5000,539593.000,2024-07-19 00:00:29.103
ETH,BUY,0.1400,539661.000,2024-07-19 00:01:01.927
ETH,BUY,0.1400,539748.000,2024-07-19 00:01:08.125
ETH,BUY,0.0300,539835.000,2024-07-19 00:01:10.599
ETH,BUY,0.0200,539864.000,2024-07-19 00:01:12.119
ETH,SELL,0.0148,539219.000,2024-07-19 00:02:40.775
ETH,SELL,0.0100,539023.000,2024-07-19 00:02:40.775
ETH,SELL,0.0752,538949.000,2024-07-19 00:02:40.775
ETH,SELL,0.0100,538791.000,2024-07-19 00:03:05.481
ETH,SELL,0.0900,538671.000,2024-07-19 00:03:05.481
ETH,SELL,0.1000,538639.000,2024-07-19 00:03:22.771
ETH,SELL,0.0230,538471.000,2024-07-19 00:03:22.771
ETH,SELL,0.1000,538127.000,2024-07-19 00:03:22.771
ETH,SELL,0.1000,538126.000,2024-07-19 00:03:22.771
ETH,SELL,0.2770,538070.000,2024-07-19 00:03:22.771
ETH,BUY,0.0185,538327.000,2024-07-19 00:03:28.467
ETH,BUY,0.0185,538385.000,2024-07-19 00:03:38.457
ETH,BUY,0.0190,538200.000,2024-07-19 00:04:21.955
ETH,BUY,0.0200,538327.000,2024-07-19 00:04:51.714
ETH,BUY,0.0200,538327.000,2024-07-19 00:04:53.603
ETH,SELL,1.0000,538326.000,2024-07-19 00:04:54.339
ETH,BUY,0.0100,538385.000,2024-07-19 00:05:33.498
ETH,BUY,0.0200,538466.000,2024-07-19 00:05:36.084
ETH,BUY,0.0900,538500.000,2024-07-19 00:05:37.440
ETH,BUY,0.2000,538524.000,2024-07-19 00:05:37.440
ETH,BUY,0.6000,538501.000,2024-07-19 00:05:38.099
ETH,BUY,0.1000,538498.000,2024-07-19 00:05:40.311
ETH,BUY,0.3000,538531.000,2024-07-19 00:05:40.311
ETH,SELL,0.4000,538116.000,2024-07-19 00:06:52.153
ETH,BUY,0.6000,538230.000,2024-07-19 00:10:33.594
ETH,BUY,0.2000,538230.000,2024-07-19 00:10:34.628
ETH,BUY,0.0100,538230.000,2024-07-19 00:10:50.182
ETH,BUY,0.3200,538230.000,2024-07-19 00:11:05.583
ETH,BUY,0.1600,538230.000,2024-07-19 00:11:06.484
ETH,BUY,0.0500,538230.000,2024-07-19 00:11:26.512
ETH,BUY,0.0700,538230.000,2024-07-19 00:11:44.138
ETH,BUY,0.0200,538230.000,2024-07-19 00:11:51.504
ETH,BUY,0.1600,538230.000,2024-07-19 00:12:11.407
ETH,BUY,0.1000,538230.000,2024-07-19 00:12:12.994
ETH,BUY,0.0500,538230.000,2024-07-19 00:12:14.714
ETH,BUY,0.0411,538230.000,2024-07-19 00:12:33.364
ETH,BUY,0.0100,538230.000,2024-07-19 00:12:35.182
ETH,BUY,0.0200,538230.000,2024-07-19 00:12:35.331
ETH,BUY,1.0000,538230.000,2024-07-19 00:12:36.003
ETH,BUY,0.2200,538230.000,2024-07-19 00:12:37.182
ETH,BUY,0.3000,538230.000,2024-07-19 00:12:37.310
ETH,BUY,0.0185,538230.000,2024-07-19 00:12:38.390
ETH,BUY,0.0254,538230.000,2024-07-19 00:12:41.924
ETH,BUY,0.6185,538230.000,2024-07-19 00:12:42.012
ETH,BUY,0.0200,538230.000,2024-07-19 00:12:42.337
ETH,BUY,0.4000,538230.000,2024-07-19 00:12:42.379
ETH,BUY,0.0700,538230.000,2024-07-19 00:12:42.477
ETH,BUY,0.0700,538230.000,2024-07-19 00:12:43.111
ETH,BUY,0.1000,538230.000,2024-07-19 00:12:43.225
ETH,BUY,0.3300,538230.000,2024-07-19 00:12:43.833
ETH,BUY,0.0165,538230.000,2024-07-19 00:12:44.610
ETH,BUY,0.0835,538337.000,2024-07-19 00:12:44.610
ETH,BUY,0.0233,538839.000,2024-07-19 00:12:58.006
ETH,SELL,0.1000,538482.000,2024-07-19 00:13:04.924
ETH,BUY,0.0388,538500.000,2024-07-19 00:13:10.431
ETH,BUY,0.0100,538487.000,2024-07-19 00:13:17.793
ETH,BUY,0.0100,538487.000,2024-07-19 00:13:18.083
ETH,BUY,0.1200,538487.000,2024-07-19 00:13:18.953
ETH,BUY,0.3195,538487.000,2024-07-19 00:13:18.953
ETH,BUY,0.1505,538531.000,2024-07-19 00:13:18.953
ETH,BUY,0.1000,538537.000,2024-07-19 00:13:19.440
ETH,BUY,0.0185,538849.000,2024-07-19 00:14:28.423
ETH,BUY,0.0185,538833.000,2024-07-19 00:14:58.402
ETH,BUY,0.1800,538698.000,2024-07-19 00:15:00.083
ETH,BUY,0.0100,538578.000,2024-07-19 00:15:29.140
ETH,BUY,0.0100,538201.000,2024-07-19 00:17:04.786
ETH,BUY,0.1000,537961.000,2024-07-19 00:20:06.430
ETH,BUY,0.2000,537962.000,2024-07-19 00:20:06.430
ETH,BUY,0.0356,537863.000,2024-07-19 00:20:36.910
ETH,SELL,0.0100,537555.000,2024-07-19 00:21:03.941
ETH,SELL,0.0040,537468.000,2024-07-19 00:21:03.941
ETH,SELL,0.0164,537000.000,2024-07-19 00:21:10.960
ETH,BUY,0.0186,537069.000,2024-07-19 00:21:18.505
ETH,BUY,0.0900,537167.000,2024-07-19 00:22:05.103
ETH,SELL,0.1000,537411.000,2024-07-19 00:22:23.618
ETH,SELL,0.0900,537393.000,2024-07-19 00:22:23.618
ETH,SELL,0.2100,537301.000,2024-07-19 00:22:23.618
ETH,SELL,0.0158,537468.000,2024-07-19 00:22:26.976
ETH,BUY,0.0200,538060.000,2024-07-19 00:22:42.598
ETH,BUY,0.5800,538110.000,2024-07-19 00:22:44.383
ETH,BUY,0.0774,538356.000,2024-07-19 00:22:59.453
ETH,BUY,0.0383,538408.000,2024-07-19 00:23:04.928
ETH,SELL,1.0000,538487.000,2024-07-19 00:23:47.972
ETH,BUY,0.8000,538406.000,2024-07-19 00:24:22.904
ETH,BUY,0.0800,538406.000,2024-07-19 00:24:41.774
ETH,BUY,0.2000,538406.000,2024-07-19 00:24:43.746
ETH,BUY,0.0100,538406.000,2024-07-19 00:24:48.299
ETH,BUY,0.0100,537993.000,2024-07-19 00:25:23.272
ETH,BUY,0.0200,538261.000,2024-07-19 00:25:40.154
ETH,BUY,0.0200,538263.000,2024-07-19 00:25:41.606
ETH,BUY,0.0200,538313.000,2024-07-19 00:25:43.518
ETH,BUY,0.0200,538316.000,2024-07-19 00:25:45.125
ETH,BUY,0.0200,538321.000,2024-07-19 00:25:47.678
ETH,BUY,0.0200,538359.000,2024-07-19 00:25:49.124
ETH,BUY,0.0100,538406.000,2024-07-19 00:26:30.460
ETH,BUY,0.0200,538406.000,2024-07-19 00:26:33.115
ETH,BUY,0.0200,538406.000,2024-07-19 00:26:34.529
ETH,BUY,0.0200,538406.000,2024-07-19 00:26:36.394
ETH,BUY,0.0100,538406.000,2024-07-19 00:26:38.129
ETH,BUY,0.0300,538406.000,2024-07-19 00:26:39.591
ETH,BUY,0.0200,538406.000,2024-07-19 00:26:41.342
ETH,BUY,0.4700,538406.000,2024-07-19 00:26:43.561
ETH,BUY,0.7700,538406.000,2024-07-19 00:26:56.276
ETH,BUY,0.0900,538406.000,2024-07-19 00:26:58.317
ETH,BUY,0.6000,538406.000,2024-07-19 00:27:11.620
ETH,BUY,0.4000,538406.000,2024-07-19 00:27:12.113
ETH,BUY,0.0900,538406.000,2024-07-19 00:27:12.380
ETH,BUY,0.0900,538882.000,2024-07-19 00:27:12.380
ETH,BUY,0.0200,538956.000,2024-07-19 00:27:12.380
ETH,BUY,0.1000,538956.000,2024-07-19 00:27:12.888
ETH,BUY,0.1000,538956.000,2024-07-19 00:27:13.015
ETH,SELL,0.0190,538278.000,2024-07-19 00:29:09.001
ETH,BUY,0.0500,537926.000,2024-07-19 00:31:28.860
ETH,BUY,0.0400,538704.000,2024-07-19 00:35:34.271
ETH,SELL,0.0168,538432.000,2024-07-19 00:35:58.858
ETH,SELL,0.0100,538725.000,2024-07-19 00:36:38.003
ETH,BUY,0.0200,538541.000,2024-07-19 00:37:43.662
ETH,BUY,0.0158,538572.000,2024-07-19 00:37:43.662
ETH,BUY,0.0642,538637.000,2024-07-19 00:37:43.662
ETH,BUY,0.6000,538382.000,2024-07-19 00:38:41.085
ETH,BUY,0.0186,538287.000,2024-07-19 00:41:32.941
ETH,BUY,0.6000,538287.000,2024-07-19 00:41:33.104
ETH,BUY,0.0238,538675.000,2024-07-19 00:42:53.497
ETH,BUY,0.0100,537636.000,2024-07-19 00:45:34.803
ETH,SELL,1.0000,537177.000,2024-07-19 00:47:02.625
ETH,SELL,0.6400,537158.000,2024-07-19 00:47:02.625
ETH,BUY,0.0180,537341.000,2024-07-19 00:48:52.235
ETH,SELL,0.0200,537023.000,2024-07-19 00:50:36.615
ETH,BUY,0.2000,537051.000,2024-07-19 00:51:02.999
ETH,SELL,0.3836,537000.000,2024-07-19 00:52:13.361
ETH,BUY,0.0200,536390.000,2024-07-19 00:52:29.920
ETH,BUY,0.3893,536619.000,2024-07-19 00:52:29.920
ETH,BUY,0.0200,536619.000,2024-07-19 00:52:30.004
ETH,BUY,0.8200,536701.000,2024-07-19 00:52:37.974
ETH,SELL,0.2710,536521.000,2024-07-19 00:53:04.015
ETH,BUY,0.0800,536784.000,2024-07-19 00:53:23.412
ETH,SELL,0.0900,536358.000,2024-07-19 00:58:16.288
ETH,SELL,0.1100,536307.000,2024-07-19 00:58:16.288
ETH,SELL,0.2000,536336.000,2024-07-19 00:59:00.656
ETH,SELL,0.0200,535983.000,2024-07-19 01:00:28.815
ETH,SELL,0.1269,535700.000,2024-07-19 01:00:34.458
ETH,SELL,0.0215,535753.000,2024-07-19 01:00:46.022
ETH,SELL,0.0132,535630.000,2024-07-19 01:00:51.485
ETH,SELL,0.0167,535587.000,2024-07-19 01:01:02.942
ETH,SELL,0.0174,535500.000,2024-07-19 01:03:18.949
ETH,SELL,0.0162,535500.000,2024-07-19 01:03:28.934
ETH,SELL,0.0044,535500.000,2024-07-19 01:04:00.601
ETH,SELL,0.0534,535215.000,2024-07-19 01:05:34.013
ETH,SELL,0.0159,535229.000,2024-07-19 01:05:48.123
ETH,SELL,0.2355,535105.000,2024-07-19 01:06:02.610
ETH,SELL,0.0100,535000.000,2024-07-19 01:06:35.411
ETH,SELL,0.0934,535000.000,2024-07-19 01:06:35.411
ETH,BUY,0.0400,534720.000,2024-07-19 01:07:19.223
ETH,BUY,0.3200,534720.000,2024-07-19 01:07:19.483
ETH,BUY,0.0200,534944.000,2024-07-19 01:07:40.657
ETH,BUY,0.0200,534710.000,2024-07-19 01:08:17.241
ETH,BUY,0.1000,534501.000,2024-07-19 01:08:31.211
ETH,SELL,0.0250,534500.000,2024-07-19 01:08:40.966
ETH,SELL,0.0250,534500.000,2024-07-19 01:08:40.966
ETH,SELL,0.0500,534369.000,2024-07-19 01:08:40.966
ETH,SELL,0.1900,534055.000,2024-07-19 01:08:40.966
ETH,SELL,0.5563,534051.000,2024-07-19 01:08:40.966
ETH,BUY,0.0186,534196.000,2024-07-19 01:08:48.478
ETH,BUY,0.0186,534299.000,2024-07-19 01:08:58.489
ETH,BUY,0.0186,534248.000,2024-07-19 01:09:18.570
ETH,BUY,0.9814,534247.000,2024-07-19 01:09:20.325
ETH,BUY,0.4702,534378.000,2024-07-19 01:09:20.325
ETH,BUY,1.1340,534415.000,2024-07-19 01:09:20.325
ETH,BUY,0.7979,534427.000,2024-07-19 01:09:20.325
ETH,BUY,1.2500,534501.000,2024-07-19 01:09:40.342
ETH,BUY,1.0000,534501.000,2024-07-19 01:09:40.342
ETH,BUY,0.2307,534524.000,2024-07-19 01:09:40.342
ETH,BUY,0.6358,534528.000,2024-07-19 01:09:40.342
ETH,BUY,0.0186,534206.000,2024-07-19 01:10:08.528
ETH,BUY,0.0186,534376.000,2024-07-19 01:10:18.564
ETH,BUY,0.6000,534633.000,2024-07-19 01:10:21.196
ETH,BUY,0.6000,534941.000,2024-07-19 01:10:29.134
ETH,BUY,0.0300,534941.000,2024-07-19 01:10:29.640
ETH,SELL,0.0100,534940.000,2024-07-19 01:10:30.602
ETH,BUY,0.0500,535019.000,2024-07-19 01:10:59.055
ETH,BUY,0.6000,535434.000,2024-07-19 01:11:18.261
ETH,SELL,0.1000,535235.000,2024-07-19 01:13:47.770
ETH,BUY,0.1500,534313.000,2024-07-19 01:14:43.526
ETH,SELL,0.0104,534147.000,2024-07-19 01:14:46.440
ETH,SELL,0.0123,534147.000,2024-07-19 01:14:51.945
ETH,BUY,0.3700,534310.000,2024-07-19 01:15:37.094
ETH,BUY,0.2300,534342.000,2024-07-19 01:15:39.523
ETH,SELL,0.2400,534491.000,2024-07-19 01:15:58.434
ETH,BUY,0.0530,534599.000,2024-07-19 01:16:35.493
ETH,BUY,0.0115,534195.000,2024-07-19 01:18:03.487
ETH,SELL,0.0950,534000.000,2024-07-19 01:18:35.211
ETH,BUY,0.3433,533692.000,2024-07-19 01:18:38.184
ETH,BUY,0.0900,533738.000,2024-07-19 01:18:38.184
ETH,BUY,0.0667,533964.000,2024-07-19 01:18:38.184
ETH,BUY,0.0187,533626.000,2024-07-19 01:18:48.504
ETH,BUY,0.5000,534370.000,2024-07-19 01:22:36.747
ETH,BUY,0.1000,534506.000,2024-07-19 01:22:38.411
ETH,SELL,0.5400,535045.000,2024-07-19 01:24:18.646
ETH,BUY,0.6000,535504.000,2024-07-19 01:25:48.482
ETH,BUY,0.6000,535588.000,2024-07-19 01:26:05.668
ETH,BUY,0.6000,535711.000,2024-07-19 01:26:20.897
ETH,BUY,0.6000,535763.000,2024-07-19 01:26:26.509
ETH,BUY,0.0700,536049.000,2024-07-19 01:26:34.634
ETH,BUY,0.0200,536219.000,2024-07-19 01:26:50.223
ETH,BUY,0.0400,536311.000,2024-07-19 01:26:58.774
ETH,BUY,0.0800,536218.000,2024-07-19 01:28:08.912
ETH,SELL,0.0190,536311.000,2024-07-19 01:28:12.490
ETH,SELL,0.0115,536484.000,2024-07-19 01:29:51.618
ETH,BUY,0.0200,536632.000,2024-07-19 01:30:09.238
ETH,SELL,0.0196,536689.000,2024-07-19 01:30:16.438
ETH,BUY,0.0692,536837.000,2024-07-19 01:30:22.425
ETH,BUY,0.0401,537076.000,2024-07-19 01:30:26.073
ETH,BUY,0.5000,537213.000,2024-07-19 01:30:28.804
ETH,BUY,0.0263,537053.000,2024-07-19 01:31:10.925
ETH,BUY,0.1000,536810.000,2024-07-19 01:31:58.283
ETH,BUY,0.0252,536810.000,2024-07-19 01:31:58.429
ETH,BUY,0.0758,536812.000,2024-07-19 01:31:58.429
ETH,BUY,0.2000,536181.000,2024-07-19 01:34:17.060
ETH,BUY,0.0300,536180.000,2024-07-19 01:34:42.625
ETH,BUY,0.0100,536459.000,2024-07-19 01:34:48.419
ETH,BUY,0.0100,536563.000,2024-07-19 01:36:07.088
ETH,BUY,0.5000,536590.000,2024-07-19 01:36:23.734
ETH,BUY,1.0000,536590.000,2024-07-19 01:36:23.734
ETH,BUY,0.1978,536598.000,2024-07-19 01:36:23.734
ETH,BUY,1.0000,536812.000,2024-07-19 01:36:45.396
ETH,BUY,2.8872,536935.000,2024-07-19 01:36:45.396
ETH,SELL,0.0124,537055.000,2024-07-19 01:37:50.460
ETH,BUY,0.1000,537309.000,2024-07-19 01:39:22.610
ETH,SELL,0.0200,537315.000,2024-07-19 01:39:48.443
ETH,BUY,2.3800,537341.000,2024-07-19 01:40:02.908
ETH,SELL,0.1524,537113.000,2024-07-19 01:40:04.393
ETH,BUY,0.0100,537350.000,2024-07-19 01:41:12.578
ETH,SELL,0.0477,537783.000,2024-07-19 01:44:49.509
ETH,BUY,0.0485,537778.000,2024-07-19 01:45:27.934
ETH,BUY,0.0100,537780.000,2024-07-19 01:48:37.841
ETH,BUY,0.0219,537780.000,2024-07-19 01:48:40.991
ETH,BUY,0.0181,537780.000,2024-07-19 01:50:06.082
ETH,BUY,0.0322,538443.000,2024-07-19 01:50:41.924
ETH,SELL,0.0900,538440.000,2024-07-19 01:51:01.347
ETH,SELL,0.1100,538320.000,2024-07-19 01:51:01.347
ETH,BUY,0.0239,538559.000,2024-07-19 01:51:03.968
ETH,SELL,0.5100,538132.000,2024-07-19 01:52:24.051
ETH,BUY,0.0182,537994.000,2024-07-19 01:53:29.880
ETH,BUY,0.1040,538002.000,2024-07-19 01:53:29.880
ETH,BUY,0.0498,538026.000,2024-07-19 01:53:29.880
ETH,SELL,0.1000,538005.000,2024-07-19 01:55:53.356
ETH,SELL,1.6700,537985.000,2024-07-19 01:58:06.946
ETH,SELL,0.7100,537984.000,2024-07-19 01:58:06.946
ETH,BUY,0.0250,538530.000,2024-07-19 01:59:58.216
ETH,SELL,0.1000,538355.000,2024-07-19 02:00:19.030
ETH,SELL,0.2700,538343.000,2024-07-19 02:00:19.030
ETH,BUY,4.1700,538530.000,2024-07-19 02:03:24.977
ETH,BUY,0.0100,538704.000,2024-07-19 02:04:54.520
ETH,BUY,2.0000,538733.000,2024-07-19 02:07:52.702
ETH,BUY,0.0900,538741.000,2024-07-19 02:07:59.965
ETH,BUY,1.9100,538820.000,2024-07-19 02:07:59.965
ETH,BUY,0.1000,538784.000,2024-07-19 02:08:10.992
ETH,BUY,1.6700,538923.000,2024-07-19 02:08:10.992
ETH,BUY,0.2300,538930.000,2024-07-19 02:08:10.992
ETH,BUY,0.4800,538882.000,2024-07-19 02:08:16.485
ETH,BUY,1.5200,539023.000,2024-07-19 02:08:16.485
ETH,BUY,0.1100,539028.000,2024-07-19 02:08:41.631
ETH,BUY,0.6810,539079.000,2024-07-19 02:08:41.631
ETH,BUY,0.2000,539080.000,2024-07-19 02:08:41.631
ETH,BUY,1.0090,539081.000,2024-07-19 02:08:41.631
ETH,SELL,0.2000,538776.000,2024-07-19 02:12:28.229
ETH,BUY,0.0202,538907.000,2024-07-19 02:13:30.478
ETH,BUY,0.2500,538994.000,2024-07-19 02:14:28.225
ETH,SELL,0.3400,538741.000,2024-07-19 02:14:36.007
ETH,BUY,0.1700,538907.000,2024-07-19 02:14:45.533
ETH,BUY,0.0900,538890.000,2024-07-19 02:15:38.574
ETH,BUY,0.0900,539023.000,2024-07-19 02:15:38.574
ETH,BUY,0.0161,538877.000,2024-07-19 02:15:39.205
ETH,BUY,2.0000,538936.000,2024-07-19 02:16:44.960
ETH,BUY,2.0000,538965.000,2024-07-19 02:18:34.662
ETH,BUY,2.0000,539023.000,2024-07-19 02:18:45.184
ETH,BUY,0.2000,539033.000,2024-07-19 02:19:13.094
ETH,BUY,1.8000,539081.000,2024-07-19 02:19:13.094
ETH,BUY,2.0000,539139.000,2024-07-19 02:19:25.506
ETH,BUY,0.8000,539168.000,2024-07-19 02:19:36.554
ETH,SELL,0.2000,538851.000,2024-07-19 02:19:53.470
ETH,BUY,2.0000,538878.000,2024-07-19 02:20:07.628
ETH,BUY,1.8000,538965.000,2024-07-19 02:20:18.627
ETH,BUY,2.0000,538994.000,2024-07-19 02:20:51.778
ETH,BUY,1.0750,539081.000,2024-07-19 02:21:05.769
ETH,BUY,0.5400,538799.000,2024-07-19 02:22:11.016
ETH,BUY,0.0600,538924.000,2024-07-19 02:22:11.016
ETH,BUY,0.0400,538601.000,2024-07-19 02:22:25.359
ETH,BUY,0.1600,538985.000,2024-07-19 02:22:25.359
ETH,BUY,0.0500,538384.000,2024-07-19 02:22:42.366
ETH,BUY,0.0160,538472.000,2024-07-19 02:22:57.365
ETH,BUY,0.1269,538472.000,2024-07-19 02:28:04.041
ETH,BUY,0.0283,538907.000,2024-07-19 02:28:56.919
ETH,BUY,0.0200,538545.000,2024-07-19 02:34:53.294
ETH,BUY,0.1800,538464.000,2024-07-19 02:36:57.295
ETH,BUY,0.1069,538315.000,2024-07-19 02:38:13.986
ETH,BUY,0.1000,538441.000,2024-07-19 02:38:13.986
ETH,BUY,0.0546,538464.000,2024-07-19 02:38:13.986
ETH,BUY,0.0285,538530.000,2024-07-19 02:38:13.986
ETH,SELL,0.0900,538195.000,2024-07-19 02:39:39.972
ETH,SELL,0.0600,538090.000,2024-07-19 02:39:39.972
ETH,BUY,2.4300,538211.000,2024-07-19 02:40:47.636
ETH,SELL,0.0965,538165.000,2024-07-19 02:41:41.041
ETH,BUY,0.0191,537940.000,2024-07-19 02:44:33.636
ETH,BUY,0.0100,538414.000,2024-07-19 02:46:38.897
ETH,BUY,0.0900,538304.000,2024-07-19 02:47:52.543
ETH,BUY,0.0600,538331.000,2024-07-19 02:47:52.543
ETH,BUY,0.0191,538332.000,2024-07-19 02:47:52.543
ETH,BUY,0.0965,538338.000,2024-07-19 02:47:52.543
ETH,BUY,1.0344,538501.000,2024-07-19 02:47:52.543
ETH,SELL,0.0100,537740.000,2024-07-19 02:50:14.924
ETH,SELL,0.0129,537522.000,2024-07-19 02:50:50.554
ETH,SELL,0.0800,537352.000,2024-07-19 02:50:56.432
ETH,SELL,0.1000,537050.000,2024-07-19 02:51:05.956
ETH,BUY,0.0900,537142.000,2024-07-19 02:51:06.090
ETH,SELL,0.0211,537129.000,2024-07-19 02:51:20.768
ETH,SELL,0.0800,536929.000,2024-07-19 02:52:46.509
ETH,SELL,0.2100,536857.000,2024-07-19 02:52:46.509
ETH,BUY,0.0132,537399.000,2024-07-19 02:54:30.951
ETH,BUY,2.0000,537631.000,2024-07-19 02:56:01.804
ETH,BUY,2.0000,537660.000,2024-07-19 02:56:23.964
ETH,BUY,2.0000,537718.000,2024-07-19 02:56:33.576
ETH,BUY,0.0900,537582.000,2024-07-19 02:57:13.620
ETH,BUY,0.1000,537651.000,2024-07-19 02:57:13.620
ETH,BUY,0.2100,537735.000,2024-07-19 02:57:13.620
ETH,BUY,1.6000,537776.000,2024-07-19 02:57:13.620
ETH,BUY,0.0800,537665.000,2024-07-19 02:57:25.411
ETH,BUY,0.0200,537643.000,2024-07-19 02:57:31.129
ETH,BUY,1.9800,537718.000,2024-07-19 02:57:31.129
ETH,BUY,0.0130,537776.000,2024-07-19 02:57:37.383
ETH,BUY,0.0186,537863.000,2024-07-19 03:00:08.609
ETH,SELL,0.9000,537863.000,2024-07-19 03:00:45.582
ETH,BUY,0.0400,537945.000,2024-07-19 03:01:49.481
ETH,BUY,0.0530,537950.000,2024-07-19 03:01:49.481
ETH,BUY,1.6700,538095.000,2024-07-19 03:03:25.042
ETH,BUY,0.0161,538443.000,2024-07-19 03:04:00.140
ETH,BUY,1.6700,538820.000,2024-07-19 03:05:08.530
ETH,BUY,1.6700,538705.000,2024-07-19 03:07:18.411
ETH,BUY,1.6700,538709.000,2024-07-19 03:07:18.411
ETH,BUY,4.0000,538878.000,2024-07-19 03:07:18.411
ETH,BUY,0.6600,538965.000,2024-07-19 03:07:18.411
ETH,BUY,5.3500,538994.000,2024-07-19 03:07:32.287
ETH,SELL,0.0593,539000.000,2024-07-19 03:07:33.280
ETH,SELL,0.0440,539000.000,2024-07-19 03:07:33.963
ETH,SELL,0.5000,539000.000,2024-07-19 03:07:36.185
ETH,SELL,1.6467,539000.000,2024-07-19 03:07:36.937
ETH,SELL,0.0575,538056.000,2024-07-19 03:08:02.626
ETH,SELL,0.0576,537855.000,2024-07-19 03:08:08.122
ETH,SELL,0.0011,537855.000,2024-07-19 03:08:08.122
ETH,BUY,0.0440,538000.000,2024-07-19 03:12:32.611
ETH,BUY,0.0560,538037.000,2024-07-19 03:12:32.611
ETH,SELL,0.1300,538500.000,2024-07-19 03:16:21.277
ETH,SELL,0.0700,538366.000,2024-07-19 03:16:21.277
ETH,SELL,0.0300,538356.000,2024-07-19 03:16:33.289
ETH,SELL,0.1700,538051.000,2024-07-19 03:16:33.289
ETH,SELL,0.1000,538413.000,2024-07-19 03:16:40.294
ETH,SELL,0.1000,538040.000,2024-07-19 03:16:40.294
ETH,BUY,0.0100,538501.000,2024-07-19 03:20:50.177
ETH,BUY,0.0100,538820.000,2024-07-19 03:24:44.530
ETH,BUY,0.1000,538821.000,2024-07-19 03:29:50.308
ETH,BUY,0.0740,538821.000,2024-07-19 03:30:56.963
ETH,BUY,0.0100,539000.000,2024-07-19 03:31:28.268
ETH,BUY,0.0150,539000.000,2024-07-19 03:31:45.315
ETH,SELL,0.0900,539233.000,2024-07-19 03:33:03.344
ETH,SELL,0.9100,539133.000,2024-07-19 03:33:03.344
ETH,BUY,0.0700,539134.000,2024-07-19 03:34:36.515
ETH,BUY,0.3050,539188.000,2024-07-19 03:34:36.515
ETH,BUY,0.0200,539134.000,2024-07-19 03:34:52.875
ETH,SELL,0.0200,539133.000,2024-07-19 03:37:07.966
ETH,BUY,0.5556,539255.000,2024-07-19 03:40:07.138
ETH,BUY,0.0233,539487.000,2024-07-19 03:40:15.181
ETH,BUY,0.0346,539632.000,2024-07-19 03:40:37.147
ETH,BUY,0.0419,539629.000,2024-07-19 03:42:02.166
ETH,BUY,0.2000,539777.000,2024-07-19 03:42:22.618
ETH,BUY,0.0200,540003.000,2024-07-19 03:42:49.586
ETH,BUY,0.0100,540270.000,2024-07-19 03:42:49.661
ETH,BUY,0.4900,540270.000,2024-07-19 03:42:49.749
ETH,BUY,0.0146,540502.000,2024-07-19 03:43:09.121
ETH,BUY,0.0272,540473.000,2024-07-19 03:43:14.615
ETH,SELL,0.4900,540115.000,2024-07-19 03:43:36.179
ETH,BUY,0.0185,540589.000,2024-07-19 03:44:54.108
ETH,BUY,0.0622,540676.000,2024-07-19 03:44:56.135
ETH,BUY,0.0380,540700.000,2024-07-19 03:44:58.788
ETH,BUY,0.0120,540705.000,2024-07-19 03:44:58.788
ETH,BUY,0.0400,540734.000,2024-07-19 03:47:28.995
ETH,BUY,2.0000,540734.000,2024-07-19 03:47:29.377
ETH,BUY,0.5100,540653.000,2024-07-19 03:47:35.703
ETH,BUY,0.0500,540734.000,2024-07-19 03:47:35.703
ETH,BUY,0.6050,540734.000,2024-07-19 03:47:35.703
ETH,BUY,0.8350,540763.000,2024-07-19 03:47:35.703
ETH,BUY,2.0000,540908.000,2024-07-19 03:47:46.881
ETH,SELL,0.0200,540436.000,2024-07-19 03:47:55.106
ETH,BUY,2.0000,540531.000,2024-07-19 03:47:56.454
ETH,BUY,0.0100,540531.000,2024-07-19 03:47:56.805
ETH,BUY,2.0000,540705.000,2024-07-19 03:48:10.821
ETH,BUY,2.0000,540821.000,2024-07-19 03:48:17.556
ETH,BUY,0.0200,540770.000,2024-07-19 03:48:23.748
ETH,BUY,1.9800,540879.000,2024-07-19 03:48:23.748
ETH,BUY,2.0000,540966.000,2024-07-19 03:48:30.448
ETH,BUY,0.0600,540995.000,2024-07-19 03:48:40.617
ETH,BUY,0.5542,541010.000,2024-07-19 03:48:40.617
ETH,BUY,0.1856,541047.000,2024-07-19 03:48:40.617
ETH,BUY,0.2000,541080.000,2024-07-19 03:48:40.617
ETH,BUY,1.0002,541082.000,2024-07-19 03:48:40.617
ETH,BUY,2.0000,541169.000,2024-07-19 03:48:49.227
ETH,BUY,0.0587,541198.000,2024-07-19 03:49:15.454
ETH,BUY,0.0700,541187.000,2024-07-19 03:50:39.770
ETH,BUY,0.0233,541092.000,2024-07-19 03:51:52.388
ETH,BUY,0.0270,541140.000,2024-07-19 03:52:00.902
ETH,BUY,0.0067,541079.000,2024-07-19 03:52:56.081
ETH,BUY,1.9933,541198.000,2024-07-19 03:52:56.081
ETH,SELL,0.0103,541101.000,2024-07-19 03:53:32.928
ETH,SELL,0.0622,540710.000,2024-07-19 03:53:34.237
ETH,BUY,0.8300,540763.000,2024-07-19 03:53:36.030
ETH,BUY,1.1700,540879.000,2024-07-19 03:53:36.030
ETH,BUY,0.0100,540908.000,2024-07-19 03:53:44.308
ETH,BUY,1.9900,540937.000,2024-07-19 03:53:44.308
ETH,BUY,0.0100,540937.000,2024-07-19 03:53:44.430
ETH,BUY,0.1000,540973.000,2024-07-19 03:53:54.340
ETH,BUY,1.9000,540995.000,2024-07-19 03:53:54.340
ETH,BUY,2.0000,541082.000,2024-07-19 03:54:01.504
ETH,BUY,0.5000,541110.000,2024-07-19 03:54:06.289
ETH,BUY,1.5000,541111.000,2024-07-19 03:54:06.289
ETH,BUY,2.0000,541140.000,2024-07-19 03:54:11.934
ETH,BUY,1.4500,541169.000,2024-07-19 03:57:41.403
ETH,BUY,0.1600,541256.000,2024-07-19 03:57:47.118
ETH,BUY,0.0100,541146.000,2024-07-19 03:57:52.806
ETH,SELL,0.0331,541145.000,2024-07-19 03:57:55.725
ETH,SELL,0.5900,541140.000,2024-07-19 03:58:31.806
ETH,BUY,0.0100,541227.000,2024-07-19 04:00:07.759
ETH,BUY,0.4770,541227.000,2024-07-19 04:00:46.572
ETH,SELL,0.4000,541371.000,2024-07-19 04:05:48.362
ETH,SELL,0.0309,541227.000,2024-07-19 04:08:48.772
ETH,SELL,0.0281,541227.000,2024-07-19 04:08:54.694
ETH,SELL,0.0255,541227.000,2024-07-19 04:08:56.474
ETH,SELL,0.0294,541227.000,2024-07-19 04:09:08.528
ETH,SELL,0.2000,541227.000,2024-07-19 04:09:11.241
ETH,SELL,0.3974,541227.000,2024-07-19 04:09:12.015
ETH,SELL,0.0277,541227.000,2024-07-19 04:09:12.019
ETH,SELL,0.4866,541140.000,2024-07-19 04:09:15.401
ETH,SELL,0.0217,541140.000,2024-07-19 04:09:20.405
ETH,SELL,0.0411,541140.000,2024-07-19 04:09:21.993
ETH,SELL,0.0700,541140.000,2024-07-19 04:09:22.728
ETH,SELL,0.0100,541140.000,2024-07-19 04:09:22.775
ETH,SELL,0.0300,541140.000,2024-07-19 04:09:22.988
ETH,SELL,0.3200,541140.000,2024-07-19 04:09:23.247
ETH,SELL,0.0340,541140.000,2024-07-19 04:09:24.018
ETH,SELL,0.1000,541140.000,2024-07-19 04:09:24.293
ETH,SELL,0.0700,541140.000,2024-07-19 04:09:24.853
ETH,SELL,0.4000,541140.000,2024-07-19 04:09:33.794
ETH,SELL,0.4770,541140.000,2024-07-19 04:09:33.848
ETH,SELL,0.5619,541140.000,2024-07-19 04:09:39.585
ETH,SELL,0.5000,541140.000,2024-07-19 04:09:44.620
ETH,BUY,0.0700,541141.000,2024-07-19 04:09:56.210
ETH,BUY,0.2000,541150.000,2024-07-19 04:09:56.210
ETH,BUY,0.2336,541153.000,2024-07-19 04:09:56.210
ETH,BUY,1.4964,541169.000,2024-07-19 04:09:56.210
ETH,BUY,3.0000,541198.000,2024-07-19 04:09:59.091
ETH,BUY,0.4000,541220.000,2024-07-19 04:11:20.541
ETH,BUY,6.1800,541256.000,2024-07-19 04:11:43.402
ETH,SELL,0.2300,541140.000,2024-07-19 04:13:49.516
ETH,SELL,0.1259,541140.000,2024-07-19 04:15:03.154
ETH,SELL,2.0000,541140.000,2024-07-19 04:15:03.509
ETH,SELL,2.0000,541140.000,2024-07-19 04:15:05.108
ETH,SELL,2.0000,541140.000,2024-07-19 04:15:09.201
ETH,SELL,2.0000,541140.000,2024-07-19 04:15:10.607
ETH,SELL,2.0000,541140.000,2024-07-19 04:15:12.117
ETH,SELL,2.0000,541140.000,2024-07-19 04:15:14.696
ETH,SELL,2.0000,541140.000,2024-07-19 04:15:16.762
ETH,SELL,0.4317,541140.000,2024-07-19 04:15:19.809
ETH,SELL,0.0001,541140.000,2024-07-19 04:16:05.323
ETH,SELL,0.1936,540634.000,2024-07-19 04:16:05.323
ETH,BUY,2.0000,540763.000,2024-07-19 04:16:53.028
ETH,BUY,0.1936,540849.000,2024-07-19 04:16:56.561
ETH,BUY,1.8064,540850.000,2024-07-19 04:16:56.561
ETH,BUY,2.0000,540879.000,2024-07-19 04:17:11.163
ETH,BUY,0.5000,540930.000,2024-07-19 04:17:16.957
ETH,BUY,1.5000,540966.000,2024-07-19 04:17:16.957
ETH,BUY,2.0000,540995.000,2024-07-19 04:17:22.117
ETH,BUY,0.2000,541080.000,2024-07-19 04:17:28.703
ETH,BUY,1.8000,541082.000,2024-07-19 04:17:28.703
ETH,BUY,2.0000,541140.000,2024-07-19 04:17:39.044
ETH,BUY,2.0000,541169.000,2024-07-19 04:17:44.837
ETH,BUY,0.0100,541190.000,2024-07-19 04:20:16.747
ETH,SELL,0.0502,541000.000,2024-07-19 04:21:10.168
ETH,SELL,0.3098,541000.000,2024-07-19 04:21:11.307
ETH,SELL,0.0900,540906.000,2024-07-19 04:22:05.505
ETH,SELL,0.0047,540855.000,2024-07-19 04:22:05.505
ETH,SELL,0.2053,540852.000,2024-07-19 04:22:05.505
ETH,BUY,2.0000,540937.000,2024-07-19 04:23:01.486
ETH,SELL,0.2000,540710.000,2024-07-19 04:23:46.048
ETH,SELL,0.1301,540706.000,2024-07-19 04:23:46.048
ETH,BUY,2.0000,540821.000,2024-07-19 04:24:03.090
ETH,BUY,2.0000,540850.000,2024-07-19 04:24:24.668
ETH,BUY,0.1301,540787.000,2024-07-19 04:25:22.132
ETH,BUY,0.0900,540788.000,2024-07-19 04:25:22.132
ETH,BUY,0.0100,540800.000,2024-07-19 04:25:22.132
ETH,BUY,0.2053,540845.000,2024-07-19 04:25:22.132
ETH,BUY,0.5000,540890.000,2024-07-19 04:25:22.132
ETH,BUY,1.0646,540908.000,2024-07-19 04:25:22.132
ETH,BUY,1.0000,540995.000,2024-07-19 04:25:34.329
ETH,BUY,0.2000,541082.000,2024-07-19 04:25:51.317
ETH,BUY,0.0200,541111.000,2024-07-19 04:26:08.692
ETH,BUY,0.0200,541140.000,2024-07-19 04:26:23.051
ETH,BUY,4.0000,541401.000,2024-07-19 04:32:59.870
ETH,BUY,4.0000,541430.000,2024-07-19 04:32:59.870
ETH,BUY,0.0100,541459.000,2024-07-19 04:32:59.870
ETH,BUY,0.1900,541459.000,2024-07-19 04:32:59.870
ETH,BUY,0.0400,541500.000,2024-07-19 04:32:59.870
ETH,BUY,4.0000,541575.000,2024-07-19 04:32:59.870
ETH,BUY,4.0000,541633.000,2024-07-19 04:32:59.870
ETH,BUY,2.1600,541662.000,2024-07-19 04:32:59.870
ETH,SELL,0.2000,541005.000,2024-07-19 04:37:28.317
ETH,SELL,1.0444,541000.000,2024-07-19 04:37:28.317
ETH,SELL,0.0900,540965.000,2024-07-19 04:37:28.317
ETH,SELL,1.0000,540830.000,2024-07-19 04:37:28.317
ETH,SELL,0.2332,540828.000,2024-07-19 04:37:28.317
ETH,SELL,0.1000,540477.000,2024-07-19 04:37:28.317
ETH,SELL,0.3324,540254.000,2024-07-19 04:37:28.317
ETH,BUY,1.0000,541081.000,2024-07-19 04:37:30.835
ETH,BUY,0.1000,541110.000,2024-07-19 04:37:44.646
ETH,BUY,0.5110,541111.000,2024-07-19 04:37:44.646
ETH,BUY,2.0000,541169.000,2024-07-19 04:38:23.977
ETH,BUY,1.8710,541198.000,2024-07-19 04:38:39.136
ETH,BUY,2.0000,541256.000,2024-07-19 04:39:07.540
ETH,BUY,1.0000,541285.000,2024-07-19 04:39:21.125
ETH,BUY,0.2334,541296.000,2024-07-19 04:39:54.280
ETH,BUY,0.1566,541314.000,2024-07-19 04:39:54.280
ETH,BUY,0.3000,541343.000,2024-07-19 04:40:34.030
ETH,BUY,0.0400,541401.000,2024-07-19 04:40:47.324
ETH,BUY,0.0200,541405.000,2024-07-19 04:40:58.623
ETH,BUY,0.0700,541382.000,2024-07-19 04:41:55.895
ETH,BUY,0.2300,541430.000,2024-07-19 04:41:55.895
ETH,BUY,1.8400,541459.000,2024-07-19 04:46:59.907
ETH,SELL,0.0100,541400.000,2024-07-19 04:53:15.121
ETH,SELL,0.0269,541400.000,2024-07-19 04:53:37.838
ETH,BUY,0.2000,541425.000,2024-07-19 04:56:42.800
ETH,BUY,1.0444,541426.000,2024-07-19 04:56:42.800
ETH,BUY,0.7556,541430.000,2024-07-19 04:56:42.800
ETH,BUY,0.2336,541450.000,2024-07-19 04:57:04.785
ETH,BUY,1.7664,541488.000,2024-07-19 04:57:04.785
ETH,SELL,0.0900,541313.000,2024-07-19 04:57:43.771
ETH,BUY,0.0900,541310.000,2024-07-19 04:57:49.366
ETH,BUY,1.9100,541401.000,2024-07-19 04:57:49.366
ETH,SELL,0.0900,541024.000,2024-07-19 04:58:34.792
ETH,SELL,0.1000,540946.000,2024-07-19 04:58:38.987
ETH,BUY,0.0900,540747.000,2024-07-19 04:58:42.913
ETH,BUY,1.9100,540966.000,2024-07-19 04:58:42.913
ETH,BUY,0.1000,540769.000,2024-07-19 04:58:51.976
ETH,BUY,0.9000,540995.000,2024-07-19 04:58:51.976
ETH,SELL,0.0900,540948.000,2024-07-19 04:59:01.982
ETH,SELL,0.0100,540914.000,2024-07-19 04:59:01.982
ETH,BUY,0.0900,540915.000,2024-07-19 04:59:04.519
ETH,BUY,0.1100,540995.000,2024-07-19 04:59:04.519
ETH,BUY,0.0200,541024.000,2024-07-19 04:59:19.087
ETH,BUY,0.0100,541021.000,2024-07-19 04:59:33.608
ETH,BUY,0.0050,541053.000,2024-07-19 04:59:33.608
ETH,SELL,0.0104,540545.000,2024-07-19 04:59:54.128
ETH,BUY,1.6600,540734.000,2024-07-19 05:01:30.962
ETH,BUY,1.6600,540734.000,2024-07-19 05:01:31.034
ETH,BUY,0.0399,540850.000,2024-07-19 05:03:02.880
ETH,BUY,0.1132,540879.000,2024-07-19 05:03:28.517
ETH,BUY,0.0300,540995.000,2024-07-19 05:03:29.608
ETH,BUY,5.0000,541140.000,2024-07-19 05:07:03.742
ETH,BUY,0.4500,541256.000,2024-07-19 05:08:10.316
ETH,BUY,0.0800,541314.000,2024-07-19 05:09:01.966
ETH,BUY,0.0530,541430.000,2024-07-19 05:10:44.475
ETH,BUY,2.0000,541546.000,2024-07-19 05:11:20.095
ETH,SELL,0.0866,541545.000,2024-07-19 05:11:22.083
ETH,BUY,2.0000,541575.000,2024-07-19 05:11:25.332
ETH,BUY,0.8500,541691.000,2024-07-19 05:11:29.866
ETH,BUY,0.0104,541691.000,2024-07-19 05:11:29.866
ETH,BUY,1.1396,541720.000,2024-07-19 05:11:29.866
ETH,BUY,2.0000,541807.000,2024-07-19 05:11:34.708
ETH,SELL,0.1134,541485.000,2024-07-19 05:11:35.208
ETH,SELL,1.0440,541481.000,2024-07-19 05:11:35.208
ETH,SELL,0.7266,541390.000,2024-07-19 05:11:35.208
ETH,SELL,0.0160,541414.000,2024-07-19 05:11:36.671
ETH,BUY,0.0397,541517.000,2024-07-19 05:11:42.093
ETH,BUY,2.0000,541633.000,2024-07-19 05:11:51.803
ETH,BUY,2.0000,541662.000,2024-07-19 05:11:56.744
ETH,BUY,2.0000,541691.000,2024-07-19 05:12:01.431
ETH,BUY,2.0000,541749.000,2024-07-19 05:12:05.848
ETH,BUY,0.7266,541784.000,2024-07-19 05:12:10.305
ETH,BUY,1.2734,541785.000,2024-07-19 05:12:10.305
ETH,BUY,0.3865,541747.000,2024-07-19 05:12:15.960
ETH,BUY,1.6135,541748.000,2024-07-19 05:12:15.960
ETH,BUY,1.0440,541637.000,2024-07-19 05:12:20.950
ETH,BUY,0.0464,541638.000,2024-07-19 05:12:20.950
ETH,BUY,0.9096,541778.000,2024-07-19 05:12:20.950
ETH,BUY,0.0200,541754.000,2024-07-19 05:12:25.529
ETH,BUY,1.9800,541807.000,2024-07-19 05:12:25.529
ETH,BUY,1.2900,541836.000,2024-07-19 05:12:36.135
ETH,BUY,0.7100,541865.000,2024-07-19 05:12:36.135
ETH,BUY,2.0000,541923.000,2024-07-19 05:12:44.294
ETH,BUY,2.0000,541981.000,2024-07-19 05:14:46.235
ETH,BUY,0.1000,542000.000,2024-07-19 05:16:08.681
ETH,BUY,1.8609,542000.000,2024-07-19 05:16:08.681
ETH,BUY,0.0250,542000.000,2024-07-19 05:16:08.681
ETH,BUY,0.0141,542010.000,2024-07-19 05:16:08.681
ETH,BUY,2.0000,542068.000,2024-07-19 05:16:12.237
ETH,BUY,2.0000,542126.000,2024-07-19 05:16:30.678
ETH,BUY,2.0000,542155.000,2024-07-19 05:16:33.247
ETH,BUY,0.2370,542242.000,2024-07-19 05:16:51.810
ETH,SELL,0.0214,542155.000,2024-07-19 05:17:32.493
ETH,SELL,0.0986,542155.000,2024-07-19 05:17:32.981
ETH,SELL,0.0014,541442.000,2024-07-19 05:17:32.981
ETH,SELL,0.0240,541442.000,2024-07-19 05:19:06.858
ETH,SELL,0.2560,541442.000,2024-07-19 05:19:06.859
ETH,SELL,0.0440,540823.000,2024-07-19 05:19:06.859
ETH,SELL,0.2000,540621.000,2024-07-19 05:19:08.306
ETH,BUY,2.0000,540647.000,2024-07-19 05:19:40.404
ETH,BUY,2.0000,540763.000,2024-07-19 05:19:51.729
ETH,BUY,0.8000,540879.000,2024-07-19 05:20:05.311
ETH,BUY,0.1600,540876.000,2024-07-19 05:20:33.044
ETH,BUY,0.0200,540901.000,2024-07-19 05:20:45.982
ETH,BUY,0.0130,540896.000,2024-07-19 05:21:02.987
ETH,BUY,4.0000,540908.000,2024-07-19 05:24:36.082
ETH,BUY,0.0400,540954.000,2024-07-19 05:24:36.082
ETH,BUY,3.3500,540995.000,2024-07-19 05:24:36.082
ETH,BUY,0.0100,541020.000,2024-07-19 05:28:41.743
ETH,BUY,0.0380,541080.000,2024-07-19 05:29:39.957
ETH,BUY,0.0200,541110.000,2024-07-19 05:29:47.972
ETH,BUY,0.0200,541343.000,2024-07-19 05:41:05.652
ETH,BUY,0.2000,541575.000,2024-07-19 05:41:49.708
ETH,BUY,0.0190,541633.000,2024-07-19 05:44:59.006
ETH,SELL,0.0286,541335.000,2024-07-19 05:45:09.203
ETH,SELL,0.0179,541314.000,2024-07-19 05:45:41.573
ETH,BUY,0.0100,541343.000,2024-07-19 05:45:55.798
ETH,SELL,0.0130,541314.000,2024-07-19 05:45:56.074
ETH,SELL,0.0471,541295.000,2024-07-19 05:46:01.662
ETH,SELL,0.0155,541295.000,2024-07-19 05:46:17.590
ETH,BUY,0.2000,541662.000,2024-07-19 05:48:29.389
ETH,BUY,0.0269,541865.000,2024-07-19 05:48:51.062
ETH,SELL,0.0159,541835.000,2024-07-19 05:49:15.199
ETH,SELL,0.0929,541725.000,2024-07-19 05:50:57.829
ETH,SELL,0.2103,541721.000,2024-07-19 05:50:57.829
ETH,BUY,0.0100,541690.000,2024-07-19 05:51:32.381
ETH,BUY,0.0100,541778.000,2024-07-19 05:53:57.574
ETH,BUY,0.0210,541850.000,2024-07-19 05:56:35.544
ETH,BUY,0.0190,541865.000,2024-07-19 05:56:35.544
ETH,SELL,0.0154,541662.000,2024-07-19 05:57:17.076
ETH,BUY,0.0184,541720.000,2024-07-19 05:58:34.957
ETH,SELL,0.0155,541669.000,2024-07-19 05:59:24.080
ETH,BUY,0.2187,541748.000,2024-07-19 05:59:29.607
ETH,BUY,2.7813,541749.000,2024-07-19 05:59:29.607
ETH,SELL,0.0164,541662.000,2024-07-19 05:59:31.090
ETH,BUY,0.2000,541749.000,2024-07-19 05:59:36.889
ETH,BUY,0.1000,541778.000,2024-07-19 06:01:06.380
ETH,SELL,0.0110,541665.000,2024-07-19 06:01:57.577
ETH,SELL,0.0161,541835.000,2024-07-19 06:03:49.579
ETH,BUY,0.0700,541865.000,2024-07-19 06:04:07.606
ETH,BUY,0.0172,541923.000,2024-07-19 06:04:08.072
ETH,BUY,0.0100,542155.000,2024-07-19 06:04:45.363
ETH,BUY,0.1700,542271.000,2024-07-19 06:05:09.105
ETH,BUY,0.0900,542590.000,2024-07-19 06:06:53.101
ETH,BUY,0.0171,542996.000,2024-07-19 06:07:29.366
ETH,SELL,1.9989,543111.000,2024-07-19 06:07:43.945
ETH,BUY,0.0100,543315.000,2024-07-19 06:07:56.012
ETH,BUY,0.0193,543500.000,2024-07-19 06:08:10.196
ETH,BUY,0.0267,543500.000,2024-07-19 06:08:11.799
ETH,BUY,0.3340,543500.000,2024-07-19 06:08:13.592
ETH,BUY,0.0380,543900.000,2024-07-19 06:08:33.031
ETH,BUY,0.0200,544053.000,2024-07-19 06:08:42.349
ETH,SELL,0.0173,543721.000,2024-07-19 06:10:28.159
ETH,BUY,0.0201,543800.000,2024-07-19 06:11:23.800
ETH,SELL,0.0200,543799.000,2024-07-19 06:11:36.325
ETH,BUY,0.2000,543800.000,2024-07-19 06:12:29.381
ETH,BUY,0.6000,543800.000,2024-07-19 06:12:29.580
ETH,BUY,0.0153,543800.000,2024-07-19 06:12:30.610
ETH,BUY,0.0580,543800.000,2024-07-19 06:12:32.616
ETH,BUY,0.1000,543800.000,2024-07-19 06:12:33.328
ETH,BUY,0.3000,543800.000,2024-07-19 06:12:33.455
ETH,BUY,0.0100,543800.000,2024-07-19 06:13:01.534
ETH,BUY,0.0200,543800.000,2024-07-19 06:13:01.613
ETH,BUY,0.0800,543800.000,2024-07-19 06:13:06.774
ETH,BUY,0.0500,543800.000,2024-07-19 06:13:06.800
ETH,BUY,0.1840,543800.000,2024-07-19 06:13:37.852
ETH,BUY,0.0147,543800.000,2024-07-19 06:13:39.996
ETH,BUY,0.3200,543800.000,2024-07-19 06:13:40.437
ETH,BUY,0.0100,543800.000,2024-07-19 06:13:40.639
ETH,BUY,1.6100,543800.000,2024-07-19 06:13:42.356
ETH,BUY,0.4079,543800.000,2024-07-19 06:13:42.504
ETH,BUY,0.0380,544200.000,2024-07-19 06:13:43.098
ETH,BUY,0.0356,544265.000,2024-07-19 06:13:43.098
ETH,BUY,0.1164,544388.000,2024-07-19 06:13:43.098
ETH,SELL,0.2000,544235.000,2024-07-19 06:14:08.672
ETH,SELL,0.3000,544145.000,2024-07-19 06:14:08.672
ETH,SELL,0.0800,544141.000,2024-07-19 06:14:13.060
ETH,SELL,0.0400,544815.000,2024-07-19 06:16:31.283
ETH,BUY,0.4000,544939.000,2024-07-19 06:17:01.861
ETH,BUY,0.0104,545000.000,2024-07-19 06:17:23.130
ETH,BUY,0.0100,545000.000,2024-07-19 06:17:23.130
ETH,BUY,0.0896,545000.000,2024-07-19 06:17:23.130
ETH,BUY,0.2500,545000.000,2024-07-19 06:17:26.438
ETH,BUY,0.1000,545000.000,2024-07-19 06:17:29.576
ETH,BUY,0.0500,545000.000,2024-07-19 06:17:31.400
ETH,BUY,0.0300,545000.000,2024-07-19 06:17:33.113
ETH,BUY,0.0100,545000.000,2024-07-19 06:17:35.447
ETH,BUY,0.0500,545000.000,2024-07-19 06:17:58.121
ETH,BUY,0.1563,545000.000,2024-07-19 06:17:58.397
ETH,BUY,0.0437,545000.000,2024-07-19 06:17:58.397
ETH,BUY,0.4000,545000.000,2024-07-19 06:17:59.708
ETH,BUY,0.3200,545000.000,2024-07-19 06:18:10.201
ETH,BUY,0.2000,545000.000,2024-07-19 06:18:10.363
ETH,SELL,0.2319,544999.000,2024-07-19 06:18:11.482
ETH,SELL,0.1681,544999.000,2024-07-19 06:18:11.482
ETH,BUY,0.0363,545000.000,2024-07-19 06:18:13.125
ETH,BUY,0.2437,545000.000,2024-07-19 06:18:13.125
ETH,BUY,0.2100,545000.000,2024-07-19 06:18:14.556
ETH,BUY,0.1900,544902.000,2024-07-19 06:18:19.670
ETH,SELL,0.1600,544624.000,2024-07-19 06:20:09.573
ETH,SELL,0.0125,544735.000,2024-07-19 06:20:44.138
ETH,SELL,0.0383,544467.000,2024-07-19 06:21:55.643
ETH,BUY,0.0200,544003.000,2024-07-19 06:24:08.448
ETH,SELL,0.0164,543800.000,2024-07-19 06:24:52.136
ETH,BUY,0.0990,543895.000,2024-07-19 06:27:05.848
ETH,BUY,0.0200,543924.000,2024-07-19 06:27:08.630
ETH,BUY,0.0100,544011.000,2024-07-19 06:27:08.630
ETH,SELL,0.0110,543976.000,2024-07-19 06:31:08.141
ETH,SELL,0.0186,543800.000,2024-07-19 06:36:49.086
ETH,SELL,0.1000,543800.000,2024-07-19 06:38:35.886
ETH,SELL,0.0650,543800.000,2024-07-19 06:38:44.770
ETH,SELL,0.2000,543700.000,2024-07-19 06:38:44.770
ETH,SELL,0.0350,543623.000,2024-07-19 06:38:44.770
ETH,SELL,0.0138,543408.000,2024-07-19 06:39:32.151
ETH,BUY,0.0100,543160.000,2024-07-19 06:45:18.881
ETH,SELL,0.0200,543115.000,2024-07-19 06:49:27.779
ETH,BUY,0.0110,542774.000,2024-07-19 06:50:14.069
ETH,BUY,0.1320,542775.000,2024-07-19 06:50:14.069
ETH,BUY,0.0570,542779.000,2024-07-19 06:50:14.069
ETH,BUY,0.2750,542609.000,2024-07-19 06:51:47.079
ETH,SELL,0.0130,542509.000,2024-07-19 06:52:03.147
ETH,SELL,0.0123,542470.000,2024-07-19 06:52:08.578
ETH,SELL,0.0229,542628.000,2024-07-19 06:54:57.039
ETH,SELL,0.0100,542529.000,2024-07-19 06:58:03.629
ETH,SELL,0.0024,542396.000,2024-07-19 06:58:03.629
ETH,SELL,0.0163,542337.000,2024-07-19 07:00:00.098
ETH,SELL,0.0108,542155.000,2024-07-19 07:00:35.587
ETH,SELL,0.0142,541937.000,2024-07-19 07:01:24.619
ETH,SELL,0.0100,541904.000,2024-07-19 07:01:31.619
ETH,SELL,0.0413,541705.000,2024-07-19 07:02:21.314
ETH,SELL,0.0214,541039.000,2024-07-19 07:02:25.089
ETH,SELL,0.5000,540964.000,2024-07-19 07:03:17.403
ETH,SELL,1.1200,540331.000,2024-07-19 07:04:31.469
ETH,SELL,1.0000,540331.000,2024-07-19 07:04:31.469
ETH,SELL,0.0500,540329.000,2024-07-19 07:04:31.469
ETH,SELL,1.0644,540321.000,2024-07-19 07:04:31.469
ETH,SELL,0.0380,540300.000,2024-07-19 07:04:31.469
ETH,SELL,0.1000,540001.000,2024-07-19 07:04:31.469
ETH,SELL,0.0200,540000.000,2024-07-19 07:04:31.469
ETH,SELL,0.0104,540000.000,2024-07-19 07:04:31.469
ETH,SELL,0.0200,539972.000,2024-07-19 07:04:31.469
ETH,SELL,0.1000,539810.000,2024-07-19 07:04:31.469
ETH,SELL,0.5558,539753.000,2024-07-19 07:04:31.469
ETH,SELL,0.2328,539725.000,2024-07-19 07:04:31.469
ETH,SELL,1.0000,539589.000,2024-07-19 07:04:31.469
ETH,SELL,0.1600,539090.000,2024-07-19 07:04:31.469
ETH,SELL,0.5965,539086.000,2024-07-19 07:04:31.469
ETH,SELL,0.0186,539082.000,2024-07-19 07:04:31.469
ETH,SELL,0.0003,539000.000,2024-07-19 07:04:31.469
ETH,SELL,1.8000,538908.000,2024-07-19 07:04:31.469
ETH,SELL,2.1132,538907.000,2024-07-19 07:04:31.469
ETH,SELL,0.0136,540164.000,2024-07-19 07:04:33.587
ETH,BUY,0.0100,540237.000,2024-07-19 07:04:51.010
ETH,SELL,0.0120,540548.000,2024-07-19 07:08:42.147
ETH,SELL,0.0281,539784.000,2024-07-19 07:10:16.103
ETH,SELL,0.0463,539630.000,2024-07-19 07:10:17.263
ETH,BUY,0.0100,539163.000,2024-07-19 07:10:23.168
ETH,SELL,0.1000,539162.000,2024-07-19 07:10:41.593
ETH,SELL,0.0100,538820.000,2024-07-19 07:10:41.593
ETH,SELL,0.0800,538501.000,2024-07-19 07:10:41.593
ETH,SELL,0.0125,538502.000,2024-07-19 07:10:44.608
ETH,BUY,0.0185,538503.000,2024-07-19 07:10:48.514
ETH,SELL,0.0200,538502.000,2024-07-19 07:10:57.969
ETH,SELL,0.0800,538502.000,2024-07-19 07:11:06.361
ETH,SELL,1.0000,538500.000,2024-07-19 07:11:07.041
ETH,SELL,0.0361,537358.000,2024-07-19 07:11:14.194
ETH,SELL,0.0200,537129.000,2024-07-19 07:11:32.908
ETH,SELL,0.1260,537129.000,2024-07-19 07:11:52.874
ETH,SELL,0.0134,536606.000,2024-07-19 07:11:54.090
ETH,BUY,0.0185,536730.000,2024-07-19 07:12:08.496
ETH,BUY,0.0100,536735.000,2024-07-19 07:12:10.841
ETH,BUY,0.2900,536812.000,2024-07-19 07:12:16.138
ETH,BUY,0.1715,536900.000,2024-07-19 07:12:17.969
ETH,BUY,0.5555,536904.000,2024-07-19 07:12:17.969
ETH,BUY,0.0185,536934.000,2024-07-19 07:12:18.479
ETH,BUY,0.1560,537049.000,2024-07-19 07:12:27.315
ETH,BUY,0.3200,537049.000,2024-07-19 07:12:28.222
ETH,BUY,0.4600,537049.000,2024-07-19 07:12:28.223
ETH,BUY,0.1400,537465.000,2024-07-19 07:12:28.223
ETH,BUY,0.2000,537465.000,2024-07-19 07:12:28.291
ETH,BUY,0.0185,537465.000,2024-07-19 07:12:28.624
ETH,BUY,0.0100,537465.000,2024-07-19 07:12:28.748
ETH,BUY,0.4000,537465.000,2024-07-19 07:12:29.024
ETH,BUY,0.3700,537515.000,2024-07-19 07:12:54.138
ETH,BUY,0.0185,537543.000,2024-07-19 07:12:58.538
ETH,SELL,0.1000,537572.000,2024-07-19 07:13:13.806
ETH,SELL,0.3000,537572.000,2024-07-19 07:13:13.806
ETH,SELL,0.2000,537521.000,2024-07-19 07:13:29.508
ETH,BUY,0.4000,538254.000,2024-07-19 07:14:14.889
ETH,BUY,0.0700,538608.000,2024-07-19 07:15:00.484
ETH,BUY,0.1111,538662.000,2024-07-19 07:15:00.484
ETH,BUY,0.1000,538303.000,2024-07-19 07:15:22.453
ETH,BUY,0.2080,539193.000,2024-07-19 07:16:00.387
ETH,BUY,0.1920,539197.000,2024-07-19 07:16:00.387
ETH,BUY,0.1000,539226.000,2024-07-19 07:16:01.826
ETH,BUY,0.1000,539050.000,2024-07-19 07:17:50.948
ETH,SELL,0.0900,539555.000,2024-07-19 07:19:57.168
ETH,BUY,0.0100,539500.000,2024-07-19 07:20:00.073
ETH,BUY,0.0900,539521.000,2024-07-19 07:20:23.036
ETH,BUY,0.1000,539521.000,2024-07-19 07:20:23.036
ETH,BUY,1.0644,539521.000,2024-07-19 07:20:23.036
ETH,BUY,0.0056,539521.000,2024-07-19 07:20:23.036
ETH,SELL,0.0591,539500.000,2024-07-19 07:20:47.629
ETH,SELL,0.0229,539500.000,2024-07-19 07:20:48.669
ETH,BUY,0.2000,539155.000,2024-07-19 07:22:07.995
ETH,BUY,0.1300,539164.000,2024-07-19 07:22:11.637
ETH,BUY,0.1000,539148.000,2024-07-19 07:22:19.311
ETH,BUY,0.1700,539151.000,2024-07-19 07:22:23.596
ETH,BUY,0.2500,539255.000,2024-07-19 07:25:25.367
ETH,BUY,0.0100,539487.000,2024-07-19 07:25:37.774
ETH,BUY,0.4000,539575.000,2024-07-19 07:25:50.849
ETH,BUY,1.0000,539603.000,2024-07-19 07:26:01.893
ETH,BUY,0.0100,539651.000,2024-07-19 07:26:14.835
ETH,BUY,0.0100,539690.000,2024-07-19 07:27:36.340
ETH,BUY,0.0200,539526.000,2024-07-19 07:32:07.571
ETH,SELL,0.0700,539207.000,2024-07-19 07:33:12.657
ETH,SELL,0.5566,539207.000,2024-07-19 07:33:13.046
ETH,SELL,0.1000,538665.000,2024-07-19 07:33:15.097
ETH,SELL,0.0123,538673.000,2024-07-19 07:33:24.581
ETH,BUY,0.0100,538613.000,2024-07-19 07:35:35.492
ETH,BUY,0.0100,538363.000,2024-07-19 07:36:32.643
ETH,BUY,0.0100,538001.000,2024-07-19 07:38:24.669
ETH,SELL,0.0650,538000.000,2024-07-19 07:39:06.337
ETH,SELL,0.1031,538000.000,2024-07-19 07:39:06.357
ETH,SELL,0.0539,538000.000,2024-07-19 07:39:06.451
ETH,SELL,0.0500,538000.000,2024-07-19 07:39:06.451
ETH,SELL,0.0318,537261.000,2024-07-19 07:39:07.573
ETH,SELL,0.0108,537001.000,2024-07-19 07:39:34.094
ETH,SELL,0.0154,536884.000,2024-07-19 07:40:29.188
ETH,BUY,0.0102,536592.000,2024-07-19 07:40:48.385
ETH,BUY,0.0154,536215.000,2024-07-19 07:41:12.764
ETH,BUY,0.0100,536216.000,2024-07-19 07:41:12.764
ETH,BUY,0.0346,536469.000,2024-07-19 07:41:12.764
ETH,BUY,0.0250,537079.000,2024-07-19 07:43:07.131
ETH,BUY,0.6346,537086.000,2024-07-19 07:43:20.159
ETH,BUY,0.3654,537138.000,2024-07-19 07:43:20.159
ETH,BUY,0.2770,537138.000,2024-07-19 07:43:20.203
ETH,SELL,0.0100,537000.000,2024-07-19 07:44:09.054
ETH,SELL,0.0199,536135.000,2024-07-19 07:44:19.612
ETH,BUY,0.1000,536326.000,2024-07-19 07:45:09.291
ETH,BUY,0.5565,536586.000,2024-07-19 07:46:06.445
ETH,SELL,0.0153,536600.000,2024-07-19 07:49:19.132
ETH,SELL,0.0469,536600.000,2024-07-19 07:49:24.609
ETH,SELL,0.0109,536600.000,2024-07-19 07:49:55.570
ETH,SELL,0.5000,536600.000,2024-07-19 07:50:02.235
ETH,SELL,0.1000,536600.000,2024-07-19 07:50:03.010
ETH,SELL,0.0480,536600.000,2024-07-19 07:50:03.017
ETH,SELL,0.0994,536600.000,2024-07-19 07:50:03.091
ETH,SELL,0.1105,536600.000,2024-07-19 07:50:03.092
ETH,SELL,0.0200,535923.000,2024-07-19 07:50:03.301
ETH,SELL,0.1083,535743.000,2024-07-19 07:50:03.301
ETH,SELL,0.1000,535744.000,2024-07-19 07:50:03.647
ETH,SELL,0.0717,535601.000,2024-07-19 07:50:04.426
ETH,SELL,0.0259,535100.000,2024-07-19 07:50:32.621
ETH,SELL,0.0121,535100.000,2024-07-19 07:50:54.612
ETH,SELL,0.0038,535000.000,2024-07-19 07:50:54.612
ETH,SELL,0.0062,535000.000,2024-07-19 07:50:54.816
ETH,SELL,0.1217,535000.000,2024-07-19 07:50:54.816
ETH,SELL,0.0295,535000.000,2024-07-19 07:50:54.987
ETH,SELL,0.5607,535000.000,2024-07-19 07:50:58.094
ETH,SELL,0.0380,535000.000,2024-07-19 07:51:06.606
ETH,BUY,0.1100,535108.000,2024-07-19 07:51:32.969
ETH,BUY,1.6800,535282.000,2024-07-19 07:51:52.145
ETH,BUY,0.0290,535330.000,2024-07-19 07:53:22.567
ETH,SELL,0.0126,535000.000,2024-07-19 07:54:12.087
ETH,SELL,0.0130,535000.000,2024-07-19 07:54:17.586
ETH,SELL,0.0188,535000.000,2024-07-19 07:55:18.465
ETH,BUY,0.0500,535010.000,2024-07-19 07:55:52.105
ETH,BUY,0.0100,535002.000,2024-07-19 07:56:05.873
ETH,SELL,0.0188,535000.000,2024-07-19 07:56:08.496
ETH,SELL,0.0188,535000.000,2024-07-19 07:56:18.501
ETH,SELL,0.0188,535000.000,2024-07-19 07:56:28.446
ETH,SELL,0.0188,535000.000,2024-07-19 07:56:58.695
ETH,SELL,0.0188,535000.000,2024-07-19 07:57:08.452
ETH,SELL,0.0214,535000.000,2024-07-19 07:57:27.659
ETH,SELL,0.0103,535000.000,2024-07-19 07:57:54.592
ETH,SELL,0.1897,535000.000,2024-07-19 07:57:54.592
ETH,SELL,0.3673,535000.000,2024-07-19 07:58:34.244
ETH,SELL,0.0126,535000.000,2024-07-19 07:58:39.134
ETH,BUY,0.0100,535001.000,2024-07-19 07:59:32.498
ETH,BUY,1.0000,535001.000,2024-07-19 08:01:00.932
ETH,BUY,0.0846,535010.000,2024-07-19 08:01:00.932
ETH,BUY,0.0710,535050.000,2024-07-19 08:01:00.932
ETH,BUY,4.0000,535108.000,2024-07-19 08:01:00.932
ETH,BUY,2.3244,535166.000,2024-07-19 08:01:00.932
ETH,BUY,0.0100,535039.000,2024-07-19 08:01:18.536
ETH,SELL,0.0700,535136.000,2024-07-19 08:01:38.819
ETH,SELL,0.0400,535161.000,2024-07-19 08:01:44.867
ETH,SELL,0.0700,535170.000,2024-07-19 08:01:49.447
ETH,SELL,0.1000,535190.000,2024-07-19 08:01:55.519
ETH,SELL,1.2275,535156.000,2024-07-19 08:02:01.609
ETH,BUY,0.0700,535253.000,2024-07-19 08:02:16.628
ETH,BUY,0.5000,535311.000,2024-07-19 08:02:22.120
ETH,BUY,0.4500,535340.000,2024-07-19 08:02:31.574
ETH,BUY,0.0254,535543.000,2024-07-19 08:02:59.577
ETH,BUY,0.1200,535804.000,2024-07-19 08:04:24.904
ETH,BUY,0.0150,535786.000,2024-07-19 08:06:54.429
ETH,SELL,1.6775,535780.000,2024-07-19 08:07:06.057
ETH,SELL,0.3225,535780.000,2024-07-19 08:07:06.954
ETH,SELL,1.0000,535330.000,2024-07-19 08:07:15.702
ETH,SELL,0.0268,535050.000,2024-07-19 08:07:17.237
ETH,SELL,0.3575,535050.000,2024-07-19 08:07:33.685
ETH,SELL,0.0930,535050.000,2024-07-19 08:07:45.582
ETH,SELL,0.0700,535050.000,2024-07-19 08:08:06.896
ETH,SELL,0.3888,535050.000,2024-07-19 08:08:07.100
ETH,SELL,0.0639,535050.000,2024-07-19 08:08:07.877
ETH,SELL,0.0204,535000.000,2024-07-19 08:08:07.877
ETH,SELL,0.0157,535000.000,2024-07-19 08:08:07.877
ETH,SELL,0.1309,535000.000,2024-07-19 08:08:08.583
ETH,SELL,0.0100,535000.000,2024-07-19 08:08:09.139
ETH,SELL,0.1148,535000.000,2024-07-19 08:08:10.665
ETH,SELL,0.0779,535000.000,2024-07-19 08:08:13.168
ETH,SELL,0.1000,535000.000,2024-07-19 08:08:13.850
ETH,SELL,0.0700,535000.000,2024-07-19 08:08:14.046
ETH,SELL,0.0100,535000.000,2024-07-19 08:08:14.072
ETH,SELL,0.0300,535000.000,2024-07-19 08:08:14.123
ETH,SELL,0.2407,535000.000,2024-07-19 08:08:14.163
ETH,SELL,0.0100,535000.000,2024-07-19 08:08:14.163
ETH,SELL,0.0104,535000.000,2024-07-19 08:08:14.163
ETH,SELL,0.0380,535000.000,2024-07-19 08:08:14.163
ETH,SELL,0.0187,534759.000,2024-07-19 08:08:14.237
ETH,SELL,0.0113,534096.000,2024-07-19 08:08:14.237
ETH,SELL,0.2000,534100.000,2024-07-19 08:08:14.318
ETH,SELL,0.5000,534096.000,2024-07-19 08:08:14.383
ETH,SELL,0.3200,534096.000,2024-07-19 08:08:14.451
ETH,SELL,0.0100,534000.000,2024-07-19 08:08:14.592
ETH,SELL,0.1000,534000.000,2024-07-19 08:08:15.024
ETH,SELL,0.4870,533759.000,2024-07-19 08:08:15.024
ETH,SELL,0.1000,533759.000,2024-07-19 08:08:15.378
ETH,SELL,0.0621,533955.000,2024-07-19 08:08:17.095
ETH,BUY,0.0800,533697.000,2024-07-19 08:08:45.752
ETH,BUY,0.0621,533741.000,2024-07-19 08:08:45.752
ETH,BUY,0.8598,533965.000,2024-07-19 08:08:45.752
ETH,SELL,0.0100,533383.000,2024-07-19 08:08:57.122
ETH,SELL,0.0067,533240.000,2024-07-19 08:08:57.122
ETH,BUY,0.3561,533049.000,2024-07-19 08:09:10.496
ETH,BUY,0.0300,533077.000,2024-07-19 08:09:12.985
ETH,SELL,0.0300,533091.000,2024-07-19 08:09:20.387
ETH,BUY,0.4000,533194.000,2024-07-19 08:09:24.241
ETH,BUY,0.0182,533542.000,2024-07-19 08:09:37.840
ETH,BUY,0.4000,533716.000,2024-07-19 08:09:41.097
ETH,BUY,0.0360,533803.000,2024-07-19 08:09:44.901
ETH,SELL,0.0106,533381.000,2024-07-19 08:10:11.589
ETH,SELL,0.0600,533570.000,2024-07-19 08:10:35.702
ETH,SELL,0.1000,533403.000,2024-07-19 08:10:58.592
ETH,SELL,0.2000,533460.000,2024-07-19 08:11:05.566
ETH,SELL,0.8000,533456.000,2024-07-19 08:11:05.566
ETH,BUY,0.1680,533195.000,2024-07-19 08:11:52.225
ETH,SELL,0.3000,533224.000,2024-07-19 08:12:26.707
ETH,BUY,0.0500,533368.000,2024-07-19 08:12:31.604
ETH,BUY,0.0100,533553.000,2024-07-19 08:12:41.732
ETH,BUY,0.0431,533553.000,2024-07-19 08:12:45.665
ETH,BUY,0.0218,533553.000,2024-07-19 08:12:47.333
ETH,BUY,0.0500,533745.000,2024-07-19 08:12:47.965
ETH,BUY,0.4000,533919.000,2024-07-19 08:13:05.225
ETH,BUY,0.0500,533948.000,2024-07-19 08:13:24.904
ETH,SELL,0.0193,533305.000,2024-07-19 08:13:44.151
ETH,BUY,0.7400,533339.000,2024-07-19 08:13:46.977
ETH,SELL,0.0117,533194.000,2024-07-19 08:13:49.609
ETH,BUY,0.4000,533426.000,2024-07-19 08:14:56.971
ETH,BUY,0.1300,533484.000,2024-07-19 08:15:14.727
ETH,BUY,0.1559,533976.000,2024-07-19 08:15:33.273
ETH,BUY,0.4000,534093.000,2024-07-19 08:15:39.749
ETH,BUY,0.2000,533365.000,2024-07-19 08:17:52.936
ETH,BUY,0.8000,533373.000,2024-07-19 08:17:52.936
ETH,BUY,0.2000,533450.000,2024-07-19 08:18:12.446
ETH,BUY,0.2000,533484.000,2024-07-19 08:18:12.446
ETH,BUY,0.2800,533571.000,2024-07-19 08:18:24.980
ETH,BUY,0.2000,533505.000,2024-07-19 08:19:12.583
ETH,BUY,0.1000,533509.000,2024-07-19 08:19:12.583
ETH,BUY,0.3066,533511.000,2024-07-19 08:19:12.583
ETH,BUY,0.0900,533563.000,2024-07-19 08:19:12.583
ETH,BUY,0.0034,533600.000,2024-07-19 08:19:12.583
ETH,SELL,1.0000,533288.000,2024-07-19 08:19:33.470
ETH,SELL,0.0900,533116.000,2024-07-19 08:19:33.470
ETH,SELL,0.5300,533000.000,2024-07-19 08:19:33.470
ETH,BUY,0.0600,533568.000,2024-07-19 08:20:36.709
ETH,BUY,0.2000,533687.000,2024-07-19 08:20:38.827
ETH,BUY,0.0400,533715.000,2024-07-19 08:20:41.706
ETH,BUY,0.0200,533774.000,2024-07-19 08:20:56.207
ETH,BUY,4.0000,533919.000,2024-07-19 08:20:58.336
ETH,BUY,1.0000,533975.000,2024-07-19 08:20:58.336
ETH,SELL,0.0101,533005.000,2024-07-19 08:22:19.122
ETH,SELL,0.0246,533000.000,2024-07-19 08:22:24.585
ETH,SELL,0.0140,533000.000,2024-07-19 08:22:39.107
ETH,SELL,0.4000,533000.000,2024-07-19 08:23:07.376
ETH,SELL,0.1000,533000.000,2024-07-19 08:23:09.508
ETH,SELL,0.2000,533000.000,2024-07-19 08:23:10.578
ETH,SELL,0.1000,533000.000,2024-07-19 08:23:13.883
ETH,SELL,0.1000,533000.000,2024-07-19 08:23:17.010
ETH,SELL,0.1000,533000.000,2024-07-19 08:23:17.191
ETH,SELL,0.1000,533000.000,2024-07-19 08:23:23.055
ETH,SELL,0.0999,533000.000,2024-07-19 08:23:35.243
ETH,SELL,0.2000,533000.000,2024-07-19 08:23:36.380
ETH,SELL,0.0441,533000.000,2024-07-19 08:23:40.110
ETH,SELL,0.1559,533000.000,2024-07-19 08:23:44.168
ETH,SELL,0.0800,533000.000,2024-07-19 08:23:49.822
ETH,SELL,0.0800,533000.000,2024-07-19 08:23:50.534
ETH,SELL,0.4695,533000.000,2024-07-19 08:23:50.845
ETH,SELL,0.2020,533000.000,2024-07-19 08:24:00.811
ETH,SELL,0.0226,533000.000,2024-07-19 08:24:00.811
ETH,SELL,0.0253,533000.000,2024-07-19 08:24:06.586
ETH,SELL,0.1000,533000.000,2024-07-19 08:24:19.302
ETH,SELL,0.0194,533000.000,2024-07-19 08:24:27.605
ETH,SELL,0.0127,533000.000,2024-07-19 08:25:03.291
ETH,SELL,0.0873,533000.000,2024-07-19 08:25:03.291
ETH,SELL,0.1000,533000.000,2024-07-19 08:25:06.982
ETH,SELL,0.1000,533000.000,2024-07-19 08:25:07.461
ETH,SELL,0.0966,533000.000,2024-07-19 08:25:15.767
ETH,SELL,0.0142,533000.000,2024-07-19 08:25:17.109
ETH,SELL,0.1000,533000.000,2024-07-19 08:25:18.288
ETH,SELL,0.1000,533000.000,2024-07-19 08:25:32.097
ETH,SELL,0.2000,533000.000,2024-07-19 08:25:32.426
ETH,SELL,0.1000,533000.000,2024-07-19 08:25:32.954
ETH,SELL,0.0100,533000.000,2024-07-19 08:25:34.672
ETH,SELL,0.0419,533000.000,2024-07-19 08:26:17.828
ETH,SELL,0.0581,532545.000,2024-07-19 08:26:17.828
ETH,BUY,0.1880,532545.000,2024-07-19 08:26:21.708
ETH,BUY,0.0200,532537.000,2024-07-19 08:26:37.896
ETH,SELL,5.0000,532500.000,2024-07-19 08:26:53.225
ETH,BUY,0.1000,532585.000,2024-07-19 08:28:02.037
ETH,BUY,0.0700,532643.000,2024-07-19 08:28:12.061
ETH,BUY,0.0360,532817.000,2024-07-19 08:28:50.880
ETH,BUY,0.0500,532844.000,2024-07-19 08:28:51.611
ETH,BUY,0.0500,532904.000,2024-07-19 08:30:03.699
ETH,BUY,0.0100,532816.000,2024-07-19 08:30:32.846
ETH,BUY,0.0300,532816.000,2024-07-19 08:30:55.291
ETH,BUY,0.0100,532816.000,2024-07-19 08:30:55.620
ETH,BUY,0.0107,532816.000,2024-07-19 08:30:55.711
ETH,BUY,0.0100,532816.000,2024-07-19 08:30:56.133
ETH,BUY,0.1000,532962.000,2024-07-19 08:30:57.367
ETH,BUY,0.0263,533012.000,2024-07-19 08:31:02.923
ETH,BUY,0.1029,533012.000,2024-07-19 08:31:04.148
ETH,BUY,0.0059,533012.000,2024-07-19 08:31:09.544
ETH,BUY,0.1000,533200.000,2024-07-19 08:31:11.230
ETH,BUY,0.1100,533200.000,2024-07-19 08:31:16.995
ETH,BUY,0.4150,533200.000,2024-07-19 08:31:18.735
ETH,BUY,0.6000,533397.000,2024-07-19 08:31:26.497
ETH,BUY,0.0100,533397.000,2024-07-19 08:31:26.501
ETH,BUY,0.3200,533571.000,2024-07-19 08:31:27.088
ETH,BUY,0.0162,533740.000,2024-07-19 08:32:04.646
ETH,BUY,0.0581,533888.000,2024-07-19 08:32:08.940
ETH,BUY,0.3200,534208.000,2024-07-19 08:32:10.122
ETH,BUY,0.2000,534208.000,2024-07-19 08:32:10.353
ETH,BUY,0.0924,534208.000,2024-07-19 08:32:10.519
ETH,BUY,0.2076,534267.000,2024-07-19 08:32:10.519
ETH,BUY,0.0900,534141.000,2024-07-19 08:32:44.980
ETH,BUY,0.9100,534296.000,2024-07-19 08:32:44.980
ETH,BUY,5.0000,534499.000,2024-07-19 08:33:03.566
ETH,BUY,0.0581,534562.000,2024-07-19 08:33:03.566
ETH,BUY,3.9419,534615.000,2024-07-19 08:33:03.566
ETH,BUY,0.1500,534463.000,2024-07-19 08:33:12.629
ETH,BUY,0.0500,534556.000,2024-07-19 08:33:28.099
ETH,BUY,0.0500,534452.000,2024-07-19 08:33:59.910
ETH,BUY,4.0000,534586.000,2024-07-19 08:33:59.910
ETH,BUY,0.9500,534615.000,2024-07-19 08:33:59.910
ETH,BUY,0.0500,534323.000,2024-07-19 08:34:51.217
ETH,BUY,0.1000,534391.000,2024-07-19 08:36:21.957
ETH,BUY,0.0361,534377.000,2024-07-19 08:36:39.732
ETH,BUY,0.5204,534377.000,2024-07-19 08:36:40.676
ETH,BUY,0.2500,534441.000,2024-07-19 08:37:15.824
ETH,BUY,0.3000,534644.000,2024-07-19 08:37:25.538
ETH,BUY,0.1500,535224.000,2024-07-19 08:39:09.481
ETH,BUY,0.2290,535388.000,2024-07-19 08:39:10.096
ETH,BUY,0.0910,535514.000,2024-07-19 08:39:10.096
ETH,BUY,0.1000,535659.000,2024-07-19 08:39:12.438
ETH,BUY,0.2500,535804.000,2024-07-19 08:39:22.248
ETH,BUY,1.8700,535891.000,2024-07-19 08:39:33.092
ETH,BUY,1.0000,535891.000,2024-07-19 08:40:11.454
ETH,SELL,0.0904,535890.000,2024-07-19 08:40:26.347
ETH,BUY,0.1000,535891.000,2024-07-19 08:40:31.633
ETH,SELL,0.0096,535890.000,2024-07-19 08:40:32.674
ETH,SELL,0.0004,535106.000,2024-07-19 08:40:32.674
ETH,BUY,0.1791,535166.000,2024-07-19 08:40:34.514
ETH,BUY,0.0200,535253.000,2024-07-19 08:40:43.373
ETH,BUY,0.0100,535253.000,2024-07-19 08:40:53.088
ETH,SELL,0.0100,535252.000,2024-07-19 08:41:00.256
ETH,SELL,0.0808,534986.000,2024-07-19 08:41:27.086
ETH,BUY,0.1600,535253.000,2024-07-19 08:44:27.219
ETH,BUY,0.0190,535091.000,2024-07-19 08:46:27.483
ETH,SELL,0.0092,535165.000,2024-07-19 08:48:59.356
ETH,SELL,0.0187,535091.000,2024-07-19 08:48:59.356
ETH,SELL,0.0921,534650.000,2024-07-19 08:48:59.356
ETH,SELL,0.0103,534566.000,2024-07-19 08:49:02.652
ETH,SELL,0.0100,534465.000,2024-07-19 08:49:15.110
ETH,BUY,0.6000,535137.000,2024-07-19 08:53:07.880
ETH,BUY,0.3200,535137.000,2024-07-19 08:53:07.981
ETH,BUY,0.1000,534831.000,2024-07-19 08:55:47.973
ETH,SELL,0.0318,535020.000,2024-07-19 08:57:20.875
ETH,SELL,0.0196,535042.000,2024-07-19 09:02:20.167
ETH,BUY,0.0107,534970.000,2024-07-19 09:02:42.306
ETH,BUY,0.0600,535043.000,2024-07-19 09:02:42.306
ETH,BUY,0.2293,535079.000,2024-07-19 09:02:42.306
ETH,BUY,0.1000,535862.000,2024-07-19 09:04:23.957
ETH,BUY,0.1000,535862.000,2024-07-19 09:04:24.041
ETH,BUY,0.2000,535862.000,2024-07-19 09:04:24.124
ETH,BUY,0.1000,535920.000,2024-07-19 09:04:26.339
ETH,BUY,0.4000,536500.000,2024-07-19 09:06:50.301
ETH,BUY,0.1000,536964.000,2024-07-19 09:08:13.446
ETH,BUY,0.2000,536964.000,2024-07-19 09:08:13.563
ETH,SELL,0.0100,536963.000,2024-07-19 09:08:13.591
ETH,BUY,0.1000,536964.000,2024-07-19 09:08:13.686
ETH,SELL,0.0305,536743.000,2024-07-19 09:08:46.089
ETH,BUY,0.2000,536790.000,2024-07-19 09:09:55.061
ETH,BUY,0.0500,536848.000,2024-07-19 09:10:02.069
ETH,BUY,0.1000,536848.000,2024-07-19 09:10:19.925
ETH,SELL,0.0156,536410.000,2024-07-19 09:10:44.098
ETH,SELL,0.0722,536105.000,2024-07-19 09:11:32.002
ETH,SELL,0.9278,536102.000,2024-07-19 09:11:32.002
ETH,SELL,0.0102,535745.000,2024-07-19 09:14:54.133
ETH,SELL,0.1000,535640.000,2024-07-19 09:18:44.196
ETH,BUY,0.0100,535640.000,2024-07-19 09:21:29.813
ETH,SELL,0.0120,535186.000,2024-07-19 09:23:16.647
ETH,BUY,0.0400,535122.000,2024-07-19 09:25:04.566
ETH,BUY,0.1600,535151.000,2024-07-19 09:25:04.566
ETH,SELL,0.0166,535133.000,2024-07-19 09:26:55.139
ETH,BUY,0.1700,535311.000,2024-07-19 09:32:27.014
ETH,BUY,0.0160,535427.000,2024-07-19 09:32:42.652
ETH,BUY,0.0160,535485.000,2024-07-19 09:33:05.913
ETH,BUY,0.0100,535415.000,2024-07-19 09:35:27.344
ETH,BUY,0.0390,535543.000,2024-07-19 09:35:27.344
ETH,SELL,0.0112,535229.000,2024-07-19 09:36:14.162
ETH,BUY,0.1000,535253.000,2024-07-19 09:38:16.174
ETH,SELL,0.0103,534863.000,2024-07-19 09:39:39.170
ETH,SELL,0.0153,534000.000,2024-07-19 09:41:16.082
ETH,SELL,0.0147,534000.000,2024-07-19 09:42:08.406
ETH,SELL,0.0900,533932.000,2024-07-19 09:42:08.406
ETH,SELL,0.6953,533835.000,2024-07-19 09:42:08.406
ETH,BUY,0.4600,534267.000,2024-07-19 09:42:27.723
ETH,SELL,0.1000,534498.000,2024-07-19 09:43:15.122
ETH,SELL,0.5300,534462.000,2024-07-19 09:43:15.122
ETH,SELL,0.0170,534502.000,2024-07-19 09:46:49.805
ETH,SELL,0.2149,534591.000,2024-07-19 09:48:19.017
ETH,BUY,0.1300,534789.000,2024-07-19 09:49:25.887
ETH,BUY,0.6500,534876.000,2024-07-19 09:55:14.858
ETH,BUY,0.1000,534963.000,2024-07-19 09:55:36.417
ETH,BUY,0.0750,535050.000,2024-07-19 09:55:43.020
ETH,BUY,0.0135,534645.000,2024-07-19 09:56:39.618
ETH,BUY,0.0100,534507.000,2024-07-19 09:57:44.743
ETH,SELL,0.5202,534506.000,2024-07-19 10:00:37.568
ETH,SELL,1.6700,534506.000,2024-07-19 10:00:38.896
ETH,SELL,0.0098,534506.000,2024-07-19 10:00:39.332
ETH,SELL,0.2000,534119.000,2024-07-19 10:00:39.428
ETH,SELL,0.0171,533514.000,2024-07-19 10:00:43.588
ETH,SELL,0.0100,534411.000,2024-07-19 10:01:31.811
ETH,SELL,0.0200,534379.000,2024-07-19 10:01:31.811
ETH,BUY,0.2800,534506.000,2024-07-19 10:03:13.999
ETH,SELL,0.0190,534500.000,2024-07-19 10:03:16.086
ETH,BUY,0.0264,534506.000,2024-07-19 10:03:43.266
ETH,BUY,4.0000,535108.000,2024-07-19 10:04:03.782
ETH,SELL,0.0241,534340.000,2024-07-19 10:05:09.573
ETH,SELL,0.0165,534319.000,2024-07-19 10:05:15.136
ETH,SELL,0.0835,534527.000,2024-07-19 10:05:33.374
ETH,SELL,0.0165,534527.000,2024-07-19 10:05:33.374
ETH,BUY,0.0587,536005.000,2024-07-19 10:16:08.550
ETH,BUY,0.0406,536005.000,2024-07-19 10:16:10.246
ETH,BUY,0.0694,536005.000,2024-07-19 10:16:12.028
ETH,BUY,0.0312,536005.000,2024-07-19 10:16:23.417
ETH,BUY,0.1408,536024.000,2024-07-19 10:17:09.194
ETH,BUY,0.0254,536024.000,2024-07-19 10:17:10.802
ETH,BUY,0.5207,536065.000,2024-07-19 10:17:13.957
ETH,SELL,0.0100,536696.000,2024-07-19 10:18:41.632
ETH,BUY,0.0551,536697.000,2024-07-19 10:19:30.588
ETH,BUY,0.0349,536697.000,2024-07-19 10:19:32.659
ETH,BUY,0.1000,537257.000,2024-07-19 10:21:15.563
ETH,BUY,0.5165,537309.000,2024-07-19 10:21:15.563
ETH,BUY,0.2600,537309.000,2024-07-19 10:21:15.563
ETH,BUY,5.0000,537341.000,2024-07-19 10:21:15.563
ETH,BUY,4.0000,537428.000,2024-07-19 10:21:15.563
ETH,BUY,0.0349,537512.000,2024-07-19 10:21:15.563
ETH,BUY,0.0513,537514.000,2024-07-19 10:21:15.563
ETH,BUY,5.0000,537515.000,2024-07-19 10:21:15.563
ETH,BUY,2.0373,537631.000,2024-07-19 10:21:15.563
ETH,BUY,0.0100,537366.000,2024-07-19 10:23:32.458
ETH,BUY,0.4900,537512.000,2024-07-19 10:23:32.458
ETH,BUY,0.0100,537360.000,2024-07-19 10:23:50.775
ETH,BUY,0.0900,537499.000,2024-07-19 10:23:50.775
ETH,BUY,0.0200,537512.000,2024-07-19 10:23:54.595
ETH,BUY,0.0250,537213.000,2024-07-19 10:28:05.843
ETH,BUY,0.6000,537282.000,2024-07-19 10:28:14.115
ETH,BUY,0.0540,537284.000,2024-07-19 10:29:17.354
ETH,BUY,0.1725,537284.000,2024-07-19 10:29:17.354
ETH,BUY,0.0540,537341.000,2024-07-19 10:29:19.612
ETH,SELL,0.0200,537493.000,2024-07-19 10:30:36.155
ETH,BUY,0.0100,537500.000,2024-07-19 10:31:29.081
ETH,BUY,0.4500,537500.000,2024-07-19 10:31:49.750
ETH,BUY,0.0120,537646.000,2024-07-19 10:33:17.062
ETH,BUY,0.0120,537689.000,2024-07-19 10:33:20.572
ETH,BUY,0.0233,537741.000,2024-07-19 10:33:40.860
ETH,BUY,0.0567,537776.000,2024-07-19 10:33:40.860
ETH,BUY,0.0200,537873.000,2024-07-19 10:33:44.146
ETH,BUY,0.0033,537921.000,2024-07-19 10:33:44.146
ETH,BUY,0.0360,537738.000,2024-07-19 10:34:55.749
ETH,SELL,0.5000,537615.000,2024-07-19 10:35:06.166
ETH,BUY,0.0830,537459.000,2024-07-19 10:39:34.523
ETH,BUY,0.5000,537101.000,2024-07-19 10:45:00.944
ETH,SELL,0.0100,537140.000,2024-07-19 10:45:45.653
ETH,SELL,0.0200,536738.000,2024-07-19 10:48:30.756
ETH,BUY,2.0000,536790.000,2024-07-19 10:49:50.987
ETH,BUY,0.0155,536790.000,2024-07-19 10:49:51.009
ETH,BUY,0.2353,536790.000,2024-07-19 10:49:51.055
ETH,BUY,1.0000,536790.000,2024-07-19 10:49:51.084
ETH,BUY,0.7492,536790.000,2024-07-19 10:49:51.136
ETH,BUY,1.0000,536871.000,2024-07-19 10:49:51.136
ETH,BUY,0.1659,536877.000,2024-07-19 10:49:51.136
ETH,BUY,0.0100,536847.000,2024-07-19 10:51:56.596
ETH,BUY,0.0100,536785.000,2024-07-19 10:53:01.094
ETH,BUY,0.0200,536810.000,2024-07-19 10:53:01.094
ETH,BUY,0.9700,536877.000,2024-07-19 10:53:01.094
ETH,BUY,0.0200,536894.000,2024-07-19 10:53:04.595
ETH,BUY,0.0100,536589.000,2024-07-19 10:53:53.951
ETH,BUY,0.0620,536601.000,2024-07-19 10:53:53.951
ETH,BUY,0.0100,536545.000,2024-07-19 10:54:02.041
ETH,BUY,0.1900,536562.000,2024-07-19 10:54:02.041
ETH,BUY,0.0200,536569.000,2024-07-19 10:54:05.588
ETH,BUY,0.0100,536602.000,2024-07-19 10:55:06.452
ETH,SELL,0.1435,536758.000,2024-07-19 10:58:35.174
ETH,BUY,0.0100,536842.000,2024-07-19 11:00:41.189
ETH,BUY,0.0300,536848.000,2024-07-19 11:00:41.189
ETH,BUY,0.0200,536876.000,2024-07-19 11:00:44.086
ETH,BUY,0.0200,536906.000,2024-07-19 11:01:45.256
ETH,BUY,0.1000,536964.000,2024-07-19 11:02:35.979
ETH,BUY,0.2500,537283.000,2024-07-19 11:03:20.865
ETH,BUY,0.0100,537387.000,2024-07-19 11:04:47.612
ETH,SELL,1.0000,536959.000,2024-07-19 11:08:47.450
ETH,SELL,0.0900,536920.000,2024-07-19 11:08:47.450
ETH,SELL,1.6700,536915.000,2024-07-19 11:08:47.450
ETH,SELL,1.6300,536909.000,2024-07-19 11:08:47.450
ETH,SELL,0.0900,536907.000,2024-07-19 11:08:47.450
ETH,SELL,0.1000,536798.000,2024-07-19 11:08:47.450
ETH,SELL,0.0100,536768.000,2024-07-19 11:08:47.450
ETH,SELL,0.1000,536219.000,2024-07-19 11:08:47.450
ETH,SELL,0.3100,536218.000,2024-07-19 11:08:47.450
ETH,SELL,0.1000,536771.000,2024-07-19 11:09:39.079
ETH,SELL,0.2000,536390.000,2024-07-19 11:09:39.079
ETH,SELL,0.7000,536388.000,2024-07-19 11:09:39.079
ETH,BUY,0.0114,536552.000,2024-07-19 11:16:57.999
ETH,BUY,0.0214,536664.000,2024-07-19 11:17:01.607
ETH,BUY,0.0104,537234.000,2024-07-19 11:24:00.402
ETH,BUY,0.0100,536993.000,2024-07-19 11:24:26.089
ETH,BUY,0.0199,536772.000,2024-07-19 11:26:21.040
ETH,BUY,0.0801,536776.000,2024-07-19 11:26:21.040
ETH,BUY,0.0199,536703.000,2024-07-19 11:26:23.698
ETH,BUY,0.0550,536612.000,2024-07-19 11:27:31.559
ETH,SELL,0.1000,537138.000,2024-07-19 11:35:35.776
ETH,BUY,0.1000,536389.000,2024-07-19 11:39:47.417
ETH,BUY,0.1000,536389.000,2024-07-19 11:39:47.417
ETH,SELL,0.0280,536388.000,2024-07-19 11:39:47.639
ETH,SELL,0.0919,536388.000,2024-07-19 11:39:47.639
ETH,BUY,1.0000,536234.000,2024-07-19 11:39:56.656
ETH,BUY,0.0107,536021.000,2024-07-19 11:40:46.697
ETH,BUY,0.0562,535542.000,2024-07-19 11:44:53.860
ETH,BUY,0.0900,535659.000,2024-07-19 11:45:44.501
ETH,BUY,0.0900,535709.000,2024-07-19 11:46:08.556
ETH,SELL,0.1000,535443.000,2024-07-19 11:46:48.562
ETH,SELL,0.0200,535505.000,2024-07-19 11:47:00.904
ETH,SELL,0.0300,535478.000,2024-07-19 11:47:00.904
ETH,BUY,0.1092,535804.000,2024-07-19 11:49:10.017
ETH,SELL,0.0100,535148.000,2024-07-19 11:49:33.240
ETH,BUY,0.0200,535781.000,2024-07-19 11:54:29.281
ETH,SELL,0.1000,536449.000,2024-07-19 11:58:17.181
ETH,SELL,1.0000,536449.000,2024-07-19 11:58:17.181
ETH,SELL,0.0100,536449.000,2024-07-19 11:58:17.181
ETH,BUY,0.1860,536449.000,2024-07-19 11:58:27.235
ETH,BUY,0.5740,536549.000,2024-07-19 11:58:43.110
ETH,BUY,0.0260,536738.000,2024-07-19 11:58:43.110
ETH,BUY,0.0640,536738.000,2024-07-19 11:58:43.387
ETH,BUY,0.2560,536899.000,2024-07-19 11:58:43.387
ETH,SELL,0.0100,536811.000,2024-07-19 12:00:13.024
ETH,BUY,0.0100,537087.000,2024-07-19 12:03:17.590
ETH,BUY,0.0200,537138.000,2024-07-19 12:06:07.592
ETH,BUY,0.0170,537459.000,2024-07-19 12:09:14.662
ETH,BUY,0.0235,537481.000,2024-07-19 12:09:14.662
ETH,BUY,0.0293,537545.000,2024-07-19 12:09:14.662
ETH,BUY,0.0900,537550.000,2024-07-19 12:09:14.662
ETH,BUY,0.8402,537652.000,2024-07-19 12:09:14.662
ETH,BUY,0.0286,537546.000,2024-07-19 12:09:15.934
ETH,BUY,0.0100,537522.000,2024-07-19 12:09:17.099
ETH,BUY,0.0479,537653.000,2024-07-19 12:09:17.099
ETH,BUY,0.0100,537623.000,2024-07-19 12:09:34.311
ETH,BUY,0.9900,537641.000,2024-07-19 12:09:34.311
ETH,BUY,0.0117,537399.000,2024-07-19 12:09:55.425
ETH,BUY,0.3730,537158.000,2024-07-19 12:10:53.446
ETH,SELL,0.0900,536953.000,2024-07-19 12:11:31.198
ETH,BUY,0.0100,536954.000,2024-07-19 12:11:44.283
ETH,SELL,0.2000,536950.000,2024-07-19 12:12:23.702
ETH,SELL,0.4823,536950.000,2024-07-19 12:12:35.404
ETH,SELL,0.0677,536950.000,2024-07-19 12:12:35.405
ETH,SELL,0.1862,536944.000,2024-07-19 12:12:38.426
ETH,SELL,0.0138,536925.000,2024-07-19 12:12:38.426
ETH,SELL,0.1097,536925.000,2024-07-19 12:12:39.864
ETH,BUY,0.0100,536926.000,2024-07-19 12:13:12.613
ETH,BUY,0.0369,537457.000,2024-07-19 12:14:59.690
ETH,SELL,0.0600,537502.000,2024-07-19 12:16:27.597
ETH,BUY,0.0100,537706.000,2024-07-19 12:17:15.451
ETH,BUY,3.9900,537776.000,2024-07-19 12:17:15.451
ETH,BUY,0.0200,537863.000,2024-07-19 12:17:18.080
ETH,BUY,0.0100,537950.000,2024-07-19 12:17:21.328
ETH,BUY,0.0100,537955.000,2024-07-19 12:18:21.490
ETH,BUY,0.0100,537955.000,2024-07-19 12:19:00.432
ETH,BUY,0.2400,538037.000,2024-07-19 12:19:00.432
ETH,BUY,0.0200,538151.000,2024-07-19 12:19:04.100
ETH,BUY,0.0303,538011.000,2024-07-19 12:19:58.071
ETH,BUY,0.8697,538182.000,2024-07-19 12:19:58.071
ETH,BUY,0.0303,538179.000,2024-07-19 12:20:02.285
ETH,BUY,0.5900,537500.000,2024-07-19 12:22:26.749
ETH,SELL,1.0700,537670.000,2024-07-19 12:22:51.814
ETH,SELL,1.0000,537669.000,2024-07-19 12:22:51.814
ETH,SELL,0.9300,537657.000,2024-07-19 12:22:51.814
ETH,BUY,0.0100,537640.000,2024-07-19 12:25:23.981
ETH,BUY,0.0100,537683.000,2024-07-19 12:25:23.981
ETH,BUY,0.0100,537670.000,2024-07-19 12:27:35.026
ETH,BUY,0.0200,537663.000,2024-07-19 12:27:37.601
ETH,BUY,0.0100,537587.000,2024-07-19 12:27:53.176
ETH,BUY,0.1100,537602.000,2024-07-19 12:27:53.176
ETH,BUY,0.0125,537547.000,2024-07-19 12:28:08.111
ETH,BUY,0.0075,537590.000,2024-07-19 12:28:08.111
ETH,BUY,0.0225,537589.000,2024-07-19 12:28:11.594
ETH,BUY,0.0212,538008.000,2024-07-19 12:35:19.898
ETH,BUY,0.0128,538251.000,2024-07-19 12:36:08.283
ETH,BUY,0.0100,538263.000,2024-07-19 12:36:08.283
ETH,BUY,0.3772,538269.000,2024-07-19 12:36:08.283
ETH,BUY,0.0228,538327.000,2024-07-19 12:36:11.119
ETH,BUY,0.0101,538112.000,2024-07-19 12:38:33.224
ETH,BUY,0.0377,537935.000,2024-07-19 12:40:31.601
ETH,BUY,1.0000,538994.000,2024-07-19 12:46:06.151
ETH,BUY,1.0000,539023.000,2024-07-19 12:46:06.151
ETH,BUY,0.0350,539079.000,2024-07-19 12:46:06.151
ETH,SELL,0.0100,539155.000,2024-07-19 12:50:09.766
ETH,BUY,0.0142,539132.000,2024-07-19 12:54:11.132
ETH,BUY,0.0142,539190.000,2024-07-19 12:54:13.581
ETH,SELL,0.0100,539225.000,2024-07-19 12:55:20.761
ETH,BUY,0.0100,539321.000,2024-07-19 12:56:16.060
ETH,SELL,0.0377,539428.000,2024-07-19 13:00:53.917
ETH,BUY,0.0550,539258.000,2024-07-19 13:02:05.681
ETH,SELL,0.1460,538838.000,2024-07-19 13:02:05.708
ETH,SELL,0.5208,538923.000,2024-07-19 13:02:28.585
ETH,SELL,0.1400,538920.000,2024-07-19 13:02:29.264
ETH,SELL,0.0600,538367.000,2024-07-19 13:02:29.264
ETH,SELL,0.0700,538367.000,2024-07-19 13:02:29.454
ETH,BUY,0.1000,538385.000,2024-07-19 13:02:32.057
ETH,BUY,0.1600,538414.000,2024-07-19 13:02:34.317
ETH,BUY,0.0100,538408.000,2024-07-19 13:02:36.261
ETH,BUY,0.0706,538408.000,2024-07-19 13:02:38.731
ETH,BUY,0.9194,538443.000,2024-07-19 13:02:38.731
ETH,BUY,0.0806,538472.000,2024-07-19 13:02:41.610
ETH,BUY,0.0663,538466.000,2024-07-19 13:02:52.509
ETH,BUY,0.5137,538501.000,2024-07-19 13:02:52.509
ETH,BUY,0.0663,538588.000,2024-07-19 13:02:56.096
ETH,BUY,0.0200,538527.000,2024-07-19 13:03:48.506
ETH,BUY,0.0200,538530.000,2024-07-19 13:03:51.099
ETH,SELL,0.0900,538490.000,2024-07-19 13:04:16.260
ETH,SELL,1.6402,538490.000,2024-07-19 13:04:16.260
ETH,BUY,0.0100,538699.000,2024-07-19 13:05:06.060
ETH,SELL,0.0300,538905.000,2024-07-19 13:05:48.056
ETH,BUY,0.0550,538739.000,2024-07-19 13:08:13.934
ETH,SELL,1.0000,537490.000,2024-07-19 13:11:35.888
ETH,SELL,0.0360,537489.000,2024-07-19 13:11:35.888
ETH,BUY,0.0100,537256.000,2024-07-19 13:12:23.043
ETH,BUY,0.0100,537146.000,2024-07-19 13:13:05.773
ETH,BUY,0.0451,537150.000,2024-07-19 13:14:30.105
ETH,BUY,0.1038,537176.000,2024-07-19 13:14:30.105
ETH,BUY,0.0551,537197.000,2024-07-19 13:14:32.574
ETH,BUY,0.0400,537102.000,2024-07-19 13:17:34.278
ETH,BUY,0.4600,537130.000,2024-07-19 13:17:34.278
ETH,SELL,0.0100,537400.000,2024-07-19 13:19:15.737
ETH,SELL,0.0900,537400.000,2024-07-19 13:19:19.345
ETH,SELL,0.1450,537130.000,2024-07-19 13:19:25.173
ETH,SELL,0.0565,536925.000,2024-07-19 13:21:24.942
ETH,BUY,0.0100,536898.000,2024-07-19 13:22:22.134
ETH,BUY,0.0128,536430.000,2024-07-19 13:24:04.357
ETH,BUY,0.0612,536510.000,2024-07-19 13:24:04.357
ETH,BUY,0.0228,536508.000,2024-07-19 13:24:06.587
ETH,SELL,0.0900,536787.000,2024-07-19 13:25:51.398
ETH,SELL,0.2700,536437.000,2024-07-19 13:25:51.398
ETH,BUY,0.5000,536703.000,2024-07-19 13:27:29.811
ETH,SELL,0.0100,536753.000,2024-07-19 13:28:07.978
ETH,BUY,0.1000,537002.000,2024-07-19 13:33:44.840
ETH,BUY,0.3000,537003.000,2024-07-19 13:33:44.840
ETH,BUY,0.2000,537016.000,2024-07-19 13:33:45.978
ETH,BUY,0.1000,537051.000,2024-07-19 13:33:55.163
ETH,BUY,0.0287,537323.000,2024-07-19 13:34:44.836
ETH,BUY,0.1713,537341.000,2024-07-19 13:34:44.836
ETH,BUY,0.0287,537451.000,2024-07-19 13:34:46.598
ETH,BUY,0.0198,538205.000,2024-07-19 13:35:28.229
ETH,BUY,0.0240,538242.000,2024-07-19 13:35:30.383
ETH,BUY,0.2500,538873.000,2024-07-19 13:36:13.936
ETH,BUY,0.0500,538873.000,2024-07-19 13:36:15.580
ETH,BUY,0.0400,538873.000,2024-07-19 13:36:16.103
ETH,BUY,0.1031,539527.000,2024-07-19 13:36:27.921
ETH,BUY,0.0151,539465.000,2024-07-19 13:36:29.852
ETH,BUY,0.1310,539465.000,2024-07-19 13:36:31.028
ETH,BUY,0.0001,539890.000,2024-07-19 13:36:56.528
ETH,BUY,0.0200,539942.000,2024-07-19 13:37:11.758
ETH,BUY,0.0250,539999.000,2024-07-19 13:37:12.020
ETH,BUY,0.0100,540000.000,2024-07-19 13:37:12.020
ETH,BUY,0.0104,540000.000,2024-07-19 13:37:12.020
ETH,BUY,0.0246,540000.000,2024-07-19 13:37:12.020
ETH,BUY,0.3260,540000.000,2024-07-19 13:37:12.208
ETH,BUY,0.0200,540000.000,2024-07-19 13:37:13.391
ETH,BUY,0.1052,540000.000,2024-07-19 13:37:14.794
ETH,BUY,1.0242,540000.000,2024-07-19 13:37:15.839
ETH,BUY,0.0100,540146.000,2024-07-19 13:37:17.501
ETH,BUY,0.0200,540083.000,2024-07-19 13:37:34.826
ETH,BUY,0.0200,540158.000,2024-07-19 13:37:38.638
ETH,BUY,0.0100,540200.000,2024-07-19 13:38:10.809
ETH,SELL,0.0900,540199.000,2024-07-19 13:38:14.145
ETH,SELL,0.1500,540199.000,2024-07-19 13:38:14.145
ETH,SELL,0.0471,540199.000,2024-07-19 13:38:14.145
ETH,BUY,0.0250,540200.000,2024-07-19 13:38:36.275
ETH,BUY,0.0030,540200.000,2024-07-19 13:38:58.216
ETH,BUY,0.0380,540300.000,2024-07-19 13:38:58.216
ETH,BUY,0.4590,540495.000,2024-07-19 13:38:58.216
ETH,BUY,0.0900,540934.000,2024-07-19 13:39:19.059
ETH,BUY,0.9100,541065.000,2024-07-19 13:39:19.059
ETH,BUY,0.5300,541057.000,2024-07-19 13:39:29.556
ETH,SELL,0.0200,541054.000,2024-07-19 13:39:52.607
ETH,SELL,0.0700,540948.000,2024-07-19 13:40:03.679
ETH,SELL,0.9300,540948.000,2024-07-19 13:40:03.823
ETH,SELL,0.2000,540945.000,2024-07-19 13:40:03.823
ETH,SELL,1.0000,540901.000,2024-07-19 13:40:03.823
ETH,SELL,0.1000,540826.000,2024-07-19 13:40:03.823
ETH,SELL,0.4000,540795.000,2024-07-19 13:40:03.823
ETH,SELL,0.9100,540795.000,2024-07-19 13:40:03.823
ETH,SELL,0.6242,540573.000,2024-07-19 13:40:03.823
ETH,SELL,0.2333,540475.000,2024-07-19 13:40:03.823
ETH,SELL,0.0900,540366.000,2024-07-19 13:40:03.823
ETH,SELL,1.0591,540287.000,2024-07-19 13:40:03.823
ETH,SELL,0.1000,540216.000,2024-07-19 13:40:03.823
ETH,SELL,1.8000,540215.000,2024-07-19 13:40:03.823
ETH,SELL,0.5534,539893.000,2024-07-19 13:40:03.823
ETH,SELL,0.1000,540634.000,2024-07-19 13:40:05.039
ETH,SELL,0.6684,540305.000,2024-07-19 13:40:23.207
ETH,SELL,0.0100,540304.000,2024-07-19 13:40:23.207
ETH,SELL,0.1000,540304.000,2024-07-19 13:40:23.207
ETH,SELL,0.2216,540294.000,2024-07-19 13:40:23.207
ETH,BUY,0.0278,541106.000,2024-07-19 13:41:04.379
ETH,BUY,0.0722,541239.000,2024-07-19 13:41:04.379
ETH,BUY,0.0278,541243.000,2024-07-19 13:41:07.082
ETH,SELL,0.1000,541324.000,2024-07-19 13:42:01.617
ETH,SELL,0.0430,541028.000,2024-07-19 13:42:01.617
ETH,SELL,0.0292,539889.000,2024-07-19 13:43:42.612
ETH,SELL,0.3708,539803.000,2024-07-19 13:43:42.612
ETH,BUY,0.1000,538912.000,2024-07-19 13:44:11.770
ETH,BUY,0.4000,538912.000,2024-07-19 13:44:12.259
ETH,SELL,1.0000,538774.000,2024-07-19 13:44:43.930
ETH,SELL,0.0300,538838.000,2024-07-19 13:45:12.686
ETH,SELL,0.1500,538795.000,2024-07-19 13:45:12.686
ETH,BUY,0.0200,539310.000,2024-07-19 13:45:47.560
ETH,SELL,0.1000,539309.000,2024-07-19 13:46:06.289
ETH,SELL,0.6264,539309.000,2024-07-19 13:46:06.289
ETH,SELL,1.1900,539309.000,2024-07-19 13:46:06.289
ETH,SELL,0.0500,539305.000,2024-07-19 13:46:06.289
ETH,SELL,0.0336,539216.000,2024-07-19 13:46:06.289
ETH,BUY,0.1000,539310.000,2024-07-19 13:46:15.009
ETH,BUY,0.0800,539310.000,2024-07-19 13:46:19.166
ETH,BUY,0.0200,539955.000,2024-07-19 13:46:19.166
ETH,BUY,0.0200,540134.000,2024-07-19 13:46:23.098
ETH,BUY,0.0100,540043.000,2024-07-19 13:46:40.991
ETH,SELL,0.0400,539900.000,2024-07-19 13:48:03.461
ETH,BUY,0.0999,540000.000,2024-07-19 13:48:15.049
ETH,BUY,0.3700,540035.000,2024-07-19 13:48:42.580
ETH,BUY,0.0100,539985.000,2024-07-19 13:48:51.324
ETH,BUY,0.0900,540657.000,2024-07-19 13:50:46.908
ETH,BUY,1.2919,540718.000,2024-07-19 13:50:46.908
ETH,BUY,0.6181,540720.000,2024-07-19 13:50:46.908
ETH,BUY,0.1000,540573.000,2024-07-19 13:50:53.837
ETH,BUY,0.0100,540841.000,2024-07-19 13:52:19.722
ETH,BUY,0.0200,541118.000,2024-07-19 13:52:23.119
ETH,BUY,0.2000,541040.000,2024-07-19 13:52:37.155
ETH,SELL,0.9170,540872.000,2024-07-19 13:52:43.184
ETH,SELL,0.0830,540822.000,2024-07-19 13:52:43.184
ETH,SELL,1.0000,541104.000,2024-07-19 13:53:25.560
ETH,SELL,1.0000,541127.000,2024-07-19 13:53:57.131
ETH,BUY,0.4000,540940.000,2024-07-19 13:54:18.195
ETH,BUY,0.0190,540940.000,2024-07-19 13:54:19.769
ETH,SELL,1.0000,540898.000,2024-07-19 13:54:25.215
ETH,SELL,0.0900,541319.000,2024-07-19 13:55:02.382
ETH,SELL,0.1000,541313.000,2024-07-19 13:55:02.382
ETH,SELL,0.1600,541195.000,2024-07-19 13:55:02.382
ETH,SELL,0.6270,541111.000,2024-07-19 13:55:02.382
ETH,SELL,0.0230,540991.000,2024-07-19 13:55:02.382
ETH,BUY,0.0229,541499.000,2024-07-19 13:55:57.864
ETH,BUY,0.0250,541500.000,2024-07-19 13:56:02.390
ETH,BUY,0.0100,541607.000,2024-07-19 13:56:14.432
ETH,BUY,0.1000,542000.000,2024-07-19 13:56:36.407
ETH,BUY,0.3000,542250.000,2024-07-19 13:56:36.407
ETH,BUY,0.0400,542224.000,2024-07-19 13:56:58.553
ETH,BUY,0.1000,542627.000,2024-07-19 13:57:13.074
ETH,BUY,0.1000,542628.000,2024-07-19 13:57:16.722
ETH,BUY,0.3000,542628.000,2024-07-19 13:57:16.851
ETH,BUY,0.4248,542765.000,2024-07-19 13:57:19.889
ETH,BUY,0.0151,542794.000,2024-07-19 13:57:19.889
ETH,BUY,0.0100,542867.000,2024-07-19 13:57:19.889
ETH,BUY,1.0000,542870.000,2024-07-19 13:57:19.889
ETH,BUY,0.0900,542900.000,2024-07-19 13:57:19.889
ETH,BUY,0.0251,543002.000,2024-07-19 13:57:23.188
ETH,SELL,1.1080,543000.000,2024-07-19 13:57:27.230
ETH,SELL,0.3521,543000.000,2024-07-19 13:57:27.616
ETH,BUY,0.5000,542656.000,2024-07-19 13:57:33.882
ETH,SELL,0.0300,542635.000,2024-07-19 13:57:34.418
ETH,SELL,0.1901,542623.000,2024-07-19 13:57:39.248
ETH,BUY,1.0000,542979.000,2024-07-19 13:58:22.831
ETH,SELL,0.2000,542623.000,2024-07-19 13:58:52.584
ETH,SELL,0.5531,542623.000,2024-07-19 13:58:53.005
ETH,BUY,0.0100,542624.000,2024-07-19 13:58:55.077
ETH,BUY,0.2800,542624.000,2024-07-19 13:58:58.132
ETH,SELL,0.0100,542623.000,2024-07-19 13:58:59.992
ETH,SELL,0.0100,542623.000,2024-07-19 13:58:59.994
ETH,SELL,0.0700,542623.000,2024-07-19 13:59:00.120
ETH,SELL,0.0300,542623.000,2024-07-19 13:59:00.156
ETH,SELL,0.1269,542623.000,2024-07-19 13:59:00.366
ETH,SELL,0.0731,541996.000,2024-07-19 13:59:00.366
ETH,SELL,0.0700,541893.000,2024-07-19 13:59:01.444
ETH,BUY,1.0000,542171.000,2024-07-19 13:59:13.141
ETH,BUY,0.0200,542125.000,2024-07-19 13:59:54.690
ETH,BUY,0.0100,542002.000,2024-07-19 14:00:01.823
ETH,SELL,0.0900,542047.000,2024-07-19 14:00:11.556
ETH,SELL,0.0700,542043.000,2024-07-19 14:00:11.556
ETH,BUY,0.2000,542497.000,2024-07-19 14:00:14.092
ETH,SELL,0.0700,542175.000,2024-07-19 14:00:33.558
ETH,SELL,0.0536,542175.000,2024-07-19 14:00:33.869
ETH,BUY,0.0900,542176.000,2024-07-19 14:00:34.066
ETH,BUY,0.1100,542176.000,2024-07-19 14:00:34.066
ETH,SELL,0.0764,542175.000,2024-07-19 14:00:34.625
ETH,SELL,0.0236,541607.000,2024-07-19 14:00:34.625
ETH,SELL,0.3444,541607.000,2024-07-19 14:00:50.123
ETH,SELL,1.0000,541225.000,2024-07-19 14:00:50.123
ETH,SELL,0.6556,541069.000,2024-07-19 14:00:50.123
ETH,SELL,0.5000,541221.000,2024-07-19 14:00:52.832
ETH,SELL,1.0000,541111.000,2024-07-19 14:01:02.787
ETH,SELL,0.5900,541758.000,2024-07-19 14:02:27.440
ETH,SELL,0.4100,541747.000,2024-07-19 14:02:27.440
ETH,BUY,0.0100,541420.000,2024-07-19 14:03:32.015
ETH,BUY,1.0000,541274.000,2024-07-19 14:03:57.348
ETH,BUY,0.0100,541076.000,2024-07-19 14:04:27.433
ETH,SELL,0.0100,540900.000,2024-07-19 14:04:37.876
ETH,SELL,0.0100,541387.000,2024-07-19 14:05:36.082
ETH,BUY,0.1800,541400.000,2024-07-19 14:05:50.919
ETH,BUY,0.3000,541400.000,2024-07-19 14:06:02.168
ETH,SELL,0.0800,541409.000,2024-07-19 14:06:27.053
ETH,SELL,0.1000,541414.000,2024-07-19 14:06:59.035
ETH,SELL,1.2500,541414.000,2024-07-19 14:06:59.035
ETH,BUY,0.2000,541418.000,2024-07-19 14:07:07.775
ETH,BUY,0.2000,541418.000,2024-07-19 14:07:09.950
ETH,BUY,0.0420,541420.000,2024-07-19 14:07:18.150
ETH,SELL,0.0080,541424.000,2024-07-19 14:07:34.871
ETH,BUY,0.2000,542205.000,2024-07-19 14:08:12.617
ETH,BUY,0.0100,542351.000,2024-07-19 14:08:14.048
ETH,BUY,0.4900,542671.000,2024-07-19 14:08:14.048
ETH,SELL,0.0999,542245.000,2024-07-19 14:08:14.392
ETH,SELL,0.4400,542244.000,2024-07-19 14:08:14.392
ETH,SELL,0.0514,542244.000,2024-07-19 14:08:14.392
ETH,BUY,0.1744,542837.000,2024-07-19 14:08:16.215
ETH,BUY,0.0270,543400.000,2024-07-19 14:09:01.857
ETH,BUY,0.0109,543400.000,2024-07-19 14:09:03.585
ETH,BUY,0.0001,543400.000,2024-07-19 14:09:07.850
ETH,BUY,0.0999,543940.000,2024-07-19 14:09:07.850
ETH,BUY,0.0800,543860.000,2024-07-19 14:09:55.591
ETH,BUY,0.0146,543848.000,2024-07-19 14:09:56.857
ETH,BUY,0.0900,543352.000,2024-07-19 14:10:48.213
ETH,SELL,0.6308,543261.000,2024-07-19 14:10:49.361
ETH,SELL,0.5000,543260.000,2024-07-19 14:10:49.361
ETH,SELL,0.2320,543137.000,2024-07-19 14:10:49.361
ETH,SELL,0.1950,543000.000,2024-07-19 14:10:49.361
ETH,SELL,0.1000,542910.000,2024-07-19 14:10:49.450
ETH,SELL,1.0000,542909.000,2024-07-19 14:10:49.450
ETH,SELL,0.3860,542880.000,2024-07-19 14:10:49.450
ETH,BUY,0.0119,543000.000,2024-07-19 14:10:50.391
ETH,BUY,0.0326,543000.000,2024-07-19 14:10:51.996
ETH,BUY,0.1543,543000.000,2024-07-19 14:10:53.626
ETH,BUY,0.2000,543000.000,2024-07-19 14:10:54.866
ETH,BUY,0.2000,543000.000,2024-07-19 14:10:57.060
ETH,BUY,0.2000,543000.000,2024-07-19 14:10:59.185
ETH,BUY,0.3200,543500.000,2024-07-19 14:11:02.143
ETH,BUY,0.0100,543500.000,2024-07-19 14:11:02.670
ETH,BUY,0.1600,543500.000,2024-07-19 14:11:03.111
ETH,BUY,0.0300,543500.000,2024-07-19 14:11:03.170
ETH,BUY,0.1234,543500.000,2024-07-19 14:11:03.916
ETH,BUY,0.0900,543538.000,2024-07-19 14:11:03.916
ETH,BUY,0.1866,543573.000,2024-07-19 14:11:03.916
ETH,BUY,0.5517,543322.000,2024-07-19 14:11:14.306
ETH,BUY,0.0100,543522.000,2024-07-19 14:11:28.236
ETH,BUY,0.0170,543527.000,2024-07-19 14:11:28.236
ETH,SELL,0.5000,543449.000,2024-07-19 14:11:30.297
ETH,BUY,0.0200,543490.000,2024-07-19 14:11:31.183
ETH,BUY,0.0146,543322.000,2024-07-19 14:13:00.885
ETH,BUY,0.0854,543335.000,2024-07-19 14:13:00.885
ETH,BUY,0.0146,543367.000,2024-07-19 14:13:04.575
ETH,BUY,0.1800,543369.000,2024-07-19 14:13:05.529
ETH,BUY,0.0900,543300.000,2024-07-19 14:13:24.704
ETH,BUY,0.6000,543300.000,2024-07-19 14:14:18.259
ETH,BUY,0.0700,543300.000,2024-07-19 14:14:18.393
ETH,BUY,0.0100,543300.000,2024-07-19 14:14:19.074
ETH,BUY,0.2300,543300.000,2024-07-19 14:14:19.593
ETH,BUY,0.0900,543352.000,2024-07-19 14:14:19.593
ETH,BUY,0.0100,543352.000,2024-07-19 14:14:19.769
ETH,BUY,0.3900,543377.000,2024-07-19 14:14:19.769
ETH,BUY,0.0100,543525.000,2024-07-19 14:14:21.544
ETH,BUY,0.0100,543525.000,2024-07-19 14:14:22.721
ETH,BUY,0.0200,543322.000,2024-07-19 14:14:33.017
ETH,BUY,0.0100,543587.000,2024-07-19 14:14:35.267
ETH,BUY,0.0200,543992.000,2024-07-19 14:15:03.509
ETH,BUY,0.5800,544000.000,2024-07-19 14:15:05.388
ETH,BUY,0.0283,544000.000,2024-07-19 14:15:05.427
ETH,BUY,0.0243,544000.000,2024-07-19 14:15:11.150
ETH,BUY,0.0700,544000.000,2024-07-19 14:15:12.334
ETH,BUY,0.1505,544000.000,2024-07-19 14:15:12.714
ETH,BUY,0.0371,544000.000,2024-07-19 14:15:14.522
ETH,BUY,0.1098,544000.000,2024-07-19 14:15:16.243
ETH,BUY,0.0100,544901.000,2024-07-19 14:15:17.045
ETH,SELL,0.0900,544679.000,2024-07-19 14:15:19.469
ETH,SELL,0.9100,544591.000,2024-07-19 14:15:19.469
ETH,BUY,0.2000,544588.000,2024-07-19 14:16:07.858
ETH,BUY,0.2000,544588.000,2024-07-19 14:16:08.837
ETH,BUY,0.0142,544655.000,2024-07-19 14:16:09.593
ETH,BUY,0.0900,544677.000,2024-07-19 14:16:09.593
ETH,BUY,0.0458,544813.000,2024-07-19 14:16:09.593
ETH,BUY,0.0242,544792.000,2024-07-19 14:16:13.134
ETH,BUY,0.1700,544959.000,2024-07-19 14:16:15.864
ETH,BUY,0.0179,544985.000,2024-07-19 14:18:05.628
ETH,BUY,0.0004,544986.000,2024-07-19 14:18:05.628
ETH,BUY,0.0850,544541.000,2024-07-19 14:18:59.827
ETH,SELL,0.0243,544494.000,2024-07-19 14:19:10.060
ETH,BUY,0.5000,544497.000,2024-07-19 14:19:50.073
ETH,BUY,0.2000,544502.000,2024-07-19 14:19:51.068
ETH,BUY,0.2000,544502.000,2024-07-19 14:19:51.220
ETH,BUY,0.1000,544506.000,2024-07-19 14:19:53.325
ETH,SELL,0.0100,544503.000,2024-07-19 14:19:59.446
ETH,BUY,0.2000,544531.000,2024-07-19 14:19:59.573
ETH,BUY,0.2000,544776.000,2024-07-19 14:20:06.050
ETH,SELL,0.0200,544638.000,2024-07-19 14:20:10.906
ETH,BUY,0.1000,544866.000,2024-07-19 14:20:14.046
ETH,BUY,0.0100,544873.000,2024-07-19 14:20:14.719
ETH,BUY,0.0599,544871.000,2024-07-19 14:20:16.250
ETH,BUY,0.1401,544873.000,2024-07-19 14:20:16.250
ETH,BUY,0.2000,545000.000,2024-07-19 14:20:18.422
ETH,BUY,0.1100,545000.000,2024-07-19 14:20:20.522
ETH,BUY,0.2000,545000.000,2024-07-19 14:20:20.587
ETH,BUY,0.0363,545000.000,2024-07-19 14:20:32.282
ETH,BUY,0.0104,545000.000,2024-07-19 14:20:32.282
ETH,BUY,0.0100,545000.000,2024-07-19 14:20:32.282
ETH,BUY,0.0133,545000.000,2024-07-19 14:20:32.282
ETH,BUY,0.2910,545000.000,2024-07-19 14:20:33.931
ETH,BUY,0.3000,545000.000,2024-07-19 14:20:34.520
ETH,BUY,0.1957,545000.000,2024-07-19 14:20:38.852
ETH,BUY,0.0100,545000.000,2024-07-19 14:20:38.852
ETH,BUY,0.0250,545100.000,2024-07-19 14:20:40.122
ETH,BUY,0.0100,545500.000,2024-07-19 14:20:44.173
ETH,BUY,0.0700,545500.000,2024-07-19 14:20:57.792
ETH,BUY,0.1200,545500.000,2024-07-19 14:20:58.205
ETH,BUY,0.1000,545976.000,2024-07-19 14:21:21.767
ETH,BUY,0.0100,546000.000,2024-07-19 14:21:25.123
ETH,BUY,0.0128,546360.000,2024-07-19 14:21:25.123
ETH,BUY,0.0251,546527.000,2024-07-19 14:21:25.123
ETH,BUY,0.0521,546537.000,2024-07-19 14:21:25.123
ETH,SELL,0.2305,545975.000,2024-07-19 14:21:45.246
ETH,SELL,0.6700,545933.000,2024-07-19 14:21:45.246
ETH,SELL,1.6400,545927.000,2024-07-19 14:21:45.246
ETH,SELL,0.0600,545910.000,2024-07-19 14:21:45.246
ETH,SELL,1.1271,545805.000,2024-07-19 14:21:45.246
ETH,SELL,0.2000,545695.000,2024-07-19 14:21:45.246
ETH,SELL,0.6267,545694.000,2024-07-19 14:21:45.246
ETH,SELL,4.4457,545577.000,2024-07-19 14:21:45.246
ETH,SELL,0.0430,545891.000,2024-07-19 14:22:47.413
ETH,SELL,0.1000,546345.000,2024-07-19 14:23:33.555
ETH,SELL,0.0200,546305.000,2024-07-19 14:23:33.555
ETH,SELL,0.0100,546305.000,2024-07-19 14:23:36.388
ETH,SELL,0.0100,546059.000,2024-07-19 14:23:43.314
ETH,SELL,0.0200,546060.000,2024-07-19 14:23:43.564
ETH,SELL,0.0720,546058.000,2024-07-19 14:23:43.564
ETH,BUY,0.2300,546244.000,2024-07-19 14:23:58.550
ETH,BUY,0.0900,546059.000,2024-07-19 14:24:31.428
ETH,BUY,0.1811,546074.000,2024-07-19 14:24:31.428
ETH,BUY,0.1000,545791.000,2024-07-19 14:24:38.024
ETH,BUY,0.0887,545995.000,2024-07-19 14:25:07.523
ETH,BUY,0.0800,546151.000,2024-07-19 14:25:09.172
ETH,BUY,0.0887,546100.000,2024-07-19 14:25:10.126
ETH,BUY,0.0100,546169.000,2024-07-19 14:25:13.257
ETH,SELL,0.0700,545809.000,2024-07-19 14:25:22.980
ETH,SELL,0.0900,546015.000,2024-07-19 14:25:25.297
ETH,SELL,0.0100,545833.000,2024-07-19 14:25:25.297
ETH,SELL,0.1000,546034.000,2024-07-19 14:26:44.936
ETH,SELL,0.4000,546001.000,2024-07-19 14:26:44.936
ETH,SELL,0.1500,545990.000,2024-07-19 14:27:00.223
ETH,BUY,0.0600,546074.000,2024-07-19 14:27:21.356
ETH,SELL,0.0600,546095.000,2024-07-19 14:27:29.661
ETH,SELL,0.1400,545960.000,2024-07-19 14:27:29.661
ETH,SELL,0.3600,545960.000,2024-07-19 14:27:29.895
ETH,SELL,0.6126,545897.000,2024-07-19 14:27:29.895
ETH,SELL,0.0274,545896.000,2024-07-19 14:27:29.895
ETH,SELL,0.7330,545700.000,2024-07-19 14:28:06.802
ETH,SELL,0.9093,545673.000,2024-07-19 14:28:09.223
ETH,SELL,0.0907,545673.000,2024-07-19 14:28:09.312
ETH,BUY,0.0200,545128.000,2024-07-19 14:28:19.615
ETH,BUY,0.0100,545189.000,2024-07-19 14:28:20.674
ETH,BUY,0.0100,545204.000,2024-07-19 14:28:28.655
ETH,BUY,0.0323,545222.000,2024-07-19 14:28:36.579
ETH,BUY,0.0900,545289.000,2024-07-19 14:28:36.579
ETH,BUY,0.0777,545293.000,2024-07-19 14:28:36.579
ETH,BUY,0.0200,545263.000,2024-07-19 14:28:38.745
ETH,BUY,0.0323,545414.000,2024-07-19 14:28:41.071
ETH,SELL,0.0453,545180.000,2024-07-19 14:29:07.375
ETH,SELL,0.1047,545180.000,2024-07-19 14:29:07.705
ETH,SELL,1.0000,545144.000,2024-07-19 14:29:09.482
ETH,SELL,0.0763,544973.000,2024-07-19 14:29:11.461
ETH,SELL,0.9237,544973.000,2024-07-19 14:29:11.718
ETH,SELL,0.0700,544360.000,2024-07-19 14:29:12.649
ETH,SELL,0.1581,544360.000,2024-07-19 14:29:13.506
ETH,BUY,0.0100,544031.000,2024-07-19 14:29:15.299
ETH,BUY,0.0100,544762.000,2024-07-19 14:30:12.389
ETH,BUY,0.0100,545478.000,2024-07-19 14:31:22.055
ETH,BUY,0.0900,545490.000,2024-07-19 14:31:22.055
ETH,BUY,0.0200,545596.000,2024-07-19 14:31:25.590
ETH,BUY,0.0900,545521.000,2024-07-19 14:31:38.173
ETH,BUY,0.0700,545542.000,2024-07-19 14:31:38.173
ETH,BUY,0.6959,545718.000,2024-07-19 14:31:38.173
ETH,BUY,0.5841,546000.000,2024-07-19 14:31:38.173
ETH,BUY,0.0700,545980.000,2024-07-19 14:31:41.619
ETH,BUY,0.0100,545800.000,2024-07-19 14:31:52.162
ETH,BUY,0.1200,545895.000,2024-07-19 14:31:52.162
ETH,BUY,0.0100,545434.000,2024-07-19 14:31:59.059
ETH,SELL,0.0197,544781.000,2024-07-19 14:32:15.582
ETH,SELL,1.0000,544360.000,2024-07-19 14:32:22.298
ETH,SELL,0.5800,544289.000,2024-07-19 14:32:22.298
ETH,BUY,0.5800,544414.000,2024-07-19 14:35:32.222
ETH,BUY,0.0100,544832.000,2024-07-19 14:35:46.170
ETH,SELL,0.0150,544716.000,2024-07-19 14:36:28.668
ETH,BUY,0.0388,545486.000,2024-07-19 14:37:40.119
ETH,BUY,0.0388,546106.000,2024-07-19 14:37:44.078
ETH,SELL,0.2000,545660.000,2024-07-19 14:41:45.389
ETH,SELL,0.2000,545500.000,2024-07-19 14:41:45.913
ETH,SELL,0.2000,545500.000,2024-07-19 14:41:49.575
ETH,SELL,0.2000,545500.000,2024-07-19 14:41:50.162
ETH,SELL,0.2000,545500.000,2024-07-19 14:41:51.691
ETH,SELL,0.2000,545500.000,2024-07-19 14:41:55.885
ETH,SELL,0.0100,545000.000,2024-07-19 14:42:15.128
ETH,SELL,0.0900,545024.000,2024-07-19 14:42:48.363
ETH,SELL,0.9000,545000.000,2024-07-19 14:42:48.363
ETH,SELL,0.0200,545403.000,2024-07-19 14:43:45.467
ETH,SELL,0.0800,545448.000,2024-07-19 14:43:51.070
ETH,SELL,0.3800,545403.000,2024-07-19 14:43:51.070
ETH,BUY,0.0164,545529.000,2024-07-19 14:46:11.369
ETH,BUY,0.0164,545760.000,2024-07-19 14:46:15.187
ETH,BUY,0.0151,545424.000,2024-07-19 14:47:42.302
ETH,BUY,0.1636,545425.000,2024-07-19 14:47:42.302
ETH,BUY,0.0013,545432.000,2024-07-19 14:47:42.302
ETH,BUY,0.0100,545060.000,2024-07-19 14:48:17.129
ETH,BUY,0.0817,545066.000,2024-07-19 14:48:17.129
ETH,BUY,0.1000,545170.000,2024-07-19 14:49:19.745
ETH,SELL,0.0200,545000.000,2024-07-19 14:50:53.570
ETH,SELL,0.0114,545000.000,2024-07-19 14:52:40.572
ETH,SELL,0.0104,545000.000,2024-07-19 14:52:45.467
ETH,SELL,0.0302,545000.000,2024-07-19 14:52:59.403
ETH,SELL,0.0162,545000.000,2024-07-19 14:53:06.720
ETH,SELL,0.0018,545000.000,2024-07-19 14:53:09.477
ETH,SELL,0.0236,545000.000,2024-07-19 14:53:09.477
ETH,SELL,0.2000,545000.000,2024-07-19 14:53:09.506
ETH,SELL,0.1764,545000.000,2024-07-19 14:53:09.642
ETH,SELL,0.0236,545000.000,2024-07-19 14:53:09.642
ETH,SELL,0.1000,545000.000,2024-07-19 14:53:11.628
ETH,SELL,0.0602,545000.000,2024-07-19 14:53:11.765
ETH,SELL,0.0398,544614.000,2024-07-19 14:53:11.765
ETH,BUY,0.1000,544684.000,2024-07-19 14:53:46.250
ETH,BUY,0.0200,545445.000,2024-07-19 14:55:45.325
ETH,BUY,0.0300,545655.000,2024-07-19 14:56:02.512
ETH,SELL,0.0370,545521.000,2024-07-19 14:56:19.659
ETH,BUY,0.0600,545646.000,2024-07-19 14:56:55.085
ETH,BUY,0.2000,545645.000,2024-07-19 14:58:16.598
ETH,BUY,0.0200,545646.000,2024-07-19 14:58:16.598
ETH,BUY,0.0370,545807.000,2024-07-19 14:58:16.598
ETH,BUY,0.2430,545832.000,2024-07-19 14:58:16.598
ETH,BUY,1.0000,545770.000,2024-07-19 14:58:25.589
ETH,SELL,0.0400,546455.000,2024-07-19 15:02:14.534
ETH,BUY,0.0500,546219.000,2024-07-19 15:08:40.816
ETH,BUY,0.0500,546220.000,2024-07-19 15:08:40.816
ETH,BUY,0.0400,546230.000,2024-07-19 15:08:40.816
ETH,BUY,0.3600,546248.000,2024-07-19 15:08:40.816
ETH,BUY,0.1000,545989.000,2024-07-19 15:08:50.422
ETH,BUY,0.5000,545253.000,2024-07-19 15:09:17.238
ETH,BUY,0.4000,545253.000,2024-07-19 15:09:17.352
ETH,BUY,0.1000,545253.000,2024-07-19 15:09:19.557
ETH,BUY,0.4000,545253.000,2024-07-19 15:09:21.418
ETH,BUY,0.2059,545202.000,2024-07-19 15:09:23.353
ETH,BUY,0.4000,545202.000,2024-07-19 15:09:25.269
ETH,SELL,0.2234,544679.000,2024-07-19 15:10:58.018
ETH,BUY,0.0357,544296.000,2024-07-19 15:13:25.000
ETH,BUY,0.9643,544450.000,2024-07-19 15:13:25.000
ETH,BUY,0.0457,544526.000,2024-07-19 15:13:27.146
ETH,SELL,0.2000,544841.000,2024-07-19 15:18:34.694
ETH,SELL,0.0700,545145.000,2024-07-19 15:19:53.179
ETH,SELL,0.1000,545145.000,2024-07-19 15:19:54.035
ETH,BUY,0.0100,546270.000,2024-07-19 15:22:04.244
ETH,BUY,0.1000,545746.000,2024-07-19 15:23:01.718
ETH,SELL,0.3000,545984.000,2024-07-19 15:23:02.949
ETH,SELL,0.2000,545984.000,2024-07-19 15:23:04.091
ETH,SELL,0.2000,545984.000,2024-07-19 15:23:04.643
ETH,SELL,0.1000,545949.000,2024-07-19 15:23:06.291
ETH,SELL,0.4000,545949.000,2024-07-19 15:23:06.557
ETH,SELL,0.2000,545949.000,2024-07-19 15:23:06.859
ETH,SELL,0.2000,545849.000,2024-07-19 15:23:08.962
ETH,SELL,0.2266,545527.000,2024-07-19 15:23:21.512
ETH,SELL,0.0935,545527.000,2024-07-19 15:23:21.644
ETH,SELL,0.1000,545438.000,2024-07-19 15:23:22.808
ETH,SELL,0.0700,545438.000,2024-07-19 15:23:22.809
ETH,SELL,0.0738,545438.000,2024-07-19 15:23:23.476
