symbol,side,size,price,timestamp
ETH,BUY,0.0100,550445.000,2024-06-30 21:06:52.346
ETH,BUY,0.0900,550381.000,2024-06-30 21:08:30.328
ETH,BUY,0.2200,550382.000,2024-06-30 21:08:30.328
ETH,BUY,0.0100,550250.000,2024-06-30 21:09:52.860
ETH,SELL,0.0181,550131.000,2024-06-30 21:15:13.967
ETH,SELL,0.9819,550000.000,2024-06-30 21:15:13.967
ETH,SELL,0.0181,550000.000,2024-06-30 21:17:27.092
ETH,BUY,0.0100,549687.000,2024-06-30 21:17:45.997
ETH,SELL,0.0100,549565.000,2024-06-30 21:17:46.057
ETH,SELL,0.0774,549703.000,2024-06-30 21:19:27.843
ETH,BUY,0.0200,549565.000,2024-06-30 21:20:18.444
ETH,BUY,0.0182,549565.000,2024-06-30 21:23:47.181
ETH,BUY,0.0984,549565.000,2024-06-30 21:23:52.174
ETH,SELL,0.2300,549661.000,2024-06-30 21:36:41.374
ETH,SELL,0.0100,549565.000,2024-06-30 21:36:41.374
ETH,SELL,0.0100,549546.000,2024-06-30 21:36:41.374
ETH,SELL,0.1000,549202.000,2024-06-30 21:36:41.374
ETH,SELL,0.1390,549201.000,2024-06-30 21:36:41.374
ETH,SELL,0.0100,549229.000,2024-06-30 21:41:55.486
ETH,SELL,0.2000,549229.000,2024-06-30 21:46:28.683
ETH,SELL,0.0100,549000.000,2024-06-30 21:46:28.683
ETH,SELL,0.5888,548511.000,2024-06-30 21:46:28.683
ETH,SELL,1.0000,548509.000,2024-06-30 21:46:28.683
ETH,SELL,0.0100,548401.000,2024-06-30 21:46:28.683
ETH,SELL,0.1912,548135.000,2024-06-30 21:46:28.683
ETH,SELL,0.0100,548326.000,2024-06-30 21:46:32.694
ETH,BUY,0.0148,548190.000,2024-06-30 21:46:35.803
ETH,BUY,1.0000,549090.000,2024-06-30 21:49:07.347
ETH,BUY,0.4000,549296.000,2024-06-30 21:49:07.347
ETH,BUY,0.1000,549288.000,2024-06-30 21:49:12.921
ETH,BUY,0.0500,549283.000,2024-06-30 21:49:21.889
ETH,BUY,0.0100,549429.000,2024-06-30 21:50:03.827
ETH,BUY,0.0200,549331.000,2024-06-30 21:51:31.401
ETH,BUY,0.9328,549266.000,2024-06-30 21:54:38.959
ETH,BUY,0.0672,549324.000,2024-06-30 21:54:38.959
ETH,BUY,0.0190,549131.000,2024-06-30 21:56:01.527
ETH,BUY,0.0190,549405.000,2024-06-30 21:56:05.184
ETH,BUY,0.2362,549406.000,2024-06-30 21:56:35.836
ETH,BUY,0.4479,549706.000,2024-06-30 21:58:13.491
ETH,BUY,0.0521,549799.000,2024-06-30 21:58:13.491
ETH,SELL,0.0711,549953.000,2024-06-30 22:03:36.959
ETH,SELL,0.5411,549953.000,2024-06-30 22:03:36.959
ETH,BUY,0.1000,550133.000,2024-06-30 22:04:10.451
ETH,SELL,0.0500,550161.000,2024-06-30 22:07:37.756
ETH,BUY,0.0100,550129.000,2024-06-30 22:09:49.138
ETH,BUY,0.5781,550216.000,2024-06-30 22:10:58.472
ETH,BUY,0.4219,550275.000,2024-06-30 22:10:58.472
ETH,BUY,0.1000,550320.000,2024-06-30 22:11:30.622
ETH,BUY,0.1000,550328.000,2024-06-30 22:11:35.810
ETH,BUY,0.1000,550338.000,2024-06-30 22:11:43.262
ETH,BUY,0.1000,550391.000,2024-06-30 22:11:50.372
ETH,BUY,0.1000,550413.000,2024-06-30 22:11:51.207
ETH,BUY,0.1000,550406.000,2024-06-30 22:12:34.178
ETH,BUY,0.0100,550407.000,2024-06-30 22:13:48.102
ETH,BUY,0.0100,550400.000,2024-06-30 22:13:54.576
ETH,BUY,0.0100,550127.000,2024-06-30 22:16:21.376
ETH,BUY,1.0000,550214.000,2024-06-30 22:17:43.419
ETH,BUY,0.0100,550363.000,2024-06-30 22:18:36.189
ETH,BUY,1.0000,550355.000,2024-06-30 22:19:16.484
ETH,BUY,0.0109,550413.000,2024-06-30 22:19:21.756
ETH,BUY,0.0288,550413.000,2024-06-30 22:19:47.777
ETH,BUY,1.0000,550948.000,2024-06-30 22:19:49.856
ETH,BUY,0.5444,551046.000,2024-06-30 22:19:49.856
ETH,BUY,0.0856,551114.000,2024-06-30 22:19:49.856
ETH,BUY,0.0375,551114.000,2024-06-30 22:19:49.990
ETH,BUY,1.5000,551319.000,2024-06-30 22:21:51.712
ETH,BUY,0.0190,551671.000,2024-06-30 22:22:48.264
ETH,BUY,0.0100,551652.000,2024-06-30 22:24:03.080
ETH,BUY,0.0100,552019.000,2024-06-30 22:26:06.495
ETH,BUY,0.0363,552188.000,2024-06-30 22:26:06.495
ETH,BUY,0.0606,552653.000,2024-06-30 22:26:09.505
ETH,BUY,0.0931,552653.000,2024-06-30 22:26:09.715
ETH,BUY,0.2000,552885.000,2024-06-30 22:26:10.602
ETH,BUY,0.1000,552970.000,2024-06-30 22:26:12.105
ETH,BUY,0.0500,553000.000,2024-06-30 22:26:40.220
ETH,BUY,0.0464,553200.000,2024-06-30 22:26:44.125
ETH,BUY,0.0124,553200.000,2024-06-30 22:26:53.098
ETH,BUY,0.0151,553200.000,2024-06-30 22:26:57.270
ETH,BUY,1.6100,553200.000,2024-06-30 22:27:01.516
ETH,BUY,0.0161,553200.000,2024-06-30 22:27:01.601
ETH,BUY,0.3839,553890.000,2024-06-30 22:27:01.601
ETH,BUY,0.0400,553922.000,2024-06-30 22:27:02.098
ETH,BUY,0.2800,553430.000,2024-06-30 22:27:03.606
ETH,BUY,0.0704,553430.000,2024-06-30 22:27:03.963
ETH,BUY,0.0400,553430.000,2024-06-30 22:27:04.281
ETH,BUY,0.2910,553430.000,2024-06-30 22:27:04.414
ETH,BUY,0.3186,553430.000,2024-06-30 22:27:05.167
ETH,BUY,0.1000,554000.000,2024-06-30 22:27:05.273
ETH,BUY,0.2000,554000.000,2024-06-30 22:27:05.543
ETH,BUY,0.1000,553787.000,2024-06-30 22:27:08.739
ETH,BUY,0.2907,553787.000,2024-06-30 22:27:08.914
ETH,BUY,0.2000,553787.000,2024-06-30 22:27:09.230
ETH,BUY,0.0100,554000.000,2024-06-30 22:27:09.477
ETH,BUY,0.0512,554000.000,2024-06-30 22:27:13.580
ETH,BUY,0.6388,554000.000,2024-06-30 22:27:16.546
ETH,BUY,0.0100,554503.000,2024-06-30 22:27:17.682
ETH,BUY,0.3900,554595.000,2024-06-30 22:27:17.682
ETH,BUY,0.3100,554652.000,2024-06-30 22:27:18.086
ETH,BUY,0.1000,554622.000,2024-06-30 22:27:19.032
ETH,BUY,0.1000,554652.000,2024-06-30 22:27:19.952
ETH,BUY,0.0300,554652.000,2024-06-30 22:27:34.734
ETH,BUY,0.0300,554660.000,2024-06-30 22:27:51.832
ETH,BUY,0.0140,554660.000,2024-06-30 22:27:56.309
ETH,BUY,0.4400,554660.000,2024-06-30 22:27:56.564
ETH,BUY,0.0100,554707.000,2024-06-30 22:28:03.666
ETH,BUY,0.0317,554707.000,2024-06-30 22:28:09.456
ETH,BUY,0.2305,554707.000,2024-06-30 22:28:12.168
ETH,BUY,0.0100,555000.000,2024-06-30 22:28:12.168
ETH,BUY,0.0370,555000.000,2024-06-30 22:28:12.168
ETH,BUY,0.0100,555000.000,2024-06-30 22:28:12.168
ETH,BUY,0.0100,555000.000,2024-06-30 22:28:12.168
ETH,BUY,0.0200,555000.000,2024-06-30 22:28:12.168
ETH,BUY,0.0825,555000.000,2024-06-30 22:28:12.168
ETH,BUY,0.3200,555000.000,2024-06-30 22:28:13.102
ETH,BUY,0.1000,555000.000,2024-06-30 22:28:13.788
ETH,BUY,0.0784,555000.000,2024-06-30 22:28:14.251
ETH,BUY,0.4191,555000.000,2024-06-30 22:28:18.704
ETH,BUY,0.2668,555005.000,2024-06-30 22:28:19.623
ETH,BUY,0.1432,555005.000,2024-06-30 22:28:20.257
ETH,BUY,0.7222,555216.000,2024-06-30 22:28:22.640
ETH,BUY,0.2700,555216.000,2024-06-30 22:28:23.211
ETH,BUY,0.0078,555216.000,2024-06-30 22:28:23.361
ETH,BUY,0.1000,555500.000,2024-06-30 22:28:23.361
ETH,BUY,0.2122,555751.000,2024-06-30 22:28:23.361
ETH,BUY,0.4000,555751.000,2024-06-30 22:28:23.643
ETH,BUY,0.0800,555939.000,2024-06-30 22:28:25.912
ETH,BUY,0.1000,555939.000,2024-06-30 22:28:30.344
ETH,BUY,0.1200,555939.000,2024-06-30 22:28:31.509
ETH,SELL,0.0999,555536.000,2024-06-30 22:28:37.664
ETH,SELL,0.2000,555552.000,2024-06-30 22:28:48.478
ETH,SELL,0.1000,555404.000,2024-06-30 22:30:58.717
ETH,SELL,1.0000,555438.000,2024-06-30 22:31:34.472
ETH,SELL,0.9100,555432.000,2024-06-30 22:31:34.472
ETH,SELL,0.1000,554806.000,2024-06-30 22:32:19.482
ETH,SELL,0.0088,554685.000,2024-06-30 22:32:52.098
ETH,SELL,0.4912,554682.000,2024-06-30 22:32:52.098
ETH,SELL,0.0100,554682.000,2024-06-30 22:32:52.161
ETH,BUY,0.0100,555326.000,2024-06-30 22:33:25.727
ETH,BUY,0.0400,555404.000,2024-06-30 22:33:38.950
ETH,BUY,0.0100,555404.000,2024-06-30 22:33:49.715
ETH,SELL,1.0000,555403.000,2024-06-30 22:33:59.981
ETH,SELL,0.0343,554951.000,2024-06-30 22:34:27.090
ETH,SELL,0.0657,554865.000,2024-06-30 22:34:27.090
ETH,SELL,0.0343,554740.000,2024-06-30 22:34:30.214
ETH,SELL,0.0400,555403.000,2024-06-30 22:35:57.695
ETH,BUY,0.1000,555629.000,2024-06-30 22:38:52.953
ETH,SELL,0.0600,555597.000,2024-06-30 22:39:16.573
ETH,SELL,0.1000,555403.000,2024-06-30 22:39:20.935
ETH,BUY,0.0730,555552.000,2024-06-30 22:39:47.245
ETH,BUY,0.0602,555527.000,2024-06-30 22:40:42.096
ETH,BUY,0.0398,555696.000,2024-06-30 22:40:42.096
ETH,BUY,0.0533,555508.000,2024-06-30 22:41:02.773
ETH,BUY,1.4428,555589.000,2024-06-30 22:41:02.773
ETH,BUY,0.0533,555697.000,2024-06-30 22:41:05.714
ETH,BUY,0.1000,555404.000,2024-06-30 22:42:07.511
ETH,SELL,0.0180,555403.000,2024-06-30 22:42:14.744
ETH,SELL,0.1000,555350.000,2024-06-30 22:42:14.744
ETH,SELL,0.0820,555071.000,2024-06-30 22:42:14.744
ETH,BUY,0.0350,555366.000,2024-06-30 22:43:09.700
ETH,SELL,0.0300,555050.000,2024-06-30 22:43:45.889
ETH,SELL,0.0200,554743.000,2024-06-30 22:43:45.889
ETH,SELL,0.1000,554470.000,2024-06-30 22:49:20.966
ETH,SELL,1.4500,554465.000,2024-06-30 22:49:20.966
ETH,SELL,0.0200,554362.000,2024-06-30 22:49:27.532
ETH,BUY,0.1000,554682.000,2024-06-30 22:49:51.303
ETH,BUY,0.5000,554683.000,2024-06-30 22:49:51.303
ETH,BUY,0.0999,554710.000,2024-06-30 22:49:51.586
ETH,SELL,1.0000,554258.000,2024-06-30 22:52:40.341
ETH,SELL,0.1500,554257.000,2024-06-30 22:52:40.374
ETH,SELL,0.0100,554223.000,2024-06-30 22:52:40.374
ETH,SELL,0.0400,554157.000,2024-06-30 22:52:40.374
ETH,SELL,0.0100,554096.000,2024-06-30 22:52:44.213
ETH,BUY,0.0500,554699.000,2024-06-30 22:54:51.782
ETH,BUY,1.4500,554700.000,2024-06-30 22:54:51.782
ETH,BUY,0.5000,554769.000,2024-06-30 22:54:51.782
ETH,SELL,0.1000,554698.000,2024-06-30 22:54:52.298
ETH,SELL,0.5410,554469.000,2024-06-30 22:54:52.298
ETH,SELL,0.5675,554268.000,2024-06-30 22:54:52.298
ETH,SELL,0.1153,554267.000,2024-06-30 22:54:52.298
ETH,BUY,0.0185,554952.000,2024-06-30 22:55:15.833
ETH,SELL,0.0100,554610.000,2024-06-30 22:57:09.693
ETH,SELL,0.0390,555071.000,2024-06-30 23:00:42.535
ETH,SELL,0.4610,554934.000,2024-06-30 23:00:42.535
ETH,SELL,0.0390,555008.000,2024-06-30 23:00:53.784
ETH,BUY,0.1450,555746.000,2024-06-30 23:03:36.497
ETH,BUY,0.0200,555719.000,2024-06-30 23:03:55.016
ETH,BUY,0.0130,555755.000,2024-06-30 23:03:55.016
ETH,BUY,0.0200,555370.000,2024-06-30 23:06:34.329
ETH,BUY,0.0700,555385.000,2024-06-30 23:06:38.286
ETH,BUY,0.9400,555423.000,2024-06-30 23:06:38.286
ETH,SELL,0.7782,555151.000,2024-06-30 23:06:55.366
ETH,SELL,0.3618,555146.000,2024-06-30 23:06:55.366
ETH,BUY,0.0178,555205.000,2024-06-30 23:08:36.644
ETH,BUY,0.0100,555263.000,2024-06-30 23:09:33.847
ETH,SELL,0.0594,555146.000,2024-06-30 23:09:34.549
ETH,SELL,0.1000,555146.000,2024-06-30 23:10:46.294
ETH,SELL,0.0073,555146.000,2024-06-30 23:12:26.278
ETH,SELL,0.0190,555146.000,2024-06-30 23:12:26.278
ETH,BUY,0.0350,554852.000,2024-06-30 23:12:42.021
ETH,SELL,0.0100,554600.000,2024-06-30 23:12:42.090
ETH,BUY,2.0000,554741.000,2024-06-30 23:13:38.553
ETH,BUY,0.5000,554825.000,2024-06-30 23:13:57.358
ETH,BUY,0.0719,554886.000,2024-06-30 23:13:58.235
ETH,BUY,0.5000,554885.000,2024-06-30 23:14:06.343
ETH,SELL,0.1800,554700.000,2024-06-30 23:19:00.612
ETH,SELL,0.0080,554600.000,2024-06-30 23:19:00.612
ETH,SELL,0.0120,554207.000,2024-06-30 23:19:00.612
ETH,BUY,0.0500,554335.000,2024-06-30 23:19:01.617
ETH,SELL,0.0100,554335.000,2024-06-30 23:20:30.649
ETH,SELL,0.0150,554250.000,2024-06-30 23:20:30.649
ETH,SELL,0.1000,554210.000,2024-06-30 23:20:30.649
ETH,SELL,0.0100,554005.000,2024-06-30 23:20:30.649
ETH,SELL,0.0200,554000.000,2024-06-30 23:20:30.649
ETH,SELL,0.0100,553880.000,2024-06-30 23:20:33.194
ETH,BUY,0.1814,554000.000,2024-06-30 23:21:31.618
ETH,BUY,0.5000,554000.000,2024-06-30 23:21:31.962
ETH,BUY,0.1636,554000.000,2024-06-30 23:21:50.496
ETH,SELL,0.0500,554500.000,2024-06-30 23:24:48.609
ETH,SELL,0.5000,554500.000,2024-06-30 23:25:22.715
ETH,SELL,0.4500,554500.000,2024-06-30 23:25:45.205
ETH,BUY,0.1000,554401.000,2024-06-30 23:26:03.670
ETH,SELL,0.0500,554400.000,2024-06-30 23:26:26.306
ETH,SELL,0.1100,554400.000,2024-06-30 23:28:58.329
ETH,SELL,0.2000,554400.000,2024-06-30 23:30:35.231
ETH,SELL,0.1000,554400.000,2024-06-30 23:30:36.099
ETH,BUY,0.4400,554401.000,2024-06-30 23:35:01.970
ETH,BUY,0.0400,554401.000,2024-06-30 23:35:18.899
ETH,BUY,0.0200,554595.000,2024-06-30 23:39:10.742
ETH,BUY,0.0268,554572.000,2024-06-30 23:39:28.979
ETH,BUY,0.0190,554661.000,2024-06-30 23:39:56.115
ETH,BUY,0.0200,554634.000,2024-06-30 23:40:54.338
ETH,SELL,0.0042,554596.000,2024-06-30 23:43:19.720
ETH,BUY,0.0136,554565.000,2024-06-30 23:43:29.864
ETH,SELL,0.1590,554401.000,2024-06-30 23:43:52.255
ETH,SELL,0.3764,554400.000,2024-06-30 23:43:52.255
ETH,SELL,0.0646,554300.000,2024-06-30 23:43:52.255
ETH,SELL,0.0100,554000.000,2024-06-30 23:45:14.307
ETH,SELL,0.1000,553627.000,2024-06-30 23:45:14.307
ETH,SELL,0.0350,553626.000,2024-06-30 23:45:14.307
ETH,SELL,0.1000,553596.000,2024-06-30 23:45:14.307
ETH,SELL,0.0100,554000.000,2024-06-30 23:45:15.102
ETH,BUY,0.9354,554073.000,2024-06-30 23:45:27.000
ETH,BUY,0.0646,554073.000,2024-06-30 23:45:27.117
ETH,BUY,0.4354,554074.000,2024-06-30 23:45:27.117
ETH,BUY,0.0179,553750.000,2024-06-30 23:46:06.600
ETH,SELL,0.1000,553555.000,2024-06-30 23:49:36.811
ETH,SELL,0.0190,553555.000,2024-06-30 23:49:59.746
ETH,BUY,0.0378,553610.000,2024-06-30 23:50:29.126
ETH,BUY,0.1622,553639.000,2024-06-30 23:50:29.126
ETH,BUY,0.0190,553755.000,2024-06-30 23:53:30.530
ETH,BUY,0.0500,553874.000,2024-06-30 23:54:18.344
ETH,BUY,0.0120,553502.000,2024-06-30 23:59:37.212
ETH,BUY,0.0380,553557.000,2024-06-30 23:59:37.212
ETH,BUY,0.1000,553607.000,2024-07-01 00:01:39.064
ETH,SELL,0.0181,553606.000,2024-07-01 00:03:06.715
ETH,BUY,0.0120,553501.000,2024-07-01 00:03:54.599
ETH,SELL,0.5000,553500.000,2024-07-01 00:04:00.132
ETH,SELL,0.0500,553500.000,2024-07-01 00:04:00.132
ETH,SELL,0.1084,553270.000,2024-07-01 00:04:00.132
ETH,SELL,0.3416,553140.000,2024-07-01 00:04:00.132
ETH,BUY,0.1800,553233.000,2024-07-01 00:05:00.661
ETH,SELL,0.0100,553000.000,2024-07-01 00:11:10.261
ETH,SELL,0.0500,553000.000,2024-07-01 00:11:17.529
ETH,SELL,0.0100,553530.000,2024-07-01 00:20:50.660
ETH,BUY,0.0100,553610.000,2024-07-01 00:22:42.565
ETH,BUY,0.1500,553270.000,2024-07-01 00:23:34.098
ETH,BUY,0.3200,553270.000,2024-07-01 00:23:34.840
ETH,SELL,0.0100,553100.000,2024-07-01 00:24:29.831
ETH,BUY,0.0179,553175.000,2024-07-01 00:25:05.474
ETH,BUY,0.0179,553173.000,2024-07-01 00:25:15.506
ETH,BUY,0.0179,553171.000,2024-07-01 00:25:35.822
ETH,BUY,0.0700,553581.000,2024-07-01 00:28:03.370
ETH,BUY,0.0127,553657.000,2024-07-01 00:28:07.367
ETH,BUY,0.0073,553666.000,2024-07-01 00:28:07.367
ETH,BUY,0.5000,553666.000,2024-07-01 00:29:37.562
ETH,BUY,0.0329,553666.000,2024-07-01 00:34:28.260
ETH,BUY,0.0211,553661.000,2024-07-01 00:36:26.196
ETH,BUY,0.0179,553726.000,2024-07-01 00:37:15.532
ETH,BUY,2.0000,554045.000,2024-07-01 00:40:24.443
ETH,BUY,2.0000,554161.000,2024-07-01 00:40:35.826
ETH,BUY,0.0300,554161.000,2024-07-01 00:40:36.764
ETH,BUY,0.3026,554175.000,2024-07-01 00:40:36.764
ETH,BUY,1.0674,554190.000,2024-07-01 00:40:36.764
ETH,BUY,0.1000,554219.000,2024-07-01 00:40:41.264
ETH,BUY,0.0500,554335.000,2024-07-01 00:40:48.199
ETH,BUY,1.0000,554449.000,2024-07-01 00:40:50.204
ETH,BUY,1.0000,554451.000,2024-07-01 00:40:50.204
ETH,BUY,0.0723,554509.000,2024-07-01 00:41:57.015
ETH,BUY,0.0100,554625.000,2024-07-01 00:46:43.791
ETH,SELL,0.1000,554544.000,2024-07-01 00:47:19.982
ETH,BUY,0.0270,554683.000,2024-07-01 00:47:21.372
ETH,BUY,0.0400,554799.000,2024-07-01 00:55:24.417
ETH,BUY,0.0100,554999.000,2024-07-01 01:01:01.834
ETH,BUY,0.0120,554998.000,2024-07-01 01:01:40.341
ETH,SELL,0.1000,554900.000,2024-07-01 01:02:21.755
ETH,SELL,0.3000,554900.000,2024-07-01 01:02:22.002
ETH,SELL,0.1000,554900.000,2024-07-01 01:02:22.127
ETH,SELL,0.1000,554900.000,2024-07-01 01:02:23.135
ETH,SELL,0.1000,554900.000,2024-07-01 01:02:23.654
ETH,SELL,0.1000,554900.000,2024-07-01 01:02:27.232
ETH,SELL,0.1000,554900.000,2024-07-01 01:02:27.349
ETH,BUY,0.0100,554901.000,2024-07-01 01:02:47.144
ETH,BUY,0.0170,554901.000,2024-07-01 01:02:58.284
ETH,SELL,0.1000,554900.000,2024-07-01 01:03:46.008
ETH,BUY,0.0300,554999.000,2024-07-01 01:06:14.970
ETH,BUY,0.0100,555224.000,2024-07-01 01:06:14.970
ETH,BUY,0.0610,555841.000,2024-07-01 01:06:16.225
ETH,BUY,0.1000,555885.000,2024-07-01 01:06:16.225
ETH,BUY,0.1294,555900.000,2024-07-01 01:06:16.225
ETH,BUY,0.2419,555536.000,2024-07-01 01:06:16.581
ETH,BUY,0.2000,555536.000,2024-07-01 01:06:16.582
ETH,BUY,0.1594,555536.000,2024-07-01 01:06:16.759
ETH,BUY,0.3000,555536.000,2024-07-01 01:06:17.745
ETH,BUY,0.0987,555536.000,2024-07-01 01:06:17.747
ETH,BUY,0.0100,556000.000,2024-07-01 01:06:17.915
ETH,BUY,0.3900,556389.000,2024-07-01 01:06:17.915
ETH,BUY,0.2000,556389.000,2024-07-01 01:06:18.091
ETH,BUY,0.1000,556389.000,2024-07-01 01:06:18.348
ETH,BUY,0.1806,556389.000,2024-07-01 01:06:18.447
ETH,BUY,0.0100,556998.000,2024-07-01 01:06:18.447
ETH,BUY,0.0094,557000.000,2024-07-01 01:06:18.447
ETH,BUY,0.2000,556742.000,2024-07-01 01:06:19.144
ETH,BUY,0.1000,555688.000,2024-07-01 01:06:24.228
ETH,BUY,0.9000,555688.000,2024-07-01 01:06:24.992
ETH,BUY,0.3179,556423.000,2024-07-01 01:06:25.700
ETH,BUY,0.0906,557000.000,2024-07-01 01:06:44.095
ETH,BUY,0.3094,557000.000,2024-07-01 01:06:44.095
ETH,BUY,0.3200,557000.000,2024-07-01 01:06:44.322
ETH,BUY,0.2000,557000.000,2024-07-01 01:06:45.979
ETH,BUY,0.7100,556804.000,2024-07-01 01:06:50.183
ETH,BUY,0.2900,556804.000,2024-07-01 01:06:50.625
ETH,BUY,0.0300,557000.000,2024-07-01 01:06:50.625
ETH,SELL,0.2000,556999.000,2024-07-01 01:07:13.098
ETH,SELL,0.2000,556865.000,2024-07-01 01:07:13.134
ETH,BUY,0.5000,556887.000,2024-07-01 01:07:55.953
ETH,BUY,0.1406,557000.000,2024-07-01 01:09:22.905
ETH,BUY,0.0594,557613.000,2024-07-01 01:09:22.905
ETH,BUY,0.0180,557424.000,2024-07-01 01:09:55.919
ETH,BUY,0.0600,557355.000,2024-07-01 01:10:09.253
ETH,SELL,0.0168,556942.000,2024-07-01 01:10:32.825
ETH,BUY,1.0000,557205.000,2024-07-01 01:10:57.937
ETH,BUY,0.2000,557513.000,2024-07-01 01:10:58.308
ETH,BUY,0.3000,557243.000,2024-07-01 01:10:58.768
ETH,BUY,0.2889,557243.000,2024-07-01 01:10:59.388
ETH,BUY,0.2000,557243.000,2024-07-01 01:10:59.522
ETH,BUY,0.1999,557243.000,2024-07-01 01:10:59.710
ETH,BUY,0.0112,557243.000,2024-07-01 01:11:00.317
ETH,BUY,0.1999,557777.000,2024-07-01 01:11:00.317
ETH,BUY,0.0901,557777.000,2024-07-01 01:11:00.443
ETH,BUY,0.0099,558000.000,2024-07-01 01:11:00.443
ETH,BUY,1.0000,557599.000,2024-07-01 01:11:02.498
ETH,BUY,0.0001,558000.000,2024-07-01 01:11:03.778
ETH,BUY,0.0370,558100.000,2024-07-01 01:11:03.778
ETH,BUY,0.0370,558500.000,2024-07-01 01:11:03.778
ETH,BUY,0.1000,558547.000,2024-07-01 01:11:03.949
ETH,BUY,0.1000,557757.000,2024-07-01 01:11:04.661
ETH,BUY,0.0259,557757.000,2024-07-01 01:11:05.110
ETH,BUY,0.2886,557757.000,2024-07-01 01:11:05.260
ETH,BUY,0.2000,557757.000,2024-07-01 01:11:05.826
ETH,BUY,0.2000,557757.000,2024-07-01 01:11:07.138
ETH,BUY,0.1855,557757.000,2024-07-01 01:11:07.266
ETH,BUY,0.3585,558547.000,2024-07-01 01:11:07.391
ETH,BUY,1.0000,558066.000,2024-07-01 01:11:08.693
ETH,BUY,0.2000,558547.000,2024-07-01 01:11:08.744
ETH,BUY,0.4000,558547.000,2024-07-01 01:11:09.163
ETH,BUY,0.3000,558547.000,2024-07-01 01:11:09.244
ETH,BUY,0.1000,558547.000,2024-07-01 01:11:09.299
ETH,BUY,0.3200,558547.000,2024-07-01 01:11:09.445
ETH,BUY,0.0300,558547.000,2024-07-01 01:11:09.446
ETH,BUY,0.1000,558547.000,2024-07-01 01:11:09.611
ETH,BUY,0.1000,558547.000,2024-07-01 01:11:09.925
ETH,BUY,0.1000,558547.000,2024-07-01 01:11:10.124
ETH,BUY,0.0322,558213.000,2024-07-01 01:11:10.778
ETH,BUY,0.1000,558213.000,2024-07-01 01:11:10.945
ETH,BUY,0.7182,558213.000,2024-07-01 01:11:11.860
ETH,BUY,0.0220,558213.000,2024-07-01 01:11:11.925
ETH,BUY,0.1276,558213.000,2024-07-01 01:11:12.473
ETH,BUY,0.0314,558482.000,2024-07-01 01:11:16.755
ETH,BUY,0.0677,558547.000,2024-07-01 01:11:18.474
ETH,BUY,0.0130,558547.000,2024-07-01 01:11:22.236
ETH,BUY,0.8100,558547.000,2024-07-01 01:11:22.812
ETH,BUY,0.0008,558547.000,2024-07-01 01:11:22.852
ETH,BUY,0.0700,559000.000,2024-07-01 01:11:22.852
ETH,BUY,0.3292,559246.000,2024-07-01 01:11:22.852
ETH,BUY,0.0100,559246.000,2024-07-01 01:11:22.856
ETH,BUY,0.3200,559220.000,2024-07-01 01:11:23.225
ETH,BUY,0.2000,559220.000,2024-07-01 01:11:23.770
ETH,BUY,0.1000,559220.000,2024-07-01 01:11:23.789
ETH,BUY,0.0100,559505.000,2024-07-01 01:11:24.600
ETH,BUY,0.1820,559571.000,2024-07-01 01:11:24.600
ETH,BUY,0.0080,559613.000,2024-07-01 01:11:24.600
ETH,SELL,0.0999,559456.000,2024-07-01 01:11:40.353
ETH,BUY,0.0500,559237.000,2024-07-01 01:11:59.319
ETH,BUY,0.4000,559237.000,2024-07-01 01:11:59.625
ETH,BUY,0.5500,559237.000,2024-07-01 01:12:00.227
ETH,BUY,0.2700,559800.000,2024-07-01 01:12:01.073
ETH,BUY,0.0510,559800.000,2024-07-01 01:12:12.591
ETH,BUY,0.2790,559800.000,2024-07-01 01:12:13.079
ETH,BUY,0.0410,560000.000,2024-07-01 01:12:13.079
ETH,BUY,0.0590,560000.000,2024-07-01 01:12:13.493
ETH,BUY,0.0100,560000.000,2024-07-01 01:12:13.493
ETH,BUY,0.0100,560000.000,2024-07-01 01:12:13.493
ETH,BUY,0.3210,560000.000,2024-07-01 01:12:13.493
ETH,BUY,0.0106,560000.000,2024-07-01 01:12:16.660
ETH,BUY,0.4000,560000.000,2024-07-01 01:12:17.121
ETH,BUY,0.0792,560000.000,2024-07-01 01:12:20.872
ETH,BUY,0.1800,560000.000,2024-07-01 01:12:22.460
ETH,BUY,0.0092,560000.000,2024-07-01 01:12:22.589
ETH,BUY,0.0200,560000.000,2024-07-01 01:12:22.589
ETH,BUY,0.0700,560000.000,2024-07-01 01:12:22.589
ETH,BUY,0.0100,560000.000,2024-07-01 01:12:22.589
ETH,BUY,0.2000,560403.000,2024-07-01 01:12:22.773
ETH,BUY,0.4000,560167.000,2024-07-01 01:12:23.477
ETH,BUY,0.1400,560167.000,2024-07-01 01:12:25.098
ETH,BUY,0.0902,560403.000,2024-07-01 01:12:26.395
ETH,BUY,0.1400,560425.000,2024-07-01 01:12:32.120
ETH,BUY,0.2000,560664.000,2024-07-01 01:12:48.277
ETH,BUY,0.0400,560700.000,2024-07-01 01:13:03.622
ETH,BUY,0.0500,561000.000,2024-07-01 01:13:03.622
ETH,BUY,0.1100,561000.000,2024-07-01 01:13:09.620
ETH,SELL,0.2000,560745.000,2024-07-01 01:13:37.278
ETH,SELL,0.1000,560746.000,2024-07-01 01:13:38.520
ETH,SELL,0.2000,560747.000,2024-07-01 01:13:39.379
ETH,SELL,0.2000,560748.000,2024-07-01 01:13:40.610
ETH,BUY,0.0500,560327.000,2024-07-01 01:14:37.193
ETH,BUY,0.3932,560327.000,2024-07-01 01:14:38.321
ETH,BUY,0.3268,560610.000,2024-07-01 01:14:38.321
ETH,BUY,0.6732,560610.000,2024-07-01 01:14:38.651
ETH,BUY,0.2999,561000.000,2024-07-01 01:14:40.100
ETH,BUY,0.1000,561000.000,2024-07-01 01:14:42.400
ETH,BUY,0.1500,561000.000,2024-07-01 01:14:42.708
ETH,BUY,0.2901,561000.000,2024-07-01 01:14:57.557
ETH,BUY,0.1099,561000.000,2024-07-01 01:14:57.557
ETH,BUY,0.1600,561000.000,2024-07-01 01:14:58.307
ETH,BUY,0.2000,561000.000,2024-07-01 01:14:58.552
ETH,BUY,0.0211,561000.000,2024-07-01 01:14:58.740
ETH,BUY,0.2871,561000.000,2024-07-01 01:15:01.027
ETH,BUY,0.0653,561000.000,2024-07-01 01:15:01.891
ETH,BUY,2.6566,561000.000,2024-07-01 01:15:03.094
ETH,BUY,0.1100,561000.000,2024-07-01 01:15:03.094
ETH,BUY,0.1400,561380.000,2024-07-01 01:15:07.463
ETH,BUY,0.0686,561380.000,2024-07-01 01:15:07.567
ETH,BUY,0.0600,561616.000,2024-07-01 01:15:10.116
ETH,BUY,0.0200,561616.000,2024-07-01 01:15:10.118
ETH,BUY,0.0370,561700.000,2024-07-01 01:15:38.254
ETH,BUY,0.0830,561700.000,2024-07-01 01:15:38.254
ETH,SELL,0.0999,561394.000,2024-07-01 01:15:45.879
ETH,BUY,0.0370,561800.000,2024-07-01 01:16:02.019
ETH,BUY,0.5269,561800.000,2024-07-01 01:16:02.019
ETH,BUY,0.4361,561999.000,2024-07-01 01:16:02.019
ETH,BUY,0.2000,562000.000,2024-07-01 01:16:09.473
ETH,BUY,0.0178,562000.000,2024-07-01 01:16:36.632
ETH,BUY,0.0100,562000.000,2024-07-01 01:16:47.857
ETH,BUY,1.0000,562000.000,2024-07-01 01:17:19.396
ETH,SELL,0.0620,561515.000,2024-07-01 01:17:57.620
ETH,SELL,0.0178,561633.000,2024-07-01 01:18:25.038
ETH,BUY,0.0195,561633.000,2024-07-01 01:19:22.808
ETH,BUY,0.0200,561633.000,2024-07-01 01:19:39.524
ETH,BUY,0.4605,561633.000,2024-07-01 01:19:40.564
ETH,BUY,0.0395,561820.000,2024-07-01 01:19:40.564
ETH,BUY,0.0300,562000.000,2024-07-01 01:19:52.966
ETH,BUY,0.2000,562000.000,2024-07-01 01:20:37.337
ETH,BUY,0.1000,562000.000,2024-07-01 01:20:37.595
ETH,BUY,0.2000,562000.000,2024-07-01 01:20:37.829
ETH,BUY,0.0200,562000.000,2024-07-01 01:20:42.695
ETH,BUY,0.0364,562000.000,2024-07-01 01:20:44.665
ETH,BUY,0.1858,562000.000,2024-07-01 01:20:46.493
ETH,BUY,0.3000,562000.000,2024-07-01 01:20:46.493
ETH,BUY,0.1000,562000.000,2024-07-01 01:20:46.493
ETH,BUY,0.1280,562000.000,2024-07-01 01:20:46.493
ETH,BUY,0.7139,562000.000,2024-07-01 01:20:49.933
ETH,BUY,0.1581,562000.000,2024-07-01 01:20:53.270
ETH,BUY,0.0100,562023.000,2024-07-01 01:20:57.108
ETH,BUY,0.0370,562300.000,2024-07-01 01:20:57.108
ETH,BUY,0.0080,562300.000,2024-07-01 01:20:57.108
ETH,BUY,0.0199,562300.000,2024-07-01 01:20:58.111
ETH,BUY,0.1264,562480.000,2024-07-01 01:20:58.111
ETH,BUY,0.0100,562500.000,2024-07-01 01:20:58.111
ETH,BUY,0.0700,562500.000,2024-07-01 01:20:58.111
ETH,BUY,0.0178,562630.000,2024-07-01 01:20:58.111
ETH,BUY,0.0138,562845.000,2024-07-01 01:20:58.111
ETH,BUY,0.1266,562888.000,2024-07-01 01:20:58.111
ETH,BUY,0.0155,562890.000,2024-07-01 01:20:58.111
ETH,BUY,0.2000,562890.000,2024-07-01 01:20:58.850
ETH,BUY,0.0100,562085.000,2024-07-01 01:20:59.372
ETH,BUY,0.7139,562085.000,2024-07-01 01:21:00.318
ETH,BUY,0.2761,562085.000,2024-07-01 01:21:00.982
ETH,BUY,0.4000,562201.000,2024-07-01 01:21:02.108
ETH,BUY,0.7137,562250.000,2024-07-01 01:21:06.675
ETH,SELL,0.1380,562305.000,2024-07-01 01:21:24.451
ETH,SELL,0.0229,562300.000,2024-07-01 01:21:24.451
ETH,SELL,0.9771,562300.000,2024-07-01 01:21:45.628
ETH,SELL,0.0229,562249.000,2024-07-01 01:21:45.628
ETH,BUY,0.2000,562235.000,2024-07-01 01:24:08.258
ETH,BUY,0.0156,562235.000,2024-07-01 01:24:10.232
ETH,BUY,0.0177,562249.000,2024-07-01 01:24:15.586
ETH,SELL,0.0270,562248.000,2024-07-01 01:24:55.692
ETH,SELL,0.1823,562248.000,2024-07-01 01:25:16.439
ETH,BUY,0.0200,562370.000,2024-07-01 01:26:02.323
ETH,BUY,0.0223,562433.000,2024-07-01 01:26:02.998
ETH,BUY,0.1800,562568.000,2024-07-01 01:26:10.098
ETH,BUY,0.0799,562589.000,2024-07-01 01:26:11.003
ETH,BUY,0.0176,562589.000,2024-07-01 01:26:15.607
ETH,BUY,0.4000,562567.000,2024-07-01 01:27:03.055
ETH,BUY,0.2000,562567.000,2024-07-01 01:27:04.374
ETH,BUY,0.0177,562731.000,2024-07-01 01:27:25.597
ETH,BUY,0.0100,562736.000,2024-07-01 01:27:30.135
ETH,SELL,0.1000,562840.000,2024-07-01 01:27:39.453
ETH,BUY,0.0100,562763.000,2024-07-01 01:27:55.674
ETH,BUY,0.1210,562967.000,2024-07-01 01:28:08.238
ETH,BUY,0.0790,563000.000,2024-07-01 01:28:08.238
ETH,BUY,0.2000,562995.000,2024-07-01 01:29:00.606
ETH,BUY,0.4210,563000.000,2024-07-01 01:29:00.606
ETH,BUY,0.0100,563000.000,2024-07-01 01:29:00.606
ETH,BUY,0.3690,563025.000,2024-07-01 01:29:00.606
ETH,BUY,0.0690,563180.000,2024-07-01 01:29:01.364
ETH,BUY,0.0120,563164.000,2024-07-01 01:30:04.006
ETH,BUY,0.0100,563296.000,2024-07-01 01:31:36.086
ETH,SELL,0.2900,563222.000,2024-07-01 01:32:15.431
ETH,SELL,0.1065,562812.000,2024-07-01 01:32:15.431
ETH,SELL,0.2000,562812.000,2024-07-01 01:32:15.964
ETH,SELL,1.5900,562947.000,2024-07-01 01:33:15.676
ETH,SELL,1.0000,562947.000,2024-07-01 01:33:15.676
ETH,SELL,0.5866,562946.000,2024-07-01 01:33:15.676
ETH,SELL,0.2000,562945.000,2024-07-01 01:33:15.676
ETH,SELL,0.9158,562826.000,2024-07-01 01:33:15.676
ETH,SELL,0.2285,562825.000,2024-07-01 01:33:15.676
ETH,SELL,0.4891,562732.000,2024-07-01 01:33:15.676
ETH,BUY,0.0999,562749.000,2024-07-01 01:33:19.877
ETH,BUY,0.2000,562749.000,2024-07-01 01:33:19.937
ETH,BUY,0.2000,563099.000,2024-07-01 01:33:23.790
ETH,BUY,0.4000,563099.000,2024-07-01 01:33:24.480
ETH,BUY,0.0700,563252.000,2024-07-01 01:33:27.636
ETH,BUY,0.4587,563252.000,2024-07-01 01:33:27.643
ETH,BUY,0.2859,563252.000,2024-07-01 01:33:28.846
ETH,BUY,0.1854,563252.000,2024-07-01 01:33:28.983
ETH,BUY,0.0146,563746.000,2024-07-01 01:33:28.983
ETH,BUY,0.0131,564000.000,2024-07-01 01:33:30.185
ETH,BUY,0.1006,564000.000,2024-07-01 01:33:30.297
ETH,BUY,0.0863,564000.000,2024-07-01 01:33:30.373
ETH,BUY,0.0137,564252.000,2024-07-01 01:33:30.373
ETH,BUY,0.4000,564252.000,2024-07-01 01:33:30.486
ETH,BUY,0.1723,564252.000,2024-07-01 01:33:30.593
ETH,BUY,0.1227,564444.000,2024-07-01 01:33:30.593
ETH,BUY,0.1000,564444.000,2024-07-01 01:33:31.874
ETH,BUY,0.0673,564444.000,2024-07-01 01:33:32.269
ETH,BUY,0.0100,564552.000,2024-07-01 01:33:32.269
ETH,BUY,0.5311,564799.000,2024-07-01 01:33:32.269
ETH,BUY,0.0966,564800.000,2024-07-01 01:33:32.269
ETH,BUY,0.0128,564626.000,2024-07-01 01:33:35.697
ETH,SELL,0.1000,564029.000,2024-07-01 01:33:40.655
ETH,SELL,0.2000,564030.000,2024-07-01 01:33:41.188
ETH,SELL,0.7000,564030.000,2024-07-01 01:33:41.428
ETH,SELL,0.3000,563728.000,2024-07-01 01:33:41.428
ETH,BUY,0.1800,563654.000,2024-07-01 01:34:29.118
ETH,BUY,0.1000,563733.000,2024-07-01 01:34:52.921
ETH,BUY,0.1499,563802.000,2024-07-01 01:34:55.009
ETH,BUY,0.0100,564202.000,2024-07-01 01:35:32.369
ETH,BUY,0.1000,564235.000,2024-07-01 01:36:15.923
ETH,BUY,0.0100,564200.000,2024-07-01 01:37:06.070
ETH,BUY,1.4527,564306.000,2024-07-01 01:37:06.070
ETH,BUY,0.5315,564418.000,2024-07-01 01:37:06.070
ETH,BUY,1.0000,564555.000,2024-07-01 01:37:06.070
ETH,BUY,0.9158,564556.000,2024-07-01 01:37:06.070
ETH,BUY,0.0120,564741.000,2024-07-01 01:37:06.070
ETH,BUY,0.1000,564742.000,2024-07-01 01:37:06.070
ETH,BUY,3.9780,564746.000,2024-07-01 01:37:06.070
ETH,BUY,1.0000,564635.000,2024-07-01 01:37:23.427
ETH,SELL,0.2049,564161.000,2024-07-01 01:37:25.728
ETH,BUY,0.1700,564165.000,2024-07-01 01:37:42.041
ETH,SELL,0.0300,564160.000,2024-07-01 01:37:48.404
ETH,SELL,0.0600,563774.000,2024-07-01 01:37:48.404
ETH,SELL,0.0100,563774.000,2024-07-01 01:37:48.506
ETH,SELL,0.0100,563774.000,2024-07-01 01:37:48.564
ETH,SELL,0.0100,563774.000,2024-07-01 01:37:48.646
ETH,SELL,0.0100,563774.000,2024-07-01 01:37:48.695
ETH,BUY,0.0200,564164.000,2024-07-01 01:37:52.590
ETH,BUY,0.4979,564149.000,2024-07-01 01:38:19.402
ETH,BUY,0.1000,564150.000,2024-07-01 01:38:19.402
ETH,BUY,0.2250,564150.000,2024-07-01 01:38:19.402
ETH,BUY,0.0248,564253.000,2024-07-01 01:38:19.527
ETH,SELL,0.0245,564253.000,2024-07-01 01:39:54.864
ETH,SELL,0.0200,564253.000,2024-07-01 01:41:48.310
ETH,SELL,0.2000,564253.000,2024-07-01 01:41:53.859
ETH,BUY,0.0175,564400.000,2024-07-01 01:45:05.505
ETH,BUY,1.0000,564400.000,2024-07-01 01:45:08.575
ETH,BUY,0.1000,564400.000,2024-07-01 01:45:27.235
ETH,SELL,0.0200,564253.000,2024-07-01 01:46:44.166
ETH,SELL,0.7155,564253.000,2024-07-01 01:48:21.760
ETH,SELL,0.0180,564253.000,2024-07-01 01:48:21.760
ETH,SELL,0.2665,564253.000,2024-07-01 01:48:21.760
ETH,SELL,0.0416,564277.000,2024-07-01 01:50:06.681
ETH,BUY,0.0100,564400.000,2024-07-01 01:50:39.288
ETH,BUY,0.4900,564629.000,2024-07-01 01:50:39.288
ETH,BUY,1.0000,564717.000,2024-07-01 01:51:25.236
ETH,BUY,0.0175,564800.000,2024-07-01 01:53:35.573
ETH,BUY,0.0500,564800.000,2024-07-01 01:53:43.495
ETH,BUY,0.0175,564800.000,2024-07-01 01:53:45.497
ETH,BUY,0.0175,564800.000,2024-07-01 01:53:55.712
ETH,BUY,0.0100,564800.000,2024-07-01 01:53:55.978
ETH,BUY,0.1400,564800.000,2024-07-01 01:54:01.743
ETH,BUY,0.0175,564800.000,2024-07-01 01:54:05.461
ETH,BUY,0.1000,564800.000,2024-07-01 01:54:08.045
ETH,BUY,0.0334,564800.000,2024-07-01 01:55:11.908
ETH,BUY,0.1266,564805.000,2024-07-01 01:55:11.908
ETH,BUY,0.1000,565000.000,2024-07-01 01:55:16.545
ETH,BUY,0.0176,565000.000,2024-07-01 01:56:25.491
ETH,BUY,0.0176,565000.000,2024-07-01 01:56:35.549
ETH,BUY,0.2000,565000.000,2024-07-01 01:56:53.089
ETH,BUY,0.0176,565000.000,2024-07-01 01:56:55.573
ETH,BUY,0.0590,565000.000,2024-07-01 01:57:04.874
ETH,BUY,0.0176,565000.000,2024-07-01 01:57:05.540
ETH,BUY,0.0706,565000.000,2024-07-01 01:57:09.763
ETH,BUY,0.0040,565000.000,2024-07-01 01:57:09.763
ETH,BUY,0.0091,565000.000,2024-07-01 01:57:11.464
ETH,BUY,0.0100,565000.000,2024-07-01 01:57:11.464
ETH,BUY,0.0809,565000.000,2024-07-01 01:57:11.464
ETH,BUY,0.0191,565000.000,2024-07-01 01:57:11.947
ETH,BUY,0.0200,565000.000,2024-07-01 01:57:11.947
ETH,BUY,0.0100,565000.000,2024-07-01 01:57:11.947
ETH,BUY,0.0250,565002.000,2024-07-01 01:57:11.947
ETH,BUY,0.1259,565360.000,2024-07-01 01:57:11.947
ETH,BUY,0.1300,565360.000,2024-07-01 01:57:12.333
ETH,BUY,0.0416,565599.000,2024-07-01 01:57:33.094
ETH,BUY,0.0950,565600.000,2024-07-01 01:57:33.094
ETH,BUY,0.8634,565762.000,2024-07-01 01:57:33.094
ETH,SELL,0.0987,565435.000,2024-07-01 01:57:48.179
ETH,SELL,0.0854,565391.000,2024-07-01 01:58:58.202
ETH,SELL,0.0283,565498.000,2024-07-01 01:59:14.172
ETH,BUY,0.4990,565913.000,2024-07-01 02:00:08.363
ETH,BUY,0.0010,566100.000,2024-07-01 02:00:08.363
ETH,SELL,0.0717,566099.000,2024-07-01 02:00:17.788
ETH,SELL,0.3675,566099.000,2024-07-01 02:00:17.788
ETH,SELL,0.0315,565943.000,2024-07-01 02:00:30.184
ETH,BUY,0.0315,565625.000,2024-07-01 02:01:14.669
ETH,BUY,0.1000,565744.000,2024-07-01 02:01:14.669
ETH,SELL,0.0105,565943.000,2024-07-01 02:01:19.102
ETH,SELL,0.0895,565498.000,2024-07-01 02:01:19.102
ETH,SELL,0.0805,565498.000,2024-07-01 02:02:03.093
ETH,SELL,1.0000,565061.000,2024-07-01 02:03:38.631
ETH,SELL,0.0100,565060.000,2024-07-01 02:03:38.690
ETH,SELL,0.0100,565060.000,2024-07-01 02:03:38.741
ETH,BUY,0.0175,565390.000,2024-07-01 02:03:45.417
ETH,SELL,0.0194,565073.000,2024-07-01 02:04:31.185
ETH,BUY,0.0500,565201.000,2024-07-01 02:05:12.729
ETH,SELL,0.0120,565074.000,2024-07-01 02:05:46.332
ETH,SELL,0.2400,565074.000,2024-07-01 02:06:01.811
ETH,BUY,0.0180,565075.000,2024-07-01 02:06:33.673
ETH,BUY,0.0320,565075.000,2024-07-01 02:06:37.845
ETH,BUY,5.0000,565355.000,2024-07-01 02:06:37.845
ETH,SELL,0.9679,565355.000,2024-07-01 02:06:39.640
ETH,SELL,0.0001,565355.000,2024-07-01 02:06:49.092
ETH,SELL,0.1000,565070.000,2024-07-01 02:07:03.934
ETH,SELL,0.1000,565179.000,2024-07-01 02:07:23.557
ETH,SELL,0.1000,565070.000,2024-07-01 02:07:23.557
ETH,SELL,0.1000,565070.000,2024-07-01 02:07:25.099
ETH,SELL,0.2400,565315.000,2024-07-01 02:08:09.234
ETH,BUY,0.5000,565570.000,2024-07-01 02:08:18.418
ETH,BUY,0.2400,565573.000,2024-07-01 02:08:18.418
ETH,BUY,2.3600,565587.000,2024-07-01 02:08:18.418
ETH,SELL,0.0593,565189.000,2024-07-01 02:08:19.911
ETH,SELL,0.8704,565189.000,2024-07-01 02:08:20.087
ETH,SELL,0.2296,565189.000,2024-07-01 02:08:20.087
ETH,SELL,0.7704,565189.000,2024-07-01 02:08:20.143
ETH,SELL,0.2296,565189.000,2024-07-01 02:08:20.143
ETH,SELL,0.1000,565189.000,2024-07-01 02:08:20.983
ETH,SELL,1.0000,565311.000,2024-07-01 02:09:06.473
ETH,BUY,0.6870,565454.000,2024-07-01 02:09:16.744
ETH,BUY,0.2665,565498.000,2024-07-01 02:09:41.514
ETH,BUY,0.0335,565560.000,2024-07-01 02:09:41.514
ETH,SELL,0.0600,565500.000,2024-07-01 02:10:17.426
ETH,SELL,0.9400,565409.000,2024-07-01 02:10:17.426
ETH,BUY,0.0175,565610.000,2024-07-01 02:10:25.546
ETH,BUY,0.0175,565610.000,2024-07-01 02:10:35.683
ETH,SELL,0.0157,565648.000,2024-07-01 02:10:56.195
ETH,SELL,0.6500,565543.000,2024-07-01 02:11:32.797
ETH,SELL,0.5500,565330.000,2024-07-01 02:11:32.986
ETH,SELL,0.0088,565330.000,2024-07-01 02:11:32.988
ETH,SELL,0.0812,565328.000,2024-07-01 02:11:32.988
ETH,SELL,0.1462,565328.000,2024-07-01 02:11:33.059
ETH,SELL,0.5038,565189.000,2024-07-01 02:11:33.059
ETH,SELL,0.3071,565189.000,2024-07-01 02:11:33.164
ETH,SELL,0.1891,565189.000,2024-07-01 02:11:33.256
ETH,SELL,1.0000,565073.000,2024-07-01 02:11:33.256
ETH,SELL,3.1000,565070.000,2024-07-01 02:11:33.256
ETH,SELL,0.0700,565000.000,2024-07-01 02:11:33.356
ETH,SELL,0.0100,565000.000,2024-07-01 02:11:33.444
ETH,SELL,0.3100,565000.000,2024-07-01 02:11:33.446
ETH,SELL,0.6100,565000.000,2024-07-01 02:11:33.448
ETH,SELL,1.0000,565000.000,2024-07-01 02:11:33.448
ETH,SELL,0.1000,565000.000,2024-07-01 02:11:33.448
ETH,SELL,0.1000,564786.000,2024-07-01 02:11:33.547
ETH,SELL,0.1000,564753.000,2024-07-01 02:11:33.547
ETH,SELL,0.0517,564658.000,2024-07-01 02:11:33.547
ETH,SELL,0.0100,564658.000,2024-07-01 02:11:33.620
ETH,SELL,0.0383,564658.000,2024-07-01 02:11:33.633
ETH,SELL,0.0715,564635.000,2024-07-01 02:11:33.633
ETH,SELL,0.0100,564635.000,2024-07-01 02:11:33.962
ETH,SELL,0.0100,564635.000,2024-07-01 02:11:34.288
ETH,SELL,0.0594,564636.000,2024-07-01 02:11:34.739
ETH,SELL,0.0848,564636.000,2024-07-01 02:11:34.741
ETH,SELL,1.6558,564636.000,2024-07-01 02:11:34.878
ETH,SELL,0.1085,564635.000,2024-07-01 02:11:34.878
ETH,SELL,0.0308,564167.000,2024-07-01 02:11:34.881
ETH,SELL,0.1000,564167.000,2024-07-01 02:11:35.427
ETH,SELL,0.0588,564167.000,2024-07-01 02:11:35.669
ETH,SELL,0.0700,564359.000,2024-07-01 02:11:36.369
ETH,SELL,0.9300,564359.000,2024-07-01 02:11:37.344
ETH,SELL,0.6500,564359.000,2024-07-01 02:11:37.344
ETH,SELL,0.0500,563646.000,2024-07-01 02:11:38.598
ETH,BUY,0.0738,564636.000,2024-07-01 02:11:43.935
ETH,BUY,0.0260,564636.000,2024-07-01 02:11:44.007
ETH,BUY,0.0609,564451.000,2024-07-01 02:11:50.721
ETH,BUY,1.0619,564696.000,2024-07-01 02:12:05.397
ETH,SELL,0.0162,564104.000,2024-07-01 02:16:17.678
ETH,BUY,0.1000,563555.000,2024-07-01 02:16:52.287
ETH,BUY,0.1000,563555.000,2024-07-01 02:16:52.557
ETH,BUY,0.2000,563555.000,2024-07-01 02:16:52.749
ETH,BUY,0.0100,564050.000,2024-07-01 02:16:54.336
ETH,BUY,0.0075,564284.000,2024-07-01 02:16:54.336
ETH,BUY,0.0176,564140.000,2024-07-01 02:17:04.350
ETH,BUY,0.0647,563781.000,2024-07-01 02:17:23.612
ETH,BUY,0.2000,563781.000,2024-07-01 02:17:23.947
ETH,BUY,0.0176,563805.000,2024-07-01 02:17:24.287
ETH,BUY,0.0700,563808.000,2024-07-01 02:17:33.653
ETH,BUY,0.1000,563808.000,2024-07-01 02:17:34.314
ETH,BUY,0.0176,563808.000,2024-07-01 02:17:34.485
ETH,BUY,0.8124,563808.000,2024-07-01 02:17:34.524
ETH,BUY,0.2000,564240.000,2024-07-01 02:17:34.591
ETH,BUY,0.2000,564519.000,2024-07-01 02:17:35.300
ETH,BUY,0.0460,564515.000,2024-07-01 02:17:35.621
ETH,BUY,0.0223,564245.000,2024-07-01 02:18:41.596
ETH,SELL,0.0170,564062.000,2024-07-01 02:19:08.689
ETH,BUY,0.1800,564249.000,2024-07-01 02:19:22.124
ETH,BUY,0.0176,563862.000,2024-07-01 02:20:04.346
ETH,BUY,0.0700,563865.000,2024-07-01 02:20:07.375
ETH,SELL,0.0975,563646.000,2024-07-01 02:21:34.134
ETH,SELL,0.2000,563527.000,2024-07-01 02:22:26.913
ETH,SELL,0.1000,563524.000,2024-07-01 02:22:29.085
ETH,SELL,0.1000,563366.000,2024-07-01 02:22:29.085
ETH,SELL,1.0000,563268.000,2024-07-01 02:22:56.145
ETH,SELL,0.4800,563268.000,2024-07-01 02:22:56.145
ETH,SELL,0.5799,563268.000,2024-07-01 02:22:56.145
ETH,SELL,1.0000,563106.000,2024-07-01 02:22:56.145
ETH,SELL,0.0100,563100.000,2024-07-01 02:22:56.145
ETH,SELL,0.0200,563000.000,2024-07-01 02:22:56.145
ETH,BUY,0.0175,563000.000,2024-07-01 02:23:04.312
ETH,BUY,0.0175,563000.000,2024-07-01 02:23:14.504
ETH,BUY,0.0175,563000.000,2024-07-01 02:23:24.358
ETH,SELL,0.1999,562999.000,2024-07-01 02:24:14.574
ETH,SELL,0.1000,562999.000,2024-07-01 02:24:15.692
ETH,SELL,0.1000,562999.000,2024-07-01 02:24:16.497
ETH,SELL,0.1000,562999.000,2024-07-01 02:24:16.982
ETH,BUY,0.3894,563000.000,2024-07-01 02:26:47.632
ETH,BUY,0.0869,563127.000,2024-07-01 02:26:47.737
ETH,BUY,0.0132,563377.000,2024-07-01 02:26:52.677
ETH,SELL,0.0106,563015.000,2024-07-01 02:27:04.177
ETH,BUY,0.0175,563046.000,2024-07-01 02:27:14.296
ETH,BUY,0.0251,563389.000,2024-07-01 02:27:18.725
ETH,BUY,0.8914,563389.000,2024-07-01 02:27:26.207
ETH,BUY,0.0125,563470.000,2024-07-01 02:28:03.189
ETH,BUY,0.5381,563388.000,2024-07-01 02:28:07.873
ETH,BUY,1.3028,563389.000,2024-07-01 02:28:07.873
ETH,BUY,0.0465,563389.000,2024-07-01 02:28:08.678
ETH,BUY,0.4916,563389.000,2024-07-01 02:28:09.899
ETH,BUY,0.0149,563511.000,2024-07-01 02:28:42.686
ETH,BUY,0.0104,563605.000,2024-07-01 02:28:54.181
ETH,BUY,0.0532,563596.000,2024-07-01 02:29:01.183
ETH,BUY,0.0225,563560.000,2024-07-01 02:29:06.686
ETH,BUY,0.0204,563597.000,2024-07-01 02:29:19.688
ETH,BUY,0.0166,563605.000,2024-07-01 02:29:25.185
ETH,BUY,0.1000,563612.000,2024-07-01 02:29:27.512
ETH,BUY,0.0211,563722.000,2024-07-01 02:29:42.681
ETH,BUY,0.0174,563770.000,2024-07-01 02:29:48.181
ETH,BUY,0.0249,563765.000,2024-07-01 02:29:55.185
ETH,SELL,0.0869,563262.000,2024-07-01 02:29:57.560
ETH,BUY,0.0175,563759.000,2024-07-01 02:30:04.291
ETH,BUY,0.5121,563312.000,2024-07-01 02:30:06.925
ETH,BUY,0.4879,563312.000,2024-07-01 02:30:07.886
ETH,BUY,0.7120,563328.000,2024-07-01 02:30:11.920
ETH,BUY,0.0175,563799.000,2024-07-01 02:30:14.308
ETH,BUY,0.0301,563342.000,2024-07-01 02:30:18.752
ETH,BUY,0.6850,563342.000,2024-07-01 02:30:19.991
ETH,BUY,0.0281,563743.000,2024-07-01 02:30:26.174
ETH,BUY,0.0177,563813.000,2024-07-01 02:30:36.954
ETH,BUY,0.0123,563813.000,2024-07-01 02:30:39.176
ETH,BUY,0.0825,563917.000,2024-07-01 02:30:50.692
ETH,BUY,1.4529,563814.000,2024-07-01 02:30:55.393
ETH,BUY,0.0335,563909.000,2024-07-01 02:31:32.181
ETH,BUY,0.5806,563933.000,2024-07-01 02:31:34.912
ETH,BUY,1.9800,564030.000,2024-07-01 02:31:44.940
ETH,BUY,1.0000,564074.000,2024-07-01 02:31:45.963
ETH,BUY,1.0000,564099.000,2024-07-01 02:31:54.575
ETH,BUY,1.0000,564098.000,2024-07-01 02:31:55.558
ETH,BUY,0.0700,563699.000,2024-07-01 02:32:09.237
ETH,BUY,0.1000,563699.000,2024-07-01 02:32:13.758
ETH,BUY,0.0175,563602.000,2024-07-01 02:32:24.347
ETH,BUY,0.0825,563602.000,2024-07-01 02:32:31.010
ETH,BUY,0.0100,564045.000,2024-07-01 02:32:31.096
ETH,BUY,0.0100,564100.000,2024-07-01 02:33:16.682
ETH,BUY,0.0176,563672.000,2024-07-01 02:33:54.314
ETH,BUY,0.0200,563672.000,2024-07-01 02:33:56.807
ETH,BUY,0.0176,563672.000,2024-07-01 02:34:04.586
ETH,BUY,0.0448,563672.000,2024-07-01 02:34:04.944
ETH,BUY,0.1352,563818.000,2024-07-01 02:34:04.944
ETH,BUY,0.0441,563815.000,2024-07-01 02:34:40.416
ETH,BUY,0.5635,563819.000,2024-07-01 02:34:40.416
ETH,BUY,0.5000,563820.000,2024-07-01 02:34:40.416
ETH,BUY,0.2092,563844.000,2024-07-01 02:34:40.416
ETH,BUY,4.0000,563847.000,2024-07-01 02:34:40.416
ETH,BUY,0.0468,563960.000,2024-07-01 02:34:40.416
ETH,SELL,0.5000,563960.000,2024-07-01 02:34:40.858
ETH,SELL,0.2383,563960.000,2024-07-01 02:34:41.454
ETH,SELL,0.5000,563960.000,2024-07-01 02:34:41.535
ETH,SELL,0.0841,563960.000,2024-07-01 02:34:42.751
ETH,SELL,0.1000,563421.000,2024-07-01 02:34:52.004
ETH,SELL,0.2000,563000.000,2024-07-01 02:34:52.313
ETH,SELL,0.5300,563000.000,2024-07-01 02:34:52.352
ETH,BUY,0.0524,563029.000,2024-07-01 02:36:16.205
ETH,BUY,0.2000,563145.000,2024-07-01 02:36:16.205
ETH,BUY,0.1536,563150.000,2024-07-01 02:36:16.205
ETH,SELL,0.1000,563000.000,2024-07-01 02:36:27.448
ETH,SELL,0.1000,563000.000,2024-07-01 02:36:27.612
ETH,SELL,0.1000,563000.000,2024-07-01 02:36:28.411
ETH,SELL,0.0441,563000.000,2024-07-01 02:36:39.967
ETH,SELL,0.0109,563000.000,2024-07-01 02:36:44.254
ETH,SELL,0.0200,562999.000,2024-07-01 02:37:20.164
ETH,SELL,0.0200,563179.000,2024-07-01 02:38:57.589
ETH,SELL,0.0200,563899.000,2024-07-01 02:42:24.711
ETH,SELL,1.5700,563901.000,2024-07-01 02:42:25.848
ETH,SELL,1.0000,563671.000,2024-07-01 02:42:25.848
ETH,SELL,0.9320,563670.000,2024-07-01 02:42:25.848
ETH,SELL,0.2000,563475.000,2024-07-01 02:42:25.848
ETH,SELL,0.2980,563340.000,2024-07-01 02:42:25.848
ETH,BUY,0.0175,563686.000,2024-07-01 02:43:24.288
ETH,BUY,0.4000,563686.000,2024-07-01 02:43:24.587
ETH,BUY,0.3200,563686.000,2024-07-01 02:43:25.361
ETH,BUY,0.2000,563686.000,2024-07-01 02:43:25.774
ETH,BUY,0.4000,563801.000,2024-07-01 02:43:28.545
ETH,BUY,0.0300,563801.000,2024-07-01 02:43:28.557
ETH,BUY,0.0100,564212.000,2024-07-01 02:43:31.954
ETH,BUY,0.4000,564212.000,2024-07-01 02:43:32.494
ETH,BUY,0.1000,564315.000,2024-07-01 02:43:43.779
ETH,SELL,0.5627,563657.000,2024-07-01 02:47:05.012
ETH,SELL,1.0000,563657.000,2024-07-01 02:47:05.012
ETH,BUY,0.0153,563401.000,2024-07-01 02:49:53.674
ETH,BUY,0.2000,563370.000,2024-07-01 02:50:23.390
ETH,BUY,0.0357,563367.000,2024-07-01 02:50:29.178
ETH,SELL,0.1000,563466.000,2024-07-01 02:53:33.173
ETH,SELL,0.2000,563466.000,2024-07-01 02:53:36.718
ETH,BUY,0.9320,563466.000,2024-07-01 02:54:38.355
ETH,BUY,0.2697,563467.000,2024-07-01 02:54:38.355
ETH,BUY,1.0000,563586.000,2024-07-01 02:54:38.355
ETH,BUY,0.3120,563591.000,2024-07-01 02:54:38.355
ETH,BUY,0.5727,563701.000,2024-07-01 02:54:38.355
ETH,BUY,0.2000,563730.000,2024-07-01 02:54:38.355
ETH,BUY,0.2596,563731.000,2024-07-01 02:54:38.355
ETH,SELL,0.0600,563195.000,2024-07-01 02:56:07.653
ETH,BUY,0.0177,563721.000,2024-07-01 03:00:07.509
ETH,SELL,1.0000,563525.000,2024-07-01 03:00:40.813
ETH,SELL,0.0175,563445.000,2024-07-01 03:00:40.813
ETH,BUY,0.0100,563621.000,2024-07-01 03:02:56.863
ETH,BUY,0.0100,563879.000,2024-07-01 03:03:16.404
ETH,BUY,0.0200,563929.000,2024-07-01 03:03:42.734
ETH,BUY,0.0500,563953.000,2024-07-01 03:04:24.469
ETH,BUY,0.2000,563962.000,2024-07-01 03:05:04.334
ETH,BUY,0.0175,563962.000,2024-07-01 03:05:34.236
ETH,BUY,0.2923,563962.000,2024-07-01 03:05:54.974
ETH,BUY,0.0177,564000.000,2024-07-01 03:05:55.196
ETH,BUY,0.0823,564000.000,2024-07-01 03:06:37.040
ETH,BUY,0.0900,564223.000,2024-07-01 03:07:42.974
ETH,BUY,0.1100,564282.000,2024-07-01 03:07:42.974
ETH,BUY,0.0300,564324.000,2024-07-01 03:08:21.796
ETH,BUY,0.2050,564481.000,2024-07-01 03:10:58.035
ETH,BUY,0.0100,564630.000,2024-07-01 03:12:25.933
ETH,BUY,0.0100,564659.000,2024-07-01 03:12:27.781
ETH,SELL,0.0100,564773.000,2024-07-01 03:14:15.019
ETH,BUY,1.0000,564698.000,2024-07-01 03:15:44.166
ETH,BUY,0.0100,564798.000,2024-07-01 03:19:45.520
ETH,SELL,0.0443,564798.000,2024-07-01 03:20:57.181
ETH,BUY,0.1000,564833.000,2024-07-01 03:21:00.565
ETH,SELL,0.1000,564833.000,2024-07-01 03:23:09.835
ETH,SELL,0.0147,564833.000,2024-07-01 03:23:10.321
ETH,SELL,0.0853,564700.000,2024-07-01 03:23:10.789
ETH,SELL,0.0215,564700.000,2024-07-01 03:23:19.182
ETH,SELL,0.0156,564700.000,2024-07-01 03:23:24.697
ETH,SELL,0.2000,564700.000,2024-07-01 03:23:40.596
ETH,SELL,0.1200,564700.000,2024-07-01 03:23:45.517
ETH,BUY,0.0180,564701.000,2024-07-01 03:24:48.635
ETH,BUY,0.0200,564701.000,2024-07-01 03:25:10.677
ETH,SELL,0.3276,564700.000,2024-07-01 03:25:15.476
ETH,SELL,0.6724,564700.000,2024-07-01 03:25:15.476
ETH,BUY,0.0650,564814.000,2024-07-01 03:25:54.054
ETH,SELL,0.2500,564620.000,2024-07-01 03:26:07.792
ETH,BUY,1.0000,564813.000,2024-07-01 03:28:46.590
ETH,BUY,0.5692,564834.000,2024-07-01 03:28:46.590
ETH,BUY,0.4308,564891.000,2024-07-01 03:28:46.590
ETH,SELL,0.2000,564709.000,2024-07-01 03:30:01.799
ETH,SELL,0.1000,564710.000,2024-07-01 03:30:02.153
ETH,SELL,0.1000,564711.000,2024-07-01 03:30:03.344
ETH,SELL,0.1000,564711.000,2024-07-01 03:30:03.460
ETH,SELL,0.1000,564712.000,2024-07-01 03:30:04.009
ETH,SELL,0.1000,564712.000,2024-07-01 03:30:04.547
ETH,BUY,0.0351,564768.000,2024-07-01 03:30:15.197
ETH,BUY,0.0767,564803.000,2024-07-01 03:30:22.247
ETH,BUY,0.0346,564803.000,2024-07-01 03:30:29.186
ETH,BUY,0.0565,564801.000,2024-07-01 03:30:34.680
ETH,BUY,0.0582,564796.000,2024-07-01 03:30:41.685
ETH,BUY,0.0581,564803.000,2024-07-01 03:30:47.170
ETH,BUY,0.0100,564818.000,2024-07-01 03:31:14.555
ETH,BUY,0.1100,564836.000,2024-07-01 03:32:32.354
ETH,SELL,0.1000,564620.000,2024-07-01 03:32:51.218
ETH,SELL,0.1000,564620.000,2024-07-01 03:32:52.374
ETH,SELL,0.0500,564620.000,2024-07-01 03:32:52.760
ETH,SELL,0.0500,564115.000,2024-07-01 03:32:53.140
ETH,BUY,0.3200,564496.000,2024-07-01 03:33:22.913
ETH,BUY,0.2302,564495.000,2024-07-01 03:33:23.094
ETH,BUY,0.1698,564630.000,2024-07-01 03:33:23.094
ETH,BUY,0.0400,564659.000,2024-07-01 03:33:28.216
ETH,SELL,0.8300,564387.000,2024-07-01 03:34:44.397
ETH,SELL,1.0000,564216.000,2024-07-01 03:34:44.397
ETH,SELL,0.0400,564112.000,2024-07-01 03:34:44.397
ETH,BUY,0.0400,564136.000,2024-07-01 03:35:20.201
ETH,BUY,2.2100,564195.000,2024-07-01 03:35:20.201
ETH,BUY,0.0400,564195.000,2024-07-01 03:35:20.264
ETH,SELL,0.0100,564111.000,2024-07-01 03:36:53.086
ETH,SELL,0.0200,564111.000,2024-07-01 03:36:53.086
ETH,BUY,0.0500,563664.000,2024-07-01 03:37:51.688
ETH,SELL,0.2000,563363.000,2024-07-01 03:37:51.764
ETH,BUY,0.1770,563470.000,2024-07-01 03:37:56.218
ETH,BUY,0.0100,563613.000,2024-07-01 03:37:57.062
ETH,SELL,0.4000,563133.000,2024-07-01 03:38:13.978
ETH,SELL,0.1000,562712.000,2024-07-01 03:38:13.978
ETH,SELL,1.0000,562711.000,2024-07-01 03:38:13.978
ETH,SELL,0.0500,562711.000,2024-07-01 03:38:13.978
ETH,SELL,0.0100,563134.000,2024-07-01 03:38:16.845
ETH,BUY,0.0400,563277.000,2024-07-01 03:38:34.266
ETH,BUY,0.0600,563243.000,2024-07-01 03:39:05.408
ETH,BUY,0.1200,563243.000,2024-07-01 03:39:05.408
ETH,BUY,0.0100,563289.000,2024-07-01 03:42:02.453
ETH,BUY,0.0100,563132.000,2024-07-01 03:43:05.293
ETH,BUY,0.0900,563158.000,2024-07-01 03:43:36.667
ETH,BUY,0.0600,563000.000,2024-07-01 03:44:03.299
ETH,BUY,0.0700,563000.000,2024-07-01 03:44:09.158
ETH,BUY,0.0900,563000.000,2024-07-01 03:44:09.185
ETH,SELL,0.0480,562999.000,2024-07-01 03:44:30.767
ETH,SELL,0.0800,562999.000,2024-07-01 03:44:30.767
ETH,SELL,0.1000,562554.000,2024-07-01 03:44:30.767
ETH,SELL,0.2020,562553.000,2024-07-01 03:44:30.767
ETH,BUY,0.0363,563000.000,2024-07-01 03:45:27.186
ETH,SELL,0.1000,562999.000,2024-07-01 03:46:10.659
ETH,SELL,0.4000,562792.000,2024-07-01 03:46:10.659
ETH,BUY,0.1648,563000.000,2024-07-01 03:46:21.509
ETH,BUY,0.0252,563000.000,2024-07-01 03:46:21.509
ETH,BUY,0.4000,563000.000,2024-07-01 03:46:21.595
ETH,BUY,0.0200,563000.000,2024-07-01 03:46:33.916
ETH,BUY,0.0348,563000.000,2024-07-01 03:47:16.184
ETH,BUY,0.0050,563148.000,2024-07-01 03:47:16.184
ETH,BUY,0.0307,563092.000,2024-07-01 03:47:36.680
ETH,BUY,0.7134,562902.000,2024-07-01 03:47:44.249
ETH,BUY,0.0177,562902.000,2024-07-01 03:47:44.374
ETH,BUY,0.2689,562902.000,2024-07-01 03:47:45.266
ETH,BUY,0.7132,562902.000,2024-07-01 03:47:47.788
ETH,BUY,0.7133,562949.000,2024-07-01 03:47:49.792
ETH,BUY,0.2000,562949.000,2024-07-01 03:47:50.995
ETH,BUY,0.0867,562949.000,2024-07-01 03:47:51.293
ETH,BUY,0.2333,563232.000,2024-07-01 03:47:51.293
ETH,BUY,0.4000,563232.000,2024-07-01 03:47:51.521
ETH,BUY,0.1000,563049.000,2024-07-01 03:47:52.852
ETH,BUY,0.7133,563049.000,2024-07-01 03:47:53.731
ETH,BUY,0.0177,563049.000,2024-07-01 03:47:54.355
ETH,BUY,0.0348,563257.000,2024-07-01 03:48:15.187
ETH,SELL,0.1325,563150.000,2024-07-01 03:48:31.588
ETH,SELL,0.5707,563150.000,2024-07-01 03:48:31.588
ETH,SELL,0.8968,563149.000,2024-07-01 03:48:31.588
ETH,SELL,0.5703,563190.000,2024-07-01 03:48:35.022
ETH,SELL,0.5429,563189.000,2024-07-01 03:48:35.022
ETH,BUY,0.7131,563144.000,2024-07-01 03:48:38.345
ETH,SELL,0.5703,563143.000,2024-07-01 03:48:39.774
ETH,SELL,0.1000,563143.000,2024-07-01 03:48:39.774
ETH,SELL,0.5700,563143.000,2024-07-01 03:48:39.774
ETH,SELL,0.3297,563142.000,2024-07-01 03:48:39.774
ETH,BUY,0.2869,563144.000,2024-07-01 03:48:39.904
ETH,BUY,0.0500,563353.000,2024-07-01 03:48:40.823
ETH,BUY,0.9500,563401.000,2024-07-01 03:48:40.823
ETH,BUY,0.0177,563146.000,2024-07-01 03:48:44.319
ETH,BUY,0.0200,563146.000,2024-07-01 03:48:44.552
ETH,BUY,0.7129,563146.000,2024-07-01 03:48:44.928
ETH,SELL,0.0930,563158.000,2024-07-01 03:48:46.026
ETH,BUY,0.7129,563160.000,2024-07-01 03:48:47.071
ETH,BUY,0.7128,563179.000,2024-07-01 03:48:51.008
ETH,BUY,0.7129,563182.000,2024-07-01 03:48:54.547
ETH,BUY,0.0177,563182.000,2024-07-01 03:48:54.637
ETH,BUY,0.7128,563206.000,2024-07-01 03:49:17.278
ETH,BUY,0.0368,563496.000,2024-07-01 03:49:23.692
ETH,BUY,0.0160,563500.000,2024-07-01 03:49:45.105
ETH,BUY,0.0258,563500.000,2024-07-01 03:49:59.182
ETH,BUY,0.0950,563498.000,2024-07-01 03:50:51.551
ETH,BUY,0.0177,563485.000,2024-07-01 03:50:55.696
ETH,BUY,0.0872,563219.000,2024-07-01 03:51:11.428
ETH,BUY,0.0177,563477.000,2024-07-01 03:51:14.418
ETH,BUY,0.3100,563242.000,2024-07-01 03:51:21.126
ETH,BUY,0.3200,563242.000,2024-07-01 03:51:21.286
ETH,BUY,0.0582,563500.000,2024-07-01 03:51:22.592
ETH,BUY,0.0318,563541.000,2024-07-01 03:51:22.592
ETH,BUY,0.0340,563526.000,2024-07-01 03:51:55.177
ETH,BUY,0.0177,563526.000,2024-07-01 03:52:04.314
ETH,BUY,0.0177,563587.000,2024-07-01 03:52:14.310
ETH,BUY,0.0177,563588.000,2024-07-01 03:52:24.365
ETH,BUY,0.0307,563588.000,2024-07-01 03:52:32.186
ETH,BUY,0.0177,563588.000,2024-07-01 03:52:34.359
ETH,BUY,0.0100,563593.000,2024-07-01 03:52:48.472
ETH,BUY,0.0100,563594.000,2024-07-01 03:52:53.913
ETH,BUY,0.0305,563594.000,2024-07-01 03:52:57.204
ETH,BUY,0.0409,563594.000,2024-07-01 03:53:10.184
ETH,BUY,0.7126,563328.000,2024-07-01 03:53:23.659
ETH,BUY,0.0177,563328.000,2024-07-01 03:53:24.597
ETH,BUY,0.7126,563395.000,2024-07-01 03:53:25.670
ETH,BUY,0.0176,563773.000,2024-07-01 03:53:34.265
ETH,BUY,0.7124,563486.000,2024-07-01 03:53:52.932
ETH,BUY,0.0176,563863.000,2024-07-01 03:53:54.286
ETH,BUY,0.0177,563626.000,2024-07-01 03:54:24.584
ETH,BUY,0.0176,563751.000,2024-07-01 03:54:44.293
ETH,BUY,0.0176,563747.000,2024-07-01 03:55:04.289
ETH,BUY,0.0177,563741.000,2024-07-01 03:55:14.259
ETH,BUY,0.0180,563769.000,2024-07-01 03:56:08.085
ETH,BUY,0.4000,563627.000,2024-07-01 03:57:38.853
ETH,BUY,0.1000,563506.000,2024-07-01 03:57:46.781
ETH,BUY,0.2836,563451.000,2024-07-01 03:58:11.505
ETH,BUY,0.0100,563668.000,2024-07-01 04:00:07.637
ETH,SELL,0.0365,563480.000,2024-07-01 04:01:35.297
ETH,SELL,0.0899,563480.000,2024-07-01 04:01:35.367
ETH,BUY,0.1000,563235.000,2024-07-01 04:02:16.697
ETH,SELL,0.0530,563235.000,2024-07-01 04:04:30.789
ETH,SELL,0.4000,562793.000,2024-07-01 04:05:13.071
ETH,SELL,0.8000,562795.000,2024-07-01 04:05:18.715
ETH,BUY,0.0800,563019.000,2024-07-01 04:05:23.080
ETH,SELL,0.0100,562644.000,2024-07-01 04:06:35.299
ETH,BUY,0.1000,562647.000,2024-07-01 04:07:49.931
ETH,BUY,0.7132,562651.000,2024-07-01 04:10:07.551
ETH,BUY,0.2868,562651.000,2024-07-01 04:10:08.547
ETH,BUY,0.7132,562660.000,2024-07-01 04:10:12.098
ETH,BUY,0.7132,562677.000,2024-07-01 04:10:13.115
ETH,BUY,0.0175,562677.000,2024-07-01 04:10:14.331
ETH,BUY,0.2693,562677.000,2024-07-01 04:10:15.110
ETH,BUY,0.4439,562721.000,2024-07-01 04:10:16.113
ETH,BUY,0.1800,562721.000,2024-07-01 04:10:18.317
ETH,BUY,0.4000,562773.000,2024-07-01 04:10:19.110
ETH,BUY,0.6000,562773.000,2024-07-01 04:10:19.662
ETH,BUY,0.1400,563013.000,2024-07-01 04:10:21.103
ETH,BUY,0.7132,562800.000,2024-07-01 04:10:22.659
ETH,BUY,0.0175,562800.000,2024-07-01 04:10:24.338
ETH,BUY,0.0300,562975.000,2024-07-01 04:12:25.819
ETH,BUY,0.0900,562975.000,2024-07-01 04:12:28.843
ETH,BUY,0.0258,563066.000,2024-07-01 04:14:48.281
ETH,BUY,0.0112,563086.000,2024-07-01 04:14:48.281
ETH,BUY,0.1800,563096.000,2024-07-01 04:17:32.579
ETH,SELL,0.0880,562875.000,2024-07-01 04:19:12.306
ETH,SELL,0.0880,562600.000,2024-07-01 04:19:14.968
ETH,SELL,0.7800,562662.000,2024-07-01 04:21:28.069
ETH,SELL,0.3700,562641.000,2024-07-01 04:21:28.069
ETH,BUY,0.0650,562832.000,2024-07-01 04:22:13.142
ETH,BUY,0.0180,562870.000,2024-07-01 04:22:40.522
ETH,SELL,0.0100,562745.000,2024-07-01 04:23:01.796
ETH,SELL,0.0273,562745.000,2024-07-01 04:23:11.135
ETH,SELL,0.1600,562697.000,2024-07-01 04:23:11.135
ETH,SELL,0.7920,562600.000,2024-07-01 04:23:11.135
ETH,SELL,0.4207,562306.000,2024-07-01 04:23:11.135
ETH,BUY,0.1500,562774.000,2024-07-01 04:23:45.830
ETH,BUY,0.3200,562795.000,2024-07-01 04:28:45.559
ETH,BUY,0.0700,562795.000,2024-07-01 04:28:45.625
ETH,BUY,0.0178,562821.000,2024-07-01 04:30:52.551
ETH,BUY,0.0460,562720.000,2024-07-01 04:31:41.186
ETH,SELL,0.0253,562700.000,2024-07-01 04:31:47.913
ETH,SELL,0.0100,562700.000,2024-07-01 04:31:56.759
ETH,SELL,0.1000,562700.000,2024-07-01 04:32:30.211
ETH,SELL,0.4000,562700.000,2024-07-01 04:32:30.326
ETH,SELL,0.2000,562700.000,2024-07-01 04:32:31.049
ETH,SELL,0.1000,562700.000,2024-07-01 04:32:31.210
ETH,SELL,0.1000,562700.000,2024-07-01 04:32:32.508
ETH,SELL,0.1000,562700.000,2024-07-01 04:32:33.018
ETH,SELL,0.2000,562700.000,2024-07-01 04:33:36.983
ETH,SELL,0.0200,562700.000,2024-07-01 04:34:27.563
ETH,SELL,0.0315,562700.000,2024-07-01 04:36:27.424
ETH,SELL,0.1000,562700.000,2024-07-01 04:36:30.463
ETH,SELL,0.0132,562700.000,2024-07-01 04:36:35.054
ETH,BUY,0.0200,562392.000,2024-07-01 04:38:10.420
ETH,BUY,0.1000,562301.000,2024-07-01 04:39:10.980
ETH,BUY,0.0100,562301.000,2024-07-01 04:39:10.980
ETH,SELL,0.0200,562300.000,2024-07-01 04:40:22.553
ETH,SELL,0.0160,562300.000,2024-07-01 04:40:42.141
ETH,SELL,0.9840,562012.000,2024-07-01 04:40:42.141
ETH,BUY,0.0144,562252.000,2024-07-01 04:40:50.174
ETH,BUY,0.0360,562301.000,2024-07-01 04:41:09.183
ETH,BUY,0.1836,562301.000,2024-07-01 04:43:15.615
ETH,SELL,0.3367,562301.000,2024-07-01 04:44:54.816
ETH,SELL,0.0533,562301.000,2024-07-01 04:44:56.185
ETH,SELL,0.0531,562301.000,2024-07-01 04:45:00.726
ETH,SELL,0.0692,562301.000,2024-07-01 04:45:01.203
ETH,SELL,0.1000,562301.000,2024-07-01 04:45:02.215
ETH,SELL,0.2000,562301.000,2024-07-01 04:45:23.838
ETH,SELL,0.1000,562301.000,2024-07-01 04:45:26.454
ETH,SELL,0.9041,562301.000,2024-07-01 04:46:31.434
ETH,SELL,0.0500,562290.000,2024-07-01 04:46:31.434
ETH,SELL,0.0200,562011.000,2024-07-01 04:46:31.434
ETH,SELL,0.2110,562002.000,2024-07-01 04:46:31.434
ETH,SELL,0.0100,562000.000,2024-07-01 04:46:31.434
ETH,SELL,0.0200,562000.000,2024-07-01 04:46:31.434
ETH,SELL,0.0950,561566.000,2024-07-01 04:46:31.434
ETH,SELL,0.1899,561565.000,2024-07-01 04:46:31.434
ETH,BUY,0.5000,561598.000,2024-07-01 04:47:35.385
ETH,BUY,0.5000,561598.000,2024-07-01 04:47:35.894
ETH,BUY,0.0353,561628.000,2024-07-01 04:47:38.189
ETH,BUY,0.5000,561628.000,2024-07-01 04:47:41.774
ETH,BUY,0.0162,562368.000,2024-07-01 04:47:43.700
ETH,SELL,0.0100,562368.000,2024-07-01 04:51:09.360
ETH,BUY,0.0170,561902.000,2024-07-01 04:51:19.675
ETH,SELL,0.0100,561756.000,2024-07-01 04:51:30.110
ETH,BUY,0.0200,561846.000,2024-07-01 04:52:35.135
ETH,SELL,0.0150,561846.000,2024-07-01 04:54:43.750
ETH,SELL,0.0845,561514.000,2024-07-01 04:54:43.750
ETH,SELL,0.1000,561684.000,2024-07-01 04:56:40.216
ETH,BUY,0.0100,561729.000,2024-07-01 04:58:28.224
ETH,BUY,0.0900,561816.000,2024-07-01 04:58:36.546
ETH,BUY,0.0870,561817.000,2024-07-01 04:58:36.546
ETH,SELL,0.0880,561817.000,2024-07-01 04:59:48.626
ETH,SELL,0.0120,561800.000,2024-07-01 04:59:48.626
ETH,BUY,0.0250,561903.000,2024-07-01 05:00:55.017
ETH,SELL,0.0100,561900.000,2024-07-01 05:01:27.946
ETH,BUY,0.1000,562221.000,2024-07-01 05:09:46.333
ETH,BUY,0.0100,562500.000,2024-07-01 05:12:09.448
ETH,BUY,0.0100,562751.000,2024-07-01 05:12:09.448
ETH,BUY,0.0300,562461.000,2024-07-01 05:15:41.319
ETH,BUY,0.0500,562460.000,2024-07-01 05:15:51.103
ETH,BUY,0.0250,562460.000,2024-07-01 05:15:51.920
ETH,BUY,0.0198,562519.000,2024-07-01 05:16:28.197
ETH,BUY,0.0100,562348.000,2024-07-01 05:18:29.171
ETH,SELL,0.1000,562082.000,2024-07-01 05:21:45.687
ETH,BUY,0.2652,562364.000,2024-07-01 05:25:07.524
ETH,BUY,0.1348,562384.000,2024-07-01 05:25:07.524
ETH,BUY,0.2000,562383.000,2024-07-01 05:25:08.284
ETH,BUY,0.3200,562383.000,2024-07-01 05:25:08.346
ETH,BUY,0.0190,562148.000,2024-07-01 05:25:52.695
ETH,BUY,0.0386,561987.000,2024-07-01 05:26:22.190
ETH,BUY,0.0185,561977.000,2024-07-01 05:26:44.181
ETH,BUY,0.0800,561941.000,2024-07-01 05:27:59.263
ETH,BUY,0.0116,561941.000,2024-07-01 05:30:01.683
ETH,BUY,0.4000,561941.000,2024-07-01 05:31:33.843
ETH,BUY,0.0600,561941.000,2024-07-01 05:31:34.101
ETH,BUY,0.0900,561990.000,2024-07-01 05:32:38.587
ETH,BUY,0.0100,562046.000,2024-07-01 05:32:44.920
ETH,BUY,0.0303,561981.000,2024-07-01 05:35:20.298
ETH,BUY,0.1000,561982.000,2024-07-01 05:35:20.298
ETH,SELL,0.0100,562046.000,2024-07-01 05:37:02.728
ETH,BUY,1.0000,562250.000,2024-07-01 05:40:03.095
ETH,BUY,0.4000,562252.000,2024-07-01 05:40:03.095
ETH,BUY,0.1000,562273.000,2024-07-01 05:40:07.837
ETH,BUY,0.0500,562306.000,2024-07-01 05:40:13.327
ETH,BUY,0.0200,562426.000,2024-07-01 05:42:44.581
ETH,SELL,0.0177,562350.000,2024-07-01 05:47:06.666
ETH,SELL,0.0323,562050.000,2024-07-01 05:47:06.666
ETH,BUY,1.4000,562078.000,2024-07-01 05:47:36.091
ETH,BUY,0.1500,562164.000,2024-07-01 05:48:23.279
ETH,BUY,0.4000,562164.000,2024-07-01 05:48:24.102
ETH,BUY,0.0289,562304.000,2024-07-01 05:48:38.588
ETH,BUY,0.1411,562305.000,2024-07-01 05:48:38.588
ETH,BUY,0.5527,562303.000,2024-07-01 05:48:38.800
ETH,BUY,0.0129,562305.000,2024-07-01 05:48:38.800
ETH,BUY,0.2200,562310.000,2024-07-01 05:48:38.800
ETH,BUY,0.2144,562326.000,2024-07-01 05:48:38.800
ETH,BUY,0.2000,562333.000,2024-07-01 05:48:45.039
ETH,BUY,0.2000,562338.000,2024-07-01 05:48:49.272
ETH,BUY,0.1756,562344.000,2024-07-01 05:48:54.558
ETH,BUY,0.2244,562418.000,2024-07-01 05:48:54.558
ETH,BUY,0.3200,562455.000,2024-07-01 05:48:55.362
ETH,BUY,0.0120,562419.000,2024-07-01 05:50:33.996
ETH,BUY,0.0100,562484.000,2024-07-01 05:53:17.837
ETH,BUY,0.2000,562542.000,2024-07-01 05:53:42.260
ETH,BUY,0.0300,562629.000,2024-07-01 05:54:11.950
ETH,SELL,0.0177,562135.000,2024-07-01 05:57:22.748
ETH,BUY,0.1700,562339.000,2024-07-01 05:58:26.353
ETH,BUY,0.1000,562484.000,2024-07-01 05:58:28.076
ETH,BUY,0.0960,562513.000,2024-07-01 05:58:32.870
ETH,BUY,0.0400,562629.000,2024-07-01 05:59:04.499
ETH,BUY,0.0101,562716.000,2024-07-01 06:00:53.364
ETH,SELL,0.0100,562577.000,2024-07-01 06:01:09.530
ETH,BUY,0.0439,562600.000,2024-07-01 06:01:10.190
ETH,BUY,1.1800,562774.000,2024-07-01 06:01:43.147
ETH,BUY,0.3600,562800.000,2024-07-01 06:01:43.147
ETH,SELL,0.2355,562800.000,2024-07-01 06:03:57.683
ETH,SELL,0.2835,562719.000,2024-07-01 06:03:57.683
ETH,SELL,0.2355,562719.000,2024-07-01 06:03:57.760
ETH,BUY,0.6000,562745.000,2024-07-01 06:04:35.400
ETH,BUY,0.0150,562762.000,2024-07-01 06:07:02.736
ETH,SELL,0.0900,562629.000,2024-07-01 06:08:51.104
ETH,SELL,0.0100,562181.000,2024-07-01 06:08:51.104
ETH,SELL,0.0899,562233.000,2024-07-01 06:08:56.678
ETH,BUY,0.5000,562281.000,2024-07-01 06:08:59.153
ETH,BUY,0.0173,562310.000,2024-07-01 06:11:06.674
ETH,SELL,0.0229,562300.000,2024-07-01 06:15:08.825
ETH,SELL,0.0571,562300.000,2024-07-01 06:15:12.197
ETH,SELL,0.0100,562046.000,2024-07-01 06:15:12.197
ETH,SELL,0.0129,561900.000,2024-07-01 06:15:12.197
ETH,SELL,0.0711,561900.000,2024-07-01 06:15:46.949
ETH,SELL,0.2500,561900.000,2024-07-01 06:15:46.949
ETH,SELL,1.2289,561846.000,2024-07-01 06:15:46.949
ETH,SELL,0.4000,561698.000,2024-07-01 06:17:37.076
ETH,SELL,0.1500,561698.000,2024-07-01 06:17:37.076
ETH,SELL,0.0500,561681.000,2024-07-01 06:17:37.076
ETH,BUY,0.0100,561816.000,2024-07-01 06:18:23.557
ETH,BUY,0.0400,561874.000,2024-07-01 06:19:26.471
ETH,BUY,1.0000,561875.000,2024-07-01 06:19:26.471
ETH,BUY,0.9600,561904.000,2024-07-01 06:19:26.471
ETH,BUY,0.0100,561933.000,2024-07-01 06:19:59.852
ETH,BUY,2.0000,561962.000,2024-07-01 06:20:01.830
ETH,SELL,0.1000,561789.000,2024-07-01 06:20:03.378
ETH,SELL,0.0999,561793.000,2024-07-01 06:20:08.676
ETH,SELL,0.8750,561810.000,2024-07-01 06:23:30.856
ETH,BUY,0.5190,561816.000,2024-07-01 06:24:01.904
ETH,BUY,1.0000,561832.000,2024-07-01 06:25:57.242
ETH,BUY,0.0178,561875.000,2024-07-01 06:26:41.958
ETH,SELL,0.5060,561846.000,2024-07-01 06:26:43.088
ETH,SELL,0.1940,561683.000,2024-07-01 06:26:43.088
ETH,BUY,2.0000,561788.000,2024-07-01 06:27:22.180
ETH,BUY,2.0000,561846.000,2024-07-01 06:27:58.432
ETH,SELL,0.0500,561664.000,2024-07-01 06:28:00.021
ETH,BUY,0.0416,561701.000,2024-07-01 06:28:03.675
ETH,BUY,2.0000,561817.000,2024-07-01 06:28:31.458
ETH,BUY,0.0255,561705.000,2024-07-01 06:30:18.179
ETH,BUY,1.3434,561714.000,2024-07-01 06:30:54.534
ETH,BUY,0.6566,561759.000,2024-07-01 06:30:54.534
ETH,BUY,0.0200,561788.000,2024-07-01 06:31:45.981
ETH,BUY,0.0100,561846.000,2024-07-01 06:31:54.096
ETH,BUY,0.2000,561875.000,2024-07-01 06:31:58.596
ETH,BUY,0.4000,561933.000,2024-07-01 06:32:18.611
ETH,BUY,0.0100,561933.000,2024-07-01 06:32:19.074
ETH,BUY,0.2900,561962.000,2024-07-01 06:32:22.626
ETH,BUY,0.0100,562049.000,2024-07-01 06:32:28.800
ETH,BUY,0.4000,562078.000,2024-07-01 06:32:39.471
ETH,BUY,0.2296,562084.000,2024-07-01 06:32:51.617
ETH,BUY,1.7704,562107.000,2024-07-01 06:32:51.617
ETH,BUY,0.2700,562136.000,2024-07-01 06:33:07.472
ETH,BUY,0.9499,562160.000,2024-07-01 06:35:08.308
ETH,BUY,1.0501,562194.000,2024-07-01 06:35:08.308
ETH,BUY,2.0000,562223.000,2024-07-01 06:35:13.391
ETH,BUY,0.1940,562275.000,2024-07-01 06:35:18.297
ETH,BUY,1.8060,562310.000,2024-07-01 06:35:18.297
ETH,SELL,0.1000,561706.000,2024-07-01 06:35:18.818
ETH,SELL,0.8997,561706.000,2024-07-01 06:35:18.818
ETH,SELL,0.4000,561705.000,2024-07-01 06:35:18.818
ETH,SELL,0.3003,561698.000,2024-07-01 06:35:18.818
ETH,BUY,0.1000,561903.000,2024-07-01 06:35:26.109
ETH,BUY,1.9000,561904.000,2024-07-01 06:35:26.109
ETH,BUY,2.0000,561962.000,2024-07-01 06:35:31.617
ETH,BUY,2.0000,561991.000,2024-07-01 06:35:35.397
ETH,BUY,2.0000,562020.000,2024-07-01 06:35:39.362
ETH,BUY,2.0000,562078.000,2024-07-01 06:35:48.603
ETH,BUY,0.8997,562164.000,2024-07-01 06:35:59.980
ETH,BUY,1.1003,562164.000,2024-07-01 06:35:59.980
ETH,BUY,0.1800,562194.000,2024-07-01 06:37:00.931
ETH,BUY,0.2000,562252.000,2024-07-01 06:38:32.859
ETH,SELL,0.0993,562196.000,2024-07-01 06:42:49.924
ETH,SELL,0.0994,562196.000,2024-07-01 06:43:00.817
ETH,SELL,0.1000,562196.000,2024-07-01 06:43:01.529
ETH,SELL,0.0203,562196.000,2024-07-01 06:43:01.948
ETH,SELL,0.1000,562196.000,2024-07-01 06:43:07.192
ETH,SELL,0.0138,562196.000,2024-07-01 06:43:08.211
ETH,SELL,0.0672,562196.000,2024-07-01 06:44:21.033
ETH,SELL,0.1328,561673.000,2024-07-01 06:44:21.033
ETH,BUY,0.0300,561759.000,2024-07-01 06:46:00.920
ETH,BUY,0.0300,561817.000,2024-07-01 06:46:08.886
ETH,BUY,2.0000,561875.000,2024-07-01 06:49:35.097
ETH,BUY,2.0000,561991.000,2024-07-01 06:50:17.340
ETH,SELL,0.1000,561648.000,2024-07-01 06:50:32.790
ETH,BUY,2.0000,561701.000,2024-07-01 06:50:38.766
ETH,BUY,2.0000,561788.000,2024-07-01 06:51:10.367
ETH,BUY,2.0000,561846.000,2024-07-01 06:51:18.573
ETH,BUY,2.0000,561875.000,2024-07-01 06:53:58.676
ETH,BUY,2.0000,561904.000,2024-07-01 06:54:03.616
ETH,SELL,1.0000,561703.000,2024-07-01 06:54:03.997
ETH,SELL,0.5000,561700.000,2024-07-01 06:54:03.997
ETH,SELL,0.5000,561676.000,2024-07-01 06:54:03.997
ETH,BUY,2.0000,561817.000,2024-07-01 06:54:08.233
ETH,BUY,0.4000,561846.000,2024-07-01 06:54:11.890
ETH,BUY,1.0000,561962.000,2024-07-01 06:54:15.484
ETH,BUY,1.0000,561991.000,2024-07-01 06:54:15.484
ETH,BUY,0.2000,562049.000,2024-07-01 06:54:16.392
ETH,BUY,0.2000,562007.000,2024-07-01 06:57:06.945
ETH,BUY,0.4000,562020.000,2024-07-01 06:57:28.216
ETH,BUY,0.2000,562049.000,2024-07-01 06:57:31.889
ETH,BUY,0.0200,562049.000,2024-07-01 07:02:45.222
ETH,BUY,0.7000,562078.000,2024-07-01 07:02:54.332
ETH,BUY,0.0500,561824.000,2024-07-01 07:08:59.661
ETH,BUY,0.0300,561824.000,2024-07-01 07:09:22.946
ETH,BUY,0.0120,561875.000,2024-07-01 07:09:41.624
ETH,SELL,0.1000,561536.000,2024-07-01 07:09:49.191
ETH,BUY,2.0000,561701.000,2024-07-01 07:10:19.730
ETH,BUY,0.0176,562107.000,2024-07-01 07:11:44.359
ETH,BUY,0.2000,562194.000,2024-07-01 07:11:45.673
ETH,BUY,0.0981,562206.000,2024-07-01 07:12:17.089
ETH,BUY,1.9019,562223.000,2024-07-01 07:12:17.089
ETH,BUY,0.0100,562426.000,2024-07-01 07:13:34.552
ETH,BUY,0.0600,562458.000,2024-07-01 07:13:55.025
ETH,BUY,0.0620,562326.000,2024-07-01 07:19:31.906
ETH,SELL,0.0500,562030.000,2024-07-01 07:22:59.146
ETH,BUY,0.0176,562223.000,2024-07-01 07:23:34.496
ETH,BUY,0.0576,562252.000,2024-07-01 07:23:40.944
ETH,BUY,0.0728,562279.000,2024-07-01 07:25:44.607
ETH,BUY,0.0072,562281.000,2024-07-01 07:25:44.607
ETH,BUY,0.0260,562500.000,2024-07-01 07:38:10.581
ETH,BUY,0.1800,562513.000,2024-07-01 07:38:12.929
ETH,BUY,0.0100,562629.000,2024-07-01 07:41:02.594
ETH,SELL,0.1829,562424.000,2024-07-01 07:41:42.655
ETH,SELL,0.1000,562483.000,2024-07-01 07:44:50.261
ETH,SELL,0.8989,562427.000,2024-07-01 07:44:50.261
ETH,SELL,0.0996,562365.000,2024-07-01 07:44:50.261
ETH,BUY,1.4000,562513.000,2024-07-01 07:46:05.990
ETH,BUY,0.1000,562629.000,2024-07-01 07:46:16.651
ETH,BUY,0.2000,562658.000,2024-07-01 07:46:19.920
ETH,BUY,0.0400,562682.000,2024-07-01 07:46:25.746
ETH,BUY,0.0100,562745.000,2024-07-01 07:46:30.991
ETH,BUY,0.0450,562633.000,2024-07-01 07:50:05.792
ETH,SELL,1.0000,562212.000,2024-07-01 07:56:06.504
ETH,SELL,0.1000,561922.000,2024-07-01 07:56:06.504
ETH,SELL,0.2824,561921.000,2024-07-01 07:56:06.504
ETH,SELL,0.1004,561705.000,2024-07-01 07:56:06.504
ETH,SELL,0.5615,561701.000,2024-07-01 07:56:06.504
ETH,SELL,0.7557,561606.000,2024-07-01 07:56:06.504
ETH,SELL,0.3960,561990.000,2024-07-01 07:57:09.279
ETH,SELL,0.2000,562082.000,2024-07-01 07:59:23.417
ETH,BUY,0.0175,562050.000,2024-07-01 08:00:42.016
ETH,BUY,0.0175,562050.000,2024-07-01 08:00:52.034
ETH,BUY,0.1000,562050.000,2024-07-01 08:00:54.307
ETH,BUY,0.0100,562050.000,2024-07-01 08:00:55.101
ETH,BUY,0.1000,562050.000,2024-07-01 08:00:55.780
ETH,BUY,0.0175,562050.000,2024-07-01 08:01:01.975
ETH,BUY,0.0375,562050.000,2024-07-01 08:01:07.109
ETH,BUY,0.0300,562281.000,2024-07-01 08:02:08.140
ETH,SELL,0.3000,562261.000,2024-07-01 08:02:54.975
ETH,BUY,0.3200,562368.000,2024-07-01 08:02:57.251
ETH,BUY,0.4000,562368.000,2024-07-01 08:02:57.454
ETH,BUY,0.2000,562426.000,2024-07-01 08:02:58.005
ETH,BUY,0.1419,562485.000,2024-07-01 08:03:01.632
ETH,BUY,0.2581,562542.000,2024-07-01 08:03:01.632
ETH,BUY,0.3200,562542.000,2024-07-01 08:03:02.130
ETH,BUY,0.2000,562687.000,2024-07-01 08:03:15.885
ETH,BUY,0.2000,562663.000,2024-07-01 08:06:34.246
ETH,BUY,0.2900,562745.000,2024-07-01 08:07:12.101
ETH,SELL,0.4000,562448.000,2024-07-01 08:07:32.510
ETH,SELL,1.4800,562440.000,2024-07-01 08:07:32.510
ETH,SELL,0.0500,562497.000,2024-07-01 08:08:21.169
ETH,BUY,0.3200,562567.000,2024-07-01 08:12:11.081
ETH,BUY,0.4000,562567.000,2024-07-01 08:12:11.507
ETH,BUY,0.2000,562629.000,2024-07-01 08:12:12.637
ETH,BUY,0.4000,562755.000,2024-07-01 08:13:11.614
ETH,BUY,0.3200,562755.000,2024-07-01 08:13:12.181
ETH,BUY,0.0401,562690.000,2024-07-01 08:13:13.817
ETH,BUY,0.1599,562771.000,2024-07-01 08:13:13.817
ETH,BUY,0.0175,562805.000,2024-07-01 08:13:32.003
ETH,BUY,0.0100,562805.000,2024-07-01 08:13:32.045
ETH,BUY,0.0200,562669.000,2024-07-01 08:14:17.651
ETH,BUY,0.0100,562635.000,2024-07-01 08:15:45.064
ETH,BUY,0.0540,562685.000,2024-07-01 08:16:11.337
ETH,BUY,0.1000,562744.000,2024-07-01 08:16:39.890
ETH,BUY,0.1000,562745.000,2024-07-01 08:16:39.890
ETH,BUY,0.0175,562803.000,2024-07-01 08:19:22.005
ETH,BUY,0.2000,562948.000,2024-07-01 08:19:33.162
ETH,BUY,0.3200,562948.000,2024-07-01 08:19:33.324
ETH,BUY,0.4000,562948.000,2024-07-01 08:19:33.464
ETH,BUY,0.0500,563064.000,2024-07-01 08:19:37.303
ETH,BUY,0.1000,562656.000,2024-07-01 08:21:23.814
ETH,BUY,0.5000,562656.000,2024-07-01 08:21:23.814
ETH,BUY,0.1800,562656.000,2024-07-01 08:21:25.966
ETH,BUY,0.2400,562656.000,2024-07-01 08:21:25.966
ETH,BUY,0.0800,562656.000,2024-07-01 08:21:25.966
ETH,BUY,0.0100,562370.000,2024-07-01 08:24:02.223
ETH,BUY,0.2000,562241.000,2024-07-01 08:25:57.677
ETH,SELL,0.1000,562040.000,2024-07-01 08:30:16.640
ETH,SELL,0.1000,562040.000,2024-07-01 08:30:17.238
ETH,SELL,0.0637,562040.000,2024-07-01 08:30:17.623
ETH,SELL,0.0033,562040.000,2024-07-01 08:30:18.042
ETH,SELL,0.2637,561302.000,2024-07-01 08:30:18.042
ETH,BUY,0.1900,561380.000,2024-07-01 08:30:47.052
ETH,BUY,1.4100,561382.000,2024-07-01 08:30:47.052
ETH,BUY,0.5000,561469.000,2024-07-01 08:31:01.635
ETH,BUY,0.2000,561262.000,2024-07-01 08:33:28.244
ETH,BUY,0.0300,561260.000,2024-07-01 08:33:52.188
ETH,BUY,0.0890,561411.000,2024-07-01 08:34:00.093
ETH,BUY,0.0100,561610.000,2024-07-01 08:34:01.118
ETH,SELL,1.0000,561275.000,2024-07-01 08:35:09.007
ETH,SELL,0.5500,561274.000,2024-07-01 08:35:09.007
ETH,SELL,0.1000,561111.000,2024-07-01 08:37:45.426
ETH,BUY,0.3000,560916.000,2024-07-01 08:38:24.181
ETH,SELL,0.0276,560900.000,2024-07-01 08:40:22.192
ETH,SELL,0.0084,560900.000,2024-07-01 08:40:31.034
ETH,SELL,0.1000,560001.000,2024-07-01 08:41:36.786
ETH,SELL,0.1000,560001.000,2024-07-01 08:41:36.892
ETH,SELL,0.0400,560000.000,2024-07-01 08:41:36.892
ETH,SELL,0.0126,560000.000,2024-07-01 08:41:36.892
ETH,SELL,0.0100,560000.000,2024-07-01 08:41:36.892
ETH,SELL,0.0100,560000.000,2024-07-01 08:41:36.892
ETH,SELL,0.3274,560000.000,2024-07-01 08:41:36.892
ETH,SELL,0.0726,560000.000,2024-07-01 08:41:36.985
ETH,SELL,0.1274,559494.000,2024-07-01 08:41:36.985
ETH,SELL,0.1000,559494.000,2024-07-01 08:41:37.663
ETH,BUY,0.0178,559555.000,2024-07-01 08:41:42.121
ETH,BUY,0.0178,559574.000,2024-07-01 08:41:52.004
ETH,BUY,0.2000,559671.000,2024-07-01 08:41:53.646
ETH,SELL,0.1000,559549.000,2024-07-01 08:41:54.781
ETH,SELL,0.0200,559511.000,2024-07-01 08:43:17.827
ETH,BUY,0.3200,559581.000,2024-07-01 08:43:35.118
ETH,BUY,0.1515,559581.000,2024-07-01 08:43:35.152
ETH,BUY,0.8485,559670.000,2024-07-01 08:43:35.152
ETH,BUY,0.4000,559671.000,2024-07-01 08:43:35.596
ETH,BUY,0.2000,559700.000,2024-07-01 08:43:38.573
ETH,BUY,0.4000,559816.000,2024-07-01 08:43:41.109
ETH,BUY,0.3200,559816.000,2024-07-01 08:43:41.261
ETH,BUY,0.0814,559903.000,2024-07-01 08:44:11.411
ETH,BUY,0.0570,559903.000,2024-07-01 08:44:13.831
ETH,BUY,0.0139,559932.000,2024-07-01 08:44:15.369
ETH,SELL,0.0200,559761.000,2024-07-01 08:44:18.424
ETH,BUY,0.0100,559816.000,2024-07-01 08:44:26.931
ETH,BUY,0.1776,560101.000,2024-07-01 08:45:33.095
ETH,BUY,0.1424,560103.000,2024-07-01 08:45:33.095
ETH,BUY,0.4000,560103.000,2024-07-01 08:45:33.475
ETH,BUY,0.2000,560164.000,2024-07-01 08:45:34.862
ETH,BUY,0.2000,560222.000,2024-07-01 08:45:58.910
ETH,BUY,0.0177,560338.000,2024-07-01 08:46:12.038
ETH,BUY,0.3200,560425.000,2024-07-01 08:48:16.273
ETH,BUY,0.4000,560425.000,2024-07-01 08:48:16.610
ETH,BUY,0.0300,560570.000,2024-07-01 08:51:02.019
ETH,BUY,0.3200,560782.000,2024-07-01 08:51:19.792
ETH,BUY,0.0100,560860.000,2024-07-01 08:51:20.517
ETH,BUY,0.2000,560860.000,2024-07-01 08:51:20.547
ETH,BUY,0.1000,560976.000,2024-07-01 08:51:49.829
ETH,BUY,0.0100,561005.000,2024-07-01 08:51:52.121
ETH,BUY,0.1000,561092.000,2024-07-01 08:56:55.071
ETH,BUY,2.9200,561121.000,2024-07-01 08:57:58.467
ETH,BUY,5.0000,561237.000,2024-07-01 08:58:14.529
ETH,BUY,0.0700,561266.000,2024-07-01 08:58:17.089
ETH,SELL,0.5000,560991.000,2024-07-01 09:00:22.159
ETH,SELL,0.0600,561250.000,2024-07-01 09:01:08.967
ETH,BUY,0.8000,561353.000,2024-07-01 09:01:23.179
ETH,BUY,0.8000,561469.000,2024-07-01 09:02:09.987
ETH,BUY,0.1000,561614.000,2024-07-01 09:03:05.089
ETH,SELL,0.6000,561343.000,2024-07-01 09:04:09.341
ETH,SELL,0.0200,561357.000,2024-07-01 09:05:03.088
ETH,SELL,0.3000,561343.000,2024-07-01 09:05:12.316
ETH,SELL,0.1400,561530.000,2024-07-01 09:06:41.360
ETH,SELL,0.2200,561528.000,2024-07-01 09:06:41.360
ETH,SELL,0.0358,561605.000,2024-07-01 09:08:37.554
ETH,BUY,0.3200,561571.000,2024-07-01 09:10:21.466
ETH,BUY,0.1000,561571.000,2024-07-01 09:10:21.606
ETH,BUY,0.3200,561569.000,2024-07-01 09:10:24.996
ETH,BUY,0.0500,561569.000,2024-07-01 09:10:25.092
ETH,BUY,0.0500,561547.000,2024-07-01 09:10:29.133
ETH,BUY,0.3200,561546.000,2024-07-01 09:10:29.315
ETH,BUY,0.3242,561544.000,2024-07-01 09:10:33.227
ETH,BUY,0.3792,561556.000,2024-07-01 09:10:33.227
ETH,BUY,0.0200,561607.000,2024-07-01 09:10:36.170
ETH,BUY,0.0150,561643.000,2024-07-01 09:10:58.040
ETH,BUY,0.0800,561343.000,2024-07-01 09:15:19.796
ETH,SELL,0.0100,561342.000,2024-07-01 09:16:03.676
ETH,SELL,0.0039,560860.000,2024-07-01 09:16:03.676
ETH,BUY,0.1900,561000.000,2024-07-01 09:19:02.442
ETH,BUY,0.2100,561005.000,2024-07-01 09:19:02.442
ETH,BUY,0.0100,561000.000,2024-07-01 09:19:03.311
ETH,BUY,0.3100,561033.000,2024-07-01 09:19:03.311
ETH,SELL,0.0061,560860.000,2024-07-01 09:19:35.837
ETH,SELL,0.0439,560805.000,2024-07-01 09:19:35.837
ETH,SELL,0.0374,560249.000,2024-07-01 09:21:48.195
ETH,BUY,0.0177,560345.000,2024-07-01 09:22:22.098
ETH,BUY,0.0177,560367.000,2024-07-01 09:22:31.992
ETH,BUY,0.0177,560377.000,2024-07-01 09:22:51.931
ETH,BUY,0.0177,560364.000,2024-07-01 09:23:12.141
ETH,SELL,0.4000,560010.000,2024-07-01 09:23:32.241
ETH,SELL,1.0000,560000.000,2024-07-01 09:23:32.241
ETH,BUY,0.0178,560000.000,2024-07-01 09:23:42.077
ETH,BUY,0.0822,560000.000,2024-07-01 09:23:42.947
ETH,BUY,0.9178,560019.000,2024-07-01 09:23:42.947
ETH,BUY,0.0822,560019.000,2024-07-01 09:23:43.165
ETH,BUY,0.2378,560048.000,2024-07-01 09:23:43.165
ETH,BUY,0.5500,560048.000,2024-07-01 09:23:43.189
ETH,BUY,0.4000,560048.000,2024-07-01 09:23:43.572
ETH,BUY,0.2000,560048.000,2024-07-01 09:23:43.617
ETH,BUY,0.3300,560106.000,2024-07-01 09:23:58.190
ETH,SELL,0.2000,560300.000,2024-07-01 09:25:35.850
ETH,SELL,0.0459,560287.000,2024-07-01 09:25:35.850
ETH,BUY,0.3200,560454.000,2024-07-01 09:26:19.303
ETH,BUY,0.4000,560454.000,2024-07-01 09:26:19.614
ETH,BUY,0.3200,560483.000,2024-07-01 09:26:25.440
ETH,BUY,0.4000,560512.000,2024-07-01 09:26:26.120
ETH,BUY,0.0100,560773.000,2024-07-01 09:26:59.420
ETH,BUY,0.0890,560804.000,2024-07-01 09:30:47.706
ETH,SELL,0.9900,560559.000,2024-07-01 09:31:08.912
ETH,BUY,0.0100,560715.000,2024-07-01 09:31:43.974
ETH,SELL,0.0100,560830.000,2024-07-01 09:34:16.098
ETH,BUY,0.4000,560995.000,2024-07-01 09:36:18.113
ETH,BUY,0.3200,560995.000,2024-07-01 09:36:18.369
ETH,BUY,0.4360,561121.000,2024-07-01 09:38:43.823
ETH,BUY,0.0459,560948.000,2024-07-01 09:42:20.793
ETH,BUY,0.0341,560948.000,2024-07-01 09:42:20.793
ETH,BUY,1.0000,560935.000,2024-07-01 09:43:06.584
ETH,BUY,0.9600,560935.000,2024-07-01 09:43:06.584
ETH,BUY,0.5300,560986.000,2024-07-01 09:43:06.584
ETH,BUY,0.4300,561031.000,2024-07-01 09:44:29.047
ETH,BUY,0.0805,561014.000,2024-07-01 09:44:55.189
ETH,BUY,0.0100,560980.000,2024-07-01 09:52:11.159
ETH,BUY,0.0170,561005.000,2024-07-01 09:57:36.453
ETH,BUY,0.1000,561138.000,2024-07-01 09:58:58.023
ETH,SELL,0.0100,560742.000,2024-07-01 09:59:09.397
ETH,BUY,0.0100,560918.000,2024-07-01 10:00:10.498
ETH,BUY,0.0500,561034.000,2024-07-01 10:00:32.129
ETH,BUY,2.9200,561063.000,2024-07-01 10:05:38.612
ETH,BUY,0.1000,561060.000,2024-07-01 10:09:03.057
ETH,BUY,0.0100,560989.000,2024-07-01 10:11:02.682
ETH,BUY,0.3900,561008.000,2024-07-01 10:11:02.682
ETH,SELL,0.0180,560733.000,2024-07-01 10:23:32.659
ETH,SELL,0.0028,560733.000,2024-07-01 10:23:32.659
ETH,SELL,0.2667,560733.000,2024-07-01 10:24:18.947
ETH,BUY,0.0250,560734.000,2024-07-01 10:24:24.939
ETH,SELL,0.0005,560733.000,2024-07-01 10:24:53.772
ETH,SELL,0.0100,560715.000,2024-07-01 10:24:59.515
ETH,SELL,0.0100,560617.000,2024-07-01 10:25:15.104
ETH,SELL,0.0100,560500.000,2024-07-01 10:25:30.205
ETH,SELL,0.0150,560500.000,2024-07-01 10:26:53.493
ETH,SELL,0.2000,560438.000,2024-07-01 10:27:05.230
ETH,SELL,0.0257,560392.000,2024-07-01 10:27:14.345
ETH,BUY,0.3500,560313.000,2024-07-01 10:30:17.148
ETH,BUY,0.0700,560313.000,2024-07-01 10:30:41.875
ETH,BUY,0.0176,560313.000,2024-07-01 10:31:21.991
ETH,SELL,0.3474,560312.000,2024-07-01 10:32:53.662
ETH,BUY,0.3200,560512.000,2024-07-01 10:33:30.384
ETH,BUY,0.1000,560570.000,2024-07-01 10:34:45.165
ETH,SELL,0.5000,560000.000,2024-07-01 10:41:09.320
ETH,SELL,0.2000,560000.000,2024-07-01 10:41:28.785
ETH,SELL,0.3000,560000.000,2024-07-01 10:41:29.104
ETH,SELL,0.0529,559483.000,2024-07-01 10:41:29.250
ETH,SELL,0.0200,559482.000,2024-07-01 10:42:46.771
ETH,BUY,0.0100,559100.000,2024-07-01 10:47:00.531
ETH,SELL,0.1000,559099.000,2024-07-01 10:47:04.858
ETH,SELL,0.7300,559099.000,2024-07-01 10:47:04.858
ETH,SELL,3.0000,559043.000,2024-07-01 10:48:42.024
ETH,SELL,0.2000,559014.000,2024-07-01 10:48:42.024
ETH,BUY,0.0130,559044.000,2024-07-01 10:51:02.667
ETH,BUY,0.0100,559044.000,2024-07-01 10:51:53.773
ETH,SELL,0.0200,559024.000,2024-07-01 10:55:21.260
ETH,BUY,0.0100,559044.000,2024-07-01 10:55:52.084
ETH,BUY,0.0100,559044.000,2024-07-01 10:56:22.365
ETH,SELL,0.0100,559043.000,2024-07-01 10:58:09.289
ETH,BUY,0.0178,559044.000,2024-07-01 10:58:52.007
ETH,BUY,0.0392,559044.000,2024-07-01 11:00:26.157
ETH,BUY,0.0257,559044.000,2024-07-01 11:00:26.157
ETH,BUY,0.1298,559149.000,2024-07-01 11:00:26.157
ETH,BUY,0.0179,559265.000,2024-07-01 11:03:00.428
ETH,SELL,0.0100,559040.000,2024-07-01 11:04:34.666
ETH,SELL,0.0500,559000.000,2024-07-01 11:04:34.666
ETH,SELL,0.0100,558900.000,2024-07-01 11:04:34.731
ETH,SELL,1.0000,558692.000,2024-07-01 11:04:34.731
ETH,SELL,0.0370,558500.000,2024-07-01 11:04:34.731
ETH,SELL,0.2530,558465.000,2024-07-01 11:04:34.731
ETH,SELL,0.4000,558416.000,2024-07-01 11:06:58.163
ETH,SELL,0.2308,558406.000,2024-07-01 11:06:58.163
ETH,SELL,0.3692,558166.000,2024-07-01 11:06:58.163
ETH,BUY,0.1000,558181.000,2024-07-01 11:07:02.494
ETH,BUY,0.0178,558181.000,2024-07-01 11:07:02.877
ETH,BUY,0.3000,558181.000,2024-07-01 11:07:02.879
ETH,BUY,0.1315,558181.000,2024-07-01 11:07:03.136
ETH,BUY,0.4000,558363.000,2024-07-01 11:07:04.564
ETH,BUY,0.4000,558363.000,2024-07-01 11:07:04.883
ETH,BUY,0.2000,558363.000,2024-07-01 11:07:05.097
ETH,BUY,0.0800,558768.000,2024-07-01 11:07:05.097
ETH,BUY,0.3200,558974.000,2024-07-01 11:07:06.928
ETH,BUY,0.0160,558786.000,2024-07-01 11:08:43.725
ETH,SELL,0.1000,558479.000,2024-07-01 11:09:38.686
ETH,BUY,0.0200,558598.000,2024-07-01 11:10:20.499
ETH,BUY,0.0400,558917.000,2024-07-01 11:15:29.528
ETH,SELL,0.0100,558439.000,2024-07-01 11:20:35.980
ETH,BUY,0.0170,558450.000,2024-07-01 11:21:39.821
ETH,BUY,0.0300,558482.000,2024-07-01 11:21:44.184
ETH,BUY,0.0400,558568.000,2024-07-01 11:21:46.077
ETH,BUY,0.0180,558523.000,2024-07-01 11:22:07.074
ETH,SELL,0.0300,558400.000,2024-07-01 11:26:06.606
ETH,BUY,0.0100,558421.000,2024-07-01 11:30:19.439
ETH,BUY,0.0200,558421.000,2024-07-01 11:31:20.772
ETH,BUY,0.0300,558401.000,2024-07-01 11:32:46.366
ETH,SELL,0.0600,558400.000,2024-07-01 11:34:10.842
ETH,SELL,0.1000,558400.000,2024-07-01 11:34:10.842
ETH,SELL,0.0334,557796.000,2024-07-01 11:42:57.312
ETH,BUY,0.0600,557960.000,2024-07-01 11:43:29.279
ETH,BUY,0.1400,558250.000,2024-07-01 11:43:41.113
ETH,SELL,0.1000,557816.000,2024-07-01 11:43:44.336
ETH,SELL,0.8800,557815.000,2024-07-01 11:43:44.336
ETH,SELL,1.0000,557815.000,2024-07-01 11:43:44.336
ETH,SELL,0.0200,557814.000,2024-07-01 11:43:44.336
ETH,SELL,0.0100,557904.000,2024-07-01 11:44:26.207
ETH,SELL,0.9900,557802.000,2024-07-01 11:44:26.207
ETH,SELL,0.1000,557893.000,2024-07-01 11:45:00.680
ETH,BUY,0.1000,557849.000,2024-07-01 11:48:53.610
ETH,BUY,0.0500,557850.000,2024-07-01 11:48:53.610
ETH,BUY,0.0228,557847.000,2024-07-01 11:49:27.281
ETH,SELL,0.1060,557786.000,2024-07-01 11:49:42.788
ETH,SELL,0.3550,557692.000,2024-07-01 11:49:42.788
ETH,SELL,0.1000,557308.000,2024-07-01 11:49:42.788
ETH,SELL,0.2390,557307.000,2024-07-01 11:49:42.788
ETH,BUY,0.0400,557583.000,2024-07-01 11:50:13.303
ETH,BUY,0.0100,557540.000,2024-07-01 11:51:13.847
ETH,BUY,0.0100,557487.000,2024-07-01 11:51:49.597
ETH,BUY,0.0100,557524.000,2024-07-01 11:54:10.369
ETH,BUY,0.0100,557577.000,2024-07-01 11:55:15.794
ETH,BUY,0.0200,557576.000,2024-07-01 11:55:22.865
ETH,BUY,0.0500,557602.000,2024-07-01 11:55:40.429
ETH,BUY,0.1000,557727.000,2024-07-01 11:55:52.740
ETH,SELL,0.0400,557721.000,2024-07-01 11:56:01.294
ETH,SELL,0.1000,557720.000,2024-07-01 11:56:01.294
ETH,SELL,0.5598,557310.000,2024-07-01 11:56:01.294
ETH,SELL,1.0000,557309.000,2024-07-01 11:56:01.294
ETH,SELL,1.0000,557264.000,2024-07-01 11:56:01.294
ETH,SELL,0.5383,557248.000,2024-07-01 11:56:01.294
ETH,SELL,0.2311,557107.000,2024-07-01 11:56:01.294
ETH,SELL,0.0100,557068.000,2024-07-01 11:56:01.294
ETH,BUY,0.0100,557000.000,2024-07-01 11:56:02.306
ETH,BUY,0.1000,557000.000,2024-07-01 11:56:02.743
ETH,BUY,0.0847,557000.000,2024-07-01 11:56:02.845
ETH,BUY,0.8000,557000.000,2024-07-01 11:56:03.043
ETH,BUY,0.1000,557000.000,2024-07-01 11:56:03.949
ETH,BUY,0.2000,557000.000,2024-07-01 11:56:04.061
ETH,SELL,0.0100,556976.000,2024-07-01 11:56:04.218
ETH,BUY,0.2261,557000.000,2024-07-01 11:56:04.734
ETH,BUY,0.9739,557282.000,2024-07-01 11:56:05.100
ETH,BUY,0.1000,557283.000,2024-07-01 11:56:08.764
ETH,BUY,0.7000,557283.000,2024-07-01 11:56:08.987
ETH,BUY,0.1000,557283.000,2024-07-01 11:56:12.097
ETH,BUY,0.0500,557570.000,2024-07-01 12:00:44.603
ETH,SELL,0.1000,557619.000,2024-07-01 12:01:36.237
ETH,SELL,0.1776,557256.000,2024-07-01 12:01:36.237
ETH,BUY,0.4000,557620.000,2024-07-01 12:01:57.526
ETH,BUY,0.0400,557555.000,2024-07-01 12:02:16.413
ETH,BUY,0.2000,557555.000,2024-07-01 12:02:16.505
ETH,BUY,0.0700,557555.000,2024-07-01 12:02:25.071
ETH,BUY,0.4000,557555.000,2024-07-01 12:02:25.194
ETH,BUY,0.0100,557527.000,2024-07-01 12:02:27.978
ETH,BUY,0.1210,557555.000,2024-07-01 12:02:33.066
ETH,BUY,0.1790,557902.000,2024-07-01 12:02:33.066
ETH,BUY,0.0100,557902.000,2024-07-01 12:02:33.141
ETH,BUY,0.1100,557901.000,2024-07-01 12:02:33.887
ETH,BUY,0.0900,557902.000,2024-07-01 12:02:33.887
ETH,BUY,0.0100,557812.000,2024-07-01 12:03:22.629
ETH,BUY,0.3900,557896.000,2024-07-01 12:04:08.622
ETH,BUY,0.3200,557896.000,2024-07-01 12:04:09.098
ETH,BUY,0.7700,557782.000,2024-07-01 12:04:33.148
ETH,BUY,0.3200,557799.000,2024-07-01 12:04:34.550
ETH,BUY,0.4000,557799.000,2024-07-01 12:04:34.603
ETH,BUY,0.2000,557799.000,2024-07-01 12:04:34.959
ETH,BUY,0.1600,557935.000,2024-07-01 12:05:00.724
ETH,BUY,0.2000,557950.000,2024-07-01 12:05:00.965
ETH,BUY,0.4000,557950.000,2024-07-01 12:05:01.597
ETH,BUY,1.0000,557982.000,2024-07-01 12:05:14.029
ETH,BUY,0.1700,558278.000,2024-07-01 12:05:23.062
ETH,BUY,0.0800,558278.000,2024-07-01 12:05:23.104
ETH,BUY,0.1500,558278.000,2024-07-01 12:05:23.134
ETH,BUY,0.1800,558278.000,2024-07-01 12:05:25.410
ETH,BUY,0.0500,558374.000,2024-07-01 12:05:25.410
ETH,BUY,0.0300,558585.000,2024-07-01 12:05:31.345
ETH,BUY,0.0402,558156.000,2024-07-01 12:05:41.742
ETH,BUY,0.2000,558187.000,2024-07-01 12:05:45.072
ETH,BUY,0.4000,558187.000,2024-07-01 12:05:45.102
ETH,BUY,0.0100,558275.000,2024-07-01 12:05:46.428
ETH,BUY,0.9900,558275.000,2024-07-01 12:05:47.111
ETH,BUY,0.0100,558663.000,2024-07-01 12:08:59.942
ETH,BUY,0.0200,558659.000,2024-07-01 12:09:20.218
ETH,BUY,0.0100,558653.000,2024-07-01 12:09:45.205
ETH,BUY,0.0100,558685.000,2024-07-01 12:13:56.976
ETH,BUY,0.0200,558712.000,2024-07-01 12:15:04.248
ETH,BUY,0.1400,558772.000,2024-07-01 12:16:37.912
ETH,SELL,0.1000,558880.000,2024-07-01 12:18:26.643
ETH,BUY,0.0130,558900.000,2024-07-01 12:18:51.331
ETH,BUY,0.1870,558900.000,2024-07-01 12:19:16.052
ETH,BUY,0.0900,559000.000,2024-07-01 12:21:38.408
ETH,SELL,0.0200,559209.000,2024-07-01 12:25:38.168
ETH,BUY,0.6900,559265.000,2024-07-01 12:25:43.871
ETH,BUY,0.0300,559786.000,2024-07-01 12:28:46.019
ETH,SELL,0.0274,559785.000,2024-07-01 12:29:15.663
ETH,SELL,0.0400,559785.000,2024-07-01 12:29:33.467
ETH,BUY,0.0600,559786.000,2024-07-01 12:32:04.308
ETH,BUY,0.1500,559786.000,2024-07-01 12:32:13.735
ETH,BUY,0.0930,559643.000,2024-07-01 12:35:30.132
ETH,BUY,0.7070,559658.000,2024-07-01 12:35:43.873
ETH,SELL,0.0100,559303.000,2024-07-01 12:36:08.363
ETH,BUY,0.8374,559697.000,2024-07-01 12:38:25.202
ETH,BUY,0.2258,559786.000,2024-07-01 12:38:25.202
ETH,BUY,0.3368,559856.000,2024-07-01 12:38:25.202
ETH,BUY,0.1000,559932.000,2024-07-01 12:38:30.344
ETH,BUY,0.0500,559990.000,2024-07-01 12:38:39.275
ETH,BUY,0.0200,560019.000,2024-07-01 12:39:49.653
ETH,BUY,0.4000,559892.000,2024-07-01 12:40:46.546
ETH,BUY,0.3200,559892.000,2024-07-01 12:40:47.101
ETH,BUY,0.2000,559892.000,2024-07-01 12:40:48.931
ETH,BUY,0.0349,560365.000,2024-07-01 12:41:32.862
ETH,BUY,0.0200,560396.000,2024-07-01 12:42:00.755
ETH,BUY,0.0100,560529.000,2024-07-01 12:43:39.463
ETH,SELL,0.0100,560367.000,2024-07-01 12:43:56.410
ETH,SELL,0.0100,560365.000,2024-07-01 12:44:11.107
ETH,BUY,0.0300,560466.000,2024-07-01 12:47:39.152
ETH,BUY,0.0177,560466.000,2024-07-01 12:49:52.049
ETH,BUY,0.0300,560466.000,2024-07-01 12:49:59.313
ETH,BUY,0.0177,560466.000,2024-07-01 12:50:02.030
ETH,BUY,0.0046,560466.000,2024-07-01 12:50:10.341
ETH,BUY,0.0754,560619.000,2024-07-01 12:50:10.341
ETH,BUY,0.1400,560860.000,2024-07-01 12:51:22.930
ETH,BUY,0.0600,560918.000,2024-07-01 12:51:29.125
ETH,BUY,0.8400,560620.000,2024-07-01 12:52:49.264
ETH,BUY,0.0100,560620.000,2024-07-01 12:54:23.906
ETH,BUY,0.0100,560620.000,2024-07-01 12:55:11.555
ETH,SELL,0.0357,560450.000,2024-07-01 12:55:14.334
ETH,SELL,0.8543,560450.000,2024-07-01 12:56:59.238
ETH,SELL,0.5000,560450.000,2024-07-01 12:56:59.238
ETH,SELL,0.1000,560450.000,2024-07-01 12:56:59.238
ETH,SELL,0.0957,560365.000,2024-07-01 12:56:59.238
ETH,BUY,0.0400,560425.000,2024-07-01 12:57:15.270
ETH,BUY,0.1400,560463.000,2024-07-01 12:57:21.600
ETH,BUY,0.0100,560467.000,2024-07-01 12:57:27.935
ETH,BUY,0.0900,560467.000,2024-07-01 12:58:59.841
ETH,BUY,0.0604,560512.000,2024-07-01 12:58:59.841
ETH,BUY,0.3496,560570.000,2024-07-01 12:58:59.841
ETH,SELL,0.0830,560367.000,2024-07-01 12:59:57.393
ETH,SELL,0.0443,560365.000,2024-07-01 12:59:57.393
ETH,SELL,0.1637,560316.000,2024-07-01 12:59:57.393
ETH,BUY,0.5000,560367.000,2024-07-01 13:00:16.318
ETH,BUY,0.2000,560766.000,2024-07-01 13:01:47.966
ETH,BUY,0.2000,561179.000,2024-07-01 13:03:22.570
ETH,BUY,0.0500,560940.000,2024-07-01 13:07:27.038
ETH,BUY,0.0594,560928.000,2024-07-01 13:07:33.986
ETH,BUY,0.0206,560935.000,2024-07-01 13:07:33.986
ETH,BUY,0.0594,560932.000,2024-07-01 13:07:38.192
ETH,BUY,0.0200,560947.000,2024-07-01 13:09:09.071
ETH,BUY,0.0200,560976.000,2024-07-01 13:09:53.511
ETH,BUY,0.1000,560797.000,2024-07-01 13:13:30.662
ETH,BUY,0.0637,560598.000,2024-07-01 13:15:03.444
ETH,BUY,0.1000,560599.000,2024-07-01 13:15:03.444
ETH,BUY,0.7363,560791.000,2024-07-01 13:15:03.444
ETH,BUY,0.0820,560354.000,2024-07-01 13:15:31.886
ETH,BUY,0.0180,560354.000,2024-07-01 13:16:20.578
ETH,BUY,0.1820,560366.000,2024-07-01 13:16:20.578
ETH,SELL,0.0100,560001.000,2024-07-01 13:17:54.704
ETH,BUY,0.0314,560274.000,2024-07-01 13:18:12.491
ETH,BUY,0.0186,560279.000,2024-07-01 13:18:12.491
ETH,BUY,0.0314,560336.000,2024-07-01 13:18:15.233
ETH,BUY,0.1786,560210.000,2024-07-01 13:22:31.581
ETH,BUY,0.0100,560185.000,2024-07-01 13:23:14.208
ETH,SELL,0.2700,560000.000,2024-07-01 13:23:18.592
ETH,SELL,0.1300,560000.000,2024-07-01 13:25:01.786
ETH,SELL,0.0100,560000.000,2024-07-01 13:25:01.786
ETH,BUY,0.1218,559999.000,2024-07-01 13:26:16.611
ETH,BUY,0.0282,560019.000,2024-07-01 13:26:16.611
ETH,SELL,1.6000,560193.000,2024-07-01 13:26:57.323
ETH,SELL,0.4000,560192.000,2024-07-01 13:26:57.323
ETH,SELL,0.0200,560744.000,2024-07-01 13:29:16.434
ETH,BUY,1.0000,561000.000,2024-07-01 13:29:43.552
ETH,BUY,0.4000,561121.000,2024-07-01 13:29:43.552
ETH,BUY,0.0517,561065.000,2024-07-01 13:29:48.693
ETH,BUY,0.0483,561237.000,2024-07-01 13:29:48.693
ETH,BUY,0.0517,561288.000,2024-07-01 13:29:52.174
ETH,BUY,0.0400,561296.000,2024-07-01 13:29:57.888
ETH,BUY,0.0100,561344.000,2024-07-01 13:30:03.627
ETH,BUY,1.5083,561342.000,2024-07-01 13:30:46.272
ETH,BUY,4.0000,561440.000,2024-07-01 13:30:46.272
ETH,SELL,0.0100,561758.000,2024-07-01 13:31:57.831
ETH,BUY,0.0300,561634.000,2024-07-01 13:33:05.501
ETH,BUY,1.0000,561634.000,2024-07-01 13:33:05.501
ETH,BUY,0.2303,561699.000,2024-07-01 13:33:05.501
ETH,BUY,0.0370,561800.000,2024-07-01 13:33:05.501
ETH,BUY,2.0977,561817.000,2024-07-01 13:33:05.501
ETH,BUY,0.0100,560939.000,2024-07-01 13:36:09.087
ETH,SELL,0.0775,561377.000,2024-07-01 13:36:11.521
ETH,SELL,0.0925,561377.000,2024-07-01 13:36:20.287
ETH,BUY,0.0100,560983.000,2024-07-01 13:36:45.332
ETH,BUY,0.0200,561005.000,2024-07-01 13:36:48.693
ETH,BUY,0.0100,561028.000,2024-07-01 13:37:32.659
ETH,BUY,0.0700,561034.000,2024-07-01 13:37:32.659
ETH,BUY,0.1660,561002.000,2024-07-01 13:38:42.057
ETH,SELL,0.0100,561000.000,2024-07-01 13:40:50.049
ETH,SELL,0.0163,560705.000,2024-07-01 13:40:50.049
ETH,BUY,0.2000,560744.000,2024-07-01 13:41:01.707
ETH,SELL,0.0100,560705.000,2024-07-01 13:41:15.131
ETH,SELL,0.0266,560705.000,2024-07-01 13:42:46.299
ETH,SELL,0.1000,560705.000,2024-07-01 13:42:49.966
ETH,SELL,0.0471,560705.000,2024-07-01 13:42:50.369
ETH,SELL,0.0529,560705.000,2024-07-01 13:42:50.369
ETH,SELL,0.0721,560705.000,2024-07-01 13:42:50.545
ETH,SELL,0.0279,560060.000,2024-07-01 13:42:50.777
ETH,SELL,0.0670,560005.000,2024-07-01 13:42:51.276
ETH,BUY,0.6000,560048.000,2024-07-01 13:43:07.965
ETH,SELL,0.0700,560055.000,2024-07-01 13:44:22.421
ETH,BUY,0.0700,560106.000,2024-07-01 13:46:18.623
ETH,SELL,0.3000,560000.000,2024-07-01 13:47:10.143
ETH,SELL,0.0121,559900.000,2024-07-01 13:47:10.143
ETH,SELL,0.1079,559900.000,2024-07-01 13:47:23.807
ETH,SELL,0.0280,559800.000,2024-07-01 13:48:01.743
ETH,SELL,0.0700,559800.000,2024-07-01 13:48:02.264
ETH,SELL,0.0220,559800.000,2024-07-01 13:48:03.482
ETH,SELL,0.0780,559001.000,2024-07-01 13:48:03.482
ETH,BUY,0.1780,559062.000,2024-07-01 13:48:05.735
ETH,BUY,0.0400,559149.000,2024-07-01 13:49:35.558
ETH,BUY,0.0130,559236.000,2024-07-01 13:49:47.844
ETH,SELL,0.0100,559000.000,2024-07-01 13:50:38.557
ETH,SELL,0.0200,559000.000,2024-07-01 13:50:38.557
ETH,SELL,0.0900,559000.000,2024-07-01 13:50:38.557
ETH,BUY,0.1000,558975.000,2024-07-01 13:50:40.332
ETH,SELL,0.0600,558457.000,2024-07-01 13:51:26.923
ETH,SELL,0.3642,558468.000,2024-07-01 13:51:35.864
ETH,SELL,0.2639,558468.000,2024-07-01 13:51:36.118
ETH,SELL,0.6000,558468.000,2024-07-01 13:51:36.587
ETH,SELL,0.2000,558468.000,2024-07-01 13:51:36.988
ETH,SELL,0.0100,558000.000,2024-07-01 13:51:37.958
ETH,SELL,0.0100,557944.000,2024-07-01 13:51:37.958
ETH,SELL,0.9800,557885.000,2024-07-01 13:51:37.958
ETH,BUY,0.5000,557902.000,2024-07-01 13:51:59.658
ETH,BUY,0.0100,558076.000,2024-07-01 13:55:43.772
ETH,BUY,0.0114,558134.000,2024-07-01 13:56:10.505
ETH,BUY,0.0114,557940.000,2024-07-01 13:56:41.934
ETH,BUY,0.2511,557941.000,2024-07-01 13:56:41.934
ETH,BUY,0.0177,558730.000,2024-07-01 13:58:22.049
ETH,SELL,0.0100,558730.000,2024-07-01 14:01:52.114
ETH,SELL,0.0600,558621.000,2024-07-01 14:01:52.114
ETH,SELL,0.1000,558617.000,2024-07-01 14:01:53.369
ETH,BUY,0.0176,558356.000,2024-07-01 14:03:52.091
ETH,BUY,0.0184,558800.000,2024-07-01 14:05:15.642
ETH,BUY,0.0626,559057.000,2024-07-01 14:05:42.424
ETH,BUY,0.1246,559057.000,2024-07-01 14:05:47.383
ETH,BUY,0.1000,559057.000,2024-07-01 14:05:49.516
ETH,BUY,0.0200,559057.000,2024-07-01 14:05:49.617
ETH,BUY,0.0700,559057.000,2024-07-01 14:05:50.316
ETH,BUY,0.0483,559057.000,2024-07-01 14:05:50.518
ETH,BUY,0.0517,559613.000,2024-07-01 14:05:51.382
ETH,BUY,0.0200,559523.000,2024-07-01 14:07:23.070
ETH,BUY,0.0200,559384.000,2024-07-01 14:08:25.981
ETH,BUY,0.0200,559415.000,2024-07-01 14:10:10.423
ETH,BUY,0.0178,558301.000,2024-07-01 14:11:52.034
ETH,BUY,0.0178,558293.000,2024-07-01 14:12:12.099
ETH,BUY,0.0178,558026.000,2024-07-01 14:12:22.139
ETH,BUY,0.0178,558001.000,2024-07-01 14:12:31.986
ETH,SELL,0.0100,558000.000,2024-07-01 14:12:40.875
ETH,SELL,0.0100,558000.000,2024-07-01 14:12:40.875
ETH,SELL,0.1000,557999.000,2024-07-01 14:12:40.875
ETH,BUY,0.0178,558076.000,2024-07-01 14:12:42.017
ETH,BUY,0.5000,558105.000,2024-07-01 14:13:22.768
ETH,BUY,0.0178,558134.000,2024-07-01 14:13:52.199
ETH,BUY,0.0178,558130.000,2024-07-01 14:14:12.140
ETH,BUY,0.0400,558010.000,2024-07-01 14:15:24.088
ETH,SELL,0.0100,558000.000,2024-07-01 14:16:36.738
ETH,SELL,0.1820,557889.000,2024-07-01 14:16:36.738
ETH,BUY,1.0000,558047.000,2024-07-01 14:18:09.308
ETH,SELL,0.1000,558365.000,2024-07-01 14:20:50.401
ETH,SELL,0.0203,558000.000,2024-07-01 14:22:07.676
ETH,SELL,1.4797,558000.000,2024-07-01 14:22:22.081
ETH,SELL,0.8200,557885.000,2024-07-01 14:22:22.081
ETH,SELL,0.1700,557876.000,2024-07-01 14:22:22.081
ETH,SELL,0.4548,557834.000,2024-07-01 14:22:22.081
ETH,BUY,0.3500,558540.000,2024-07-01 14:23:18.057
ETH,BUY,0.5000,558907.000,2024-07-01 14:23:38.031
ETH,SELL,0.1700,558940.000,2024-07-01 14:24:35.818
ETH,BUY,0.0200,558939.000,2024-07-01 14:26:25.058
ETH,BUY,0.1000,558938.000,2024-07-01 14:27:32.124
ETH,BUY,0.5362,558983.000,2024-07-01 14:28:31.224
ETH,BUY,2.9370,559149.000,2024-07-01 14:29:54.009
ETH,BUY,0.0390,559391.000,2024-07-01 14:36:31.648
ETH,BUY,0.1100,559120.000,2024-07-01 14:36:33.778
ETH,BUY,0.2000,559120.000,2024-07-01 14:36:34.394
ETH,BUY,0.1004,559120.000,2024-07-01 14:36:34.606
ETH,BUY,0.5896,559120.000,2024-07-01 14:36:34.608
ETH,BUY,0.6000,559932.000,2024-07-01 14:36:35.703
ETH,BUY,0.1000,559290.000,2024-07-01 14:36:37.378
ETH,BUY,0.3000,559290.000,2024-07-01 14:36:37.714
ETH,BUY,0.6000,559290.000,2024-07-01 14:36:37.773
ETH,BUY,0.0100,559381.000,2024-07-01 14:37:38.556
ETH,BUY,0.0179,559382.000,2024-07-01 14:42:26.451
ETH,BUY,0.0160,559467.000,2024-07-01 14:44:04.189
ETH,BUY,0.0700,559526.000,2024-07-01 14:44:56.567
ETH,BUY,0.3467,559592.000,2024-07-01 14:45:19.998
ETH,BUY,0.8533,559613.000,2024-07-01 14:45:38.557
ETH,BUY,0.0900,560000.000,2024-07-01 14:50:53.965
ETH,BUY,0.0100,560526.000,2024-07-01 14:50:53.965
ETH,BUY,0.1700,560556.000,2024-07-01 14:52:13.200
ETH,BUY,0.0100,561014.000,2024-07-01 14:56:50.565
ETH,SELL,0.0200,561053.000,2024-07-01 14:58:46.543
ETH,BUY,2.0000,561092.000,2024-07-01 14:59:18.725
ETH,BUY,1.4493,560956.000,2024-07-01 14:59:44.487
ETH,BUY,0.5507,561179.000,2024-07-01 14:59:44.487
ETH,BUY,0.0200,561208.000,2024-07-01 15:01:11.751
ETH,BUY,0.0993,560883.000,2024-07-01 15:02:05.713
ETH,BUY,0.0890,561614.000,2024-07-01 15:06:16.611
ETH,BUY,0.2000,561991.000,2024-07-01 15:10:52.940
ETH,SELL,0.5718,561773.000,2024-07-01 15:10:57.119
ETH,SELL,0.2682,561773.000,2024-07-01 15:10:57.119
ETH,BUY,2.0000,561817.000,2024-07-01 15:15:23.384
ETH,BUY,0.3985,561764.000,2024-07-01 15:22:01.974
ETH,BUY,1.1015,561875.000,2024-07-01 15:22:01.974
ETH,BUY,0.2500,561814.000,2024-07-01 15:22:57.049
ETH,SELL,0.1000,561813.000,2024-07-01 15:23:41.601
ETH,SELL,0.1000,561625.000,2024-07-01 15:23:43.410
ETH,BUY,0.1000,561626.000,2024-07-01 15:23:56.071
ETH,BUY,0.1000,561626.000,2024-07-01 15:23:56.071
ETH,SELL,0.0330,561625.000,2024-07-01 15:24:22.363
ETH,SELL,0.0100,561000.000,2024-07-01 15:25:19.659
ETH,SELL,0.0100,560883.000,2024-07-01 15:25:19.659
ETH,SELL,0.1785,560831.000,2024-07-01 15:25:19.659
ETH,SELL,0.0015,560692.000,2024-07-01 15:25:19.659
ETH,BUY,0.0250,560719.000,2024-07-01 15:26:36.295
ETH,SELL,0.6457,560810.000,2024-07-01 15:30:21.992
ETH,BUY,0.0100,560764.000,2024-07-01 15:30:38.118
ETH,BUY,0.2000,560802.000,2024-07-01 15:32:19.199
ETH,BUY,0.0250,560831.000,2024-07-01 15:33:10.794
ETH,BUY,0.0100,560831.000,2024-07-01 15:33:19.346
ETH,BUY,0.1000,561295.000,2024-07-01 15:37:38.998
ETH,BUY,0.0265,561353.000,2024-07-01 15:37:56.919
ETH,BUY,0.0500,561440.000,2024-07-01 15:38:11.760
ETH,BUY,0.0900,561224.000,2024-07-01 15:42:44.505
ETH,BUY,0.5100,561248.000,2024-07-01 15:42:44.505
ETH,BUY,0.0200,560858.000,2024-07-01 15:46:48.527
ETH,BUY,0.0250,561411.000,2024-07-01 15:51:04.842
ETH,BUY,0.0700,561440.000,2024-07-01 15:51:14.191
ETH,BUY,0.1000,561497.000,2024-07-01 16:02:26.450
ETH,BUY,0.0200,561156.000,2024-07-01 16:03:31.716
ETH,SELL,0.1000,560407.000,2024-07-01 16:06:44.708
ETH,SELL,0.3200,560407.000,2024-07-01 16:06:44.758
ETH,SELL,0.1000,560407.000,2024-07-01 16:06:47.757
ETH,SELL,0.0447,560407.000,2024-07-01 16:06:48.278
ETH,SELL,0.0100,560000.000,2024-07-01 16:06:48.717
ETH,SELL,0.0453,559860.000,2024-07-01 16:06:48.717
ETH,BUY,0.0300,561034.000,2024-07-01 16:12:01.016
ETH,BUY,0.0200,561266.000,2024-07-01 16:13:42.383
ETH,BUY,0.0200,560634.000,2024-07-01 16:21:55.869
ETH,SELL,0.3100,560686.000,2024-07-01 16:25:56.979
ETH,SELL,0.6900,560551.000,2024-07-01 16:25:56.979
ETH,BUY,0.0100,560357.000,2024-07-01 16:31:38.806
ETH,BUY,0.0857,560406.000,2024-07-01 16:32:13.548
ETH,BUY,0.0143,560831.000,2024-07-01 16:32:13.548
ETH,BUY,0.0100,560285.000,2024-07-01 16:57:47.146
ETH,BUY,0.4217,560033.000,2024-07-01 17:26:51.962
ETH,BUY,1.1800,560044.000,2024-07-01 17:26:59.055
ETH,BUY,0.2400,560044.000,2024-07-01 17:27:14.553
ETH,BUY,0.1000,560044.000,2024-07-01 17:27:14.730
ETH,BUY,0.1000,560044.000,2024-07-01 17:27:15.241
ETH,BUY,0.2000,560044.000,2024-07-01 17:27:15.394
ETH,BUY,0.0107,560044.000,2024-07-01 17:27:16.011
ETH,BUY,0.1000,560044.000,2024-07-01 17:27:16.213
ETH,BUY,0.3200,560044.000,2024-07-01 17:27:16.322
ETH,BUY,0.5000,560044.000,2024-07-01 17:27:17.300
ETH,BUY,0.1600,560044.000,2024-07-01 17:27:17.372
ETH,BUY,0.2000,560044.000,2024-07-01 17:27:21.788
ETH,BUY,0.0380,560044.000,2024-07-01 17:27:36.094
ETH,BUY,1.9878,560044.000,2024-07-01 17:27:41.278
ETH,BUY,0.0122,560075.000,2024-07-01 17:27:41.278
ETH,BUY,0.0176,560075.000,2024-07-01 17:27:42.066
ETH,BUY,0.1200,560947.000,2024-07-01 17:31:39.340
ETH,BUY,0.2000,561000.000,2024-07-01 17:32:10.189
ETH,BUY,0.0353,561000.000,2024-07-01 17:32:24.913
ETH,BUY,0.7647,561000.000,2024-07-01 17:32:31.153
ETH,BUY,1.2353,561614.000,2024-07-01 17:32:31.153
ETH,SELL,0.1000,561000.000,2024-07-01 17:32:31.683
ETH,SELL,0.3603,561000.000,2024-07-01 17:32:31.683
ETH,BUY,0.5000,561479.000,2024-07-01 17:34:17.204
ETH,BUY,0.2000,562000.000,2024-07-01 17:36:38.080
ETH,BUY,0.0100,562000.000,2024-07-01 17:40:30.962
ETH,BUY,0.0300,562000.000,2024-07-01 17:40:37.754
ETH,BUY,0.0500,562000.000,2024-07-01 17:40:37.754
ETH,BUY,0.0100,562000.000,2024-07-01 17:40:37.754
ETH,BUY,0.1000,562000.000,2024-07-01 17:40:37.754
ETH,BUY,0.3200,562000.000,2024-07-01 17:40:45.072
ETH,BUY,0.0800,562000.000,2024-07-01 17:40:45.103
ETH,BUY,0.1694,562020.000,2024-07-01 17:40:45.103
ETH,BUY,0.0100,562082.000,2024-07-01 17:40:45.103
ETH,BUY,0.1406,562379.000,2024-07-01 17:40:45.103
ETH,BUY,0.0100,562398.000,2024-07-01 17:41:36.023
ETH,SELL,0.1000,562510.000,2024-07-01 17:43:56.453
ETH,BUY,0.0500,562511.000,2024-07-01 17:45:08.047
ETH,BUY,0.0305,562511.000,2024-07-01 17:45:08.338
ETH,SELL,0.0200,562510.000,2024-07-01 17:45:15.638
ETH,SELL,0.0100,562510.000,2024-07-01 17:45:15.638
ETH,SELL,0.0200,562510.000,2024-07-01 17:45:29.057
ETH,BUY,0.1305,562511.000,2024-07-01 17:47:32.674
ETH,BUY,0.0695,562738.000,2024-07-01 17:47:32.674
ETH,SELL,0.0170,562736.000,2024-07-01 17:50:09.616
ETH,BUY,0.0181,562947.000,2024-07-01 17:53:05.921
ETH,BUY,0.0844,563000.000,2024-07-01 17:53:29.496
