symbol,side,size,price,timestamp
BTC,SELL,0.0001,9293262.000,2024-07-10 21:00:10.746
BTC,SELL,0.0001,9293262.000,2024-07-10 21:00:11.270
BTC,SELL,0.0001,9293262.000,2024-07-10 21:00:11.459
BTC,SELL,0.0001,9293262.000,2024-07-10 21:00:11.602
BTC,SELL,0.0004,9293222.000,2024-07-10 21:00:12.647
BTC,SELL,0.0010,9293222.000,2024-07-10 21:00:12.870
BTC,SELL,0.0003,9293222.000,2024-07-10 21:00:12.988
BTC,SELL,0.0001,9293222.000,2024-07-10 21:00:13.109
BTC,SELL,0.0010,9293222.000,2024-07-10 21:00:13.229
BTC,SELL,0.0001,9293222.000,2024-07-10 21:00:13.378
BTC,BUY,0.0010,9292895.000,2024-07-10 21:00:25.964
BTC,BUY,0.0001,9293130.000,2024-07-10 21:00:37.191
BTC,BUY,0.0001,9292883.000,2024-07-10 21:02:16.013
BTC,BUY,0.0015,9289800.000,2024-07-10 21:02:41.909
BTC,BUY,0.0001,9289616.000,2024-07-10 21:03:57.295
BTC,BUY,0.0200,9289800.000,2024-07-10 21:04:32.789
BTC,BUY,0.0100,9289800.000,2024-07-10 21:04:34.119
BTC,BUY,0.0200,9289800.000,2024-07-10 21:04:34.647
BTC,BUY,0.0200,9289800.000,2024-07-10 21:04:37.935
BTC,BUY,0.0200,9289800.000,2024-07-10 21:04:38.296
BTC,BUY,0.0001,9289800.000,2024-07-10 21:05:04.401
BTC,BUY,0.0002,9295650.000,2024-07-10 21:05:38.267
BTC,BUY,0.0001,9294800.000,2024-07-10 21:05:57.829
BTC,BUY,0.0002,9292860.000,2024-07-10 21:06:47.811
BTC,BUY,0.0001,9292861.000,2024-07-10 21:07:11.492
BTC,BUY,0.0001,9293388.000,2024-07-10 21:07:59.092
BTC,BUY,0.0220,9294250.000,2024-07-10 21:08:41.487
BTC,BUY,0.0008,9294596.000,2024-07-10 21:09:37.139
BTC,BUY,0.0009,9294761.000,2024-07-10 21:09:37.139
BTC,BUY,0.0001,9300399.000,2024-07-10 21:10:37.288
BTC,BUY,0.0200,9299062.000,2024-07-10 21:10:52.594
BTC,BUY,0.0021,9291440.000,2024-07-10 21:15:02.630
BTC,BUY,0.0005,9290000.000,2024-07-10 21:15:26.744
BTC,SELL,0.0006,9285000.000,2024-07-10 21:15:52.689
BTC,SELL,0.0002,9285000.000,2024-07-10 21:15:52.689
BTC,SELL,0.0007,9281807.000,2024-07-10 21:15:52.689
BTC,SELL,0.0020,9279179.000,2024-07-10 21:16:08.715
BTC,SELL,0.0020,9278449.000,2024-07-10 21:16:35.263
BTC,BUY,0.0010,9280297.000,2024-07-10 21:16:38.163
BTC,BUY,0.0004,9288416.000,2024-07-10 21:20:25.749
BTC,BUY,0.0001,9288500.000,2024-07-10 21:20:25.749
BTC,SELL,0.0100,9292635.000,2024-07-10 21:21:53.189
BTC,SELL,0.0003,9292553.000,2024-07-10 21:21:53.189
BTC,SELL,0.0001,9292549.000,2024-07-10 21:21:53.189
BTC,SELL,0.0896,9292370.000,2024-07-10 21:21:53.189
BTC,BUY,0.0005,9294650.000,2024-07-10 21:22:15.402
BTC,BUY,0.0050,9293750.000,2024-07-10 21:22:48.701
BTC,SELL,0.0020,9293750.000,2024-07-10 21:23:25.432
BTC,SELL,0.0060,9296320.000,2024-07-10 21:26:50.302
BTC,SELL,0.0185,9296230.000,2024-07-10 21:26:50.302
BTC,BUY,0.0001,9297650.000,2024-07-10 21:27:10.527
BTC,SELL,0.0020,9293750.000,2024-07-10 21:31:00.332
BTC,BUY,0.0011,9294000.000,2024-07-10 21:31:18.326
BTC,SELL,0.0001,9293750.000,2024-07-10 21:31:25.972
BTC,SELL,0.0009,9293750.000,2024-07-10 21:31:28.199
BTC,SELL,0.0001,9293721.000,2024-07-10 21:31:28.199
BTC,BUY,0.0001,9291549.000,2024-07-10 21:31:55.529
BTC,BUY,0.0100,9286685.000,2024-07-10 21:32:10.728
BTC,BUY,0.0050,9288547.000,2024-07-10 21:32:23.186
BTC,BUY,0.0172,9295246.000,2024-07-10 21:33:02.314
BTC,BUY,0.0040,9293416.000,2024-07-10 21:34:42.555
BTC,BUY,0.0001,9295112.000,2024-07-10 21:36:51.164
BTC,SELL,0.0004,9294017.000,2024-07-10 21:38:10.211
BTC,BUY,0.0002,9296637.000,2024-07-10 21:38:18.599
BTC,SELL,0.0200,9294023.000,2024-07-10 21:39:16.335
BTC,SELL,0.0150,9294022.000,2024-07-10 21:39:16.335
BTC,BUY,0.0001,9295121.000,2024-07-10 21:39:17.939
BTC,BUY,0.0001,9294314.000,2024-07-10 21:40:38.887
BTC,BUY,0.0100,9296330.000,2024-07-10 21:44:36.003
BTC,BUY,0.0001,9296365.000,2024-07-10 21:45:31.102
BTC,BUY,0.0014,9298850.000,2024-07-10 21:45:31.102
BTC,SELL,0.0002,9297000.000,2024-07-10 21:46:03.511
BTC,BUY,0.0200,9297293.000,2024-07-10 21:46:04.901
BTC,BUY,0.0200,9297553.000,2024-07-10 21:46:19.265
BTC,SELL,0.0001,9297751.000,2024-07-10 21:46:29.544
BTC,SELL,0.0001,9298601.000,2024-07-10 21:46:59.281
BTC,SELL,0.0001,9298815.000,2024-07-10 21:47:40.865
BTC,SELL,0.0001,9298810.000,2024-07-10 21:48:03.751
BTC,SELL,0.0003,9299450.000,2024-07-10 21:49:21.162
BTC,BUY,0.0200,9300000.000,2024-07-10 21:50:02.486
BTC,BUY,0.0268,9300000.000,2024-07-10 21:50:02.810
BTC,BUY,0.0100,9300000.000,2024-07-10 21:50:02.976
BTC,BUY,0.0050,9300000.000,2024-07-10 21:50:03.213
BTC,BUY,0.0060,9300000.000,2024-07-10 21:50:03.214
BTC,BUY,0.0620,9300000.000,2024-07-10 21:50:03.437
BTC,BUY,0.1000,9300000.000,2024-07-10 21:50:03.441
BTC,BUY,0.0476,9300000.000,2024-07-10 21:50:03.564
BTC,BUY,0.0100,9300000.000,2024-07-10 21:50:03.567
BTC,BUY,0.0050,9300000.000,2024-07-10 21:50:03.726
BTC,BUY,0.0099,9300000.000,2024-07-10 21:50:04.105
BTC,BUY,0.0200,9300000.000,2024-07-10 21:50:04.107
BTC,BUY,0.0178,9300000.000,2024-07-10 21:50:04.297
BTC,BUY,0.0050,9300000.000,2024-07-10 21:50:04.410
BTC,BUY,0.1000,9300000.000,2024-07-10 21:50:04.556
BTC,BUY,0.0338,9300000.000,2024-07-10 21:50:06.162
BTC,BUY,0.1000,9300000.000,2024-07-10 21:50:06.621
BTC,BUY,0.1000,9300000.000,2024-07-10 21:50:06.677
BTC,BUY,0.0100,9300000.000,2024-07-10 21:50:06.833
BTC,BUY,0.0211,9300000.000,2024-07-10 21:50:07.060
BTC,BUY,0.0002,9300000.000,2024-07-10 21:50:07.060
BTC,BUY,0.0002,9300947.000,2024-07-10 21:50:09.057
BTC,BUY,0.0048,9304309.000,2024-07-10 21:50:09.057
BTC,BUY,0.0002,9304902.000,2024-07-10 21:50:29.642
BTC,BUY,0.0098,9306653.000,2024-07-10 21:50:29.642
BTC,BUY,0.0100,9306653.000,2024-07-10 21:50:30.432
BTC,BUY,0.0001,9308807.000,2024-07-10 21:50:32.425
BTC,BUY,0.0003,9308896.000,2024-07-10 21:50:32.425
BTC,SELL,0.0001,9309837.000,2024-07-10 21:50:37.663
BTC,BUY,0.0001,9309906.000,2024-07-10 21:50:56.772
BTC,SELL,0.0001,9309858.000,2024-07-10 21:51:04.869
BTC,SELL,0.0001,9309885.000,2024-07-10 21:51:36.070
BTC,BUY,0.0001,9310000.000,2024-07-10 21:51:46.119
BTC,BUY,0.0002,9310000.000,2024-07-10 21:51:58.890
BTC,SELL,0.0002,9310008.000,2024-07-10 21:52:07.887
BTC,BUY,0.0190,9310011.000,2024-07-10 21:54:07.533
BTC,BUY,0.0050,9310011.000,2024-07-10 21:54:13.706
BTC,BUY,0.0001,9310011.000,2024-07-10 21:54:16.704
BTC,BUY,0.0100,9310011.000,2024-07-10 21:54:19.514
BTC,BUY,0.0100,9310011.000,2024-07-10 21:54:28.402
BTC,SELL,0.0001,9310010.000,2024-07-10 21:54:31.392
BTC,BUY,0.0025,9310011.000,2024-07-10 21:54:33.788
BTC,BUY,0.0001,9310011.000,2024-07-10 21:54:49.160
BTC,SELL,0.0060,9310010.000,2024-07-10 21:54:57.296
BTC,SELL,0.0039,9310010.000,2024-07-10 21:54:58.129
BTC,SELL,0.0003,9310008.000,2024-07-10 21:54:58.129
BTC,SELL,0.0003,9310000.000,2024-07-10 21:54:58.129
BTC,SELL,0.0055,9309858.000,2024-07-10 21:54:58.129
BTC,SELL,0.0045,9309858.000,2024-07-10 21:54:59.511
BTC,SELL,0.0005,9302262.000,2024-07-10 21:54:59.511
BTC,BUY,0.0040,9305350.000,2024-07-10 21:56:36.835
BTC,SELL,0.1000,9302827.000,2024-07-10 21:56:39.986
BTC,SELL,0.0050,9302748.000,2024-07-10 21:56:40.233
BTC,SELL,0.0030,9302748.000,2024-07-10 21:56:40.485
BTC,SELL,0.0050,9303953.000,2024-07-10 21:56:59.512
BTC,SELL,0.0034,9303953.000,2024-07-10 21:56:59.624
BTC,SELL,0.0050,9303953.000,2024-07-10 21:57:18.394
BTC,SELL,0.0050,9303953.000,2024-07-10 21:57:18.783
BTC,SELL,0.0281,9304372.000,2024-07-10 21:57:19.564
BTC,SELL,0.0100,9304372.000,2024-07-10 21:57:37.496
BTC,SELL,0.0168,9302674.000,2024-07-10 21:57:37.496
BTC,SELL,0.0800,9302674.000,2024-07-10 21:57:37.541
BTC,SELL,0.0100,9304372.000,2024-07-10 21:57:37.829
BTC,SELL,0.0100,9304278.000,2024-07-10 21:57:38.763
BTC,SELL,0.0120,9302262.000,2024-07-10 21:57:39.832
BTC,SELL,0.0380,9302262.000,2024-07-10 21:57:39.832
BTC,SELL,0.0500,9302262.000,2024-07-10 21:57:40.219
BTC,SELL,0.0050,9302262.000,2024-07-10 21:57:40.280
BTC,SELL,0.0140,9302262.000,2024-07-10 21:57:41.331
BTC,SELL,0.0100,9301900.000,2024-07-10 21:57:41.570
BTC,SELL,0.0100,9301900.000,2024-07-10 21:57:41.805
BTC,SELL,0.0100,9301900.000,2024-07-10 21:57:41.988
BTC,SELL,0.0537,9299364.000,2024-07-10 21:57:42.100
BTC,SELL,0.0100,9299252.000,2024-07-10 21:57:42.100
BTC,SELL,0.0300,9299251.000,2024-07-10 21:57:42.100
BTC,SELL,0.0063,9298810.000,2024-07-10 21:57:42.100
BTC,SELL,0.0100,9298810.000,2024-07-10 21:57:42.223
BTC,SELL,0.0110,9298810.000,2024-07-10 21:57:42.624
BTC,SELL,0.0080,9298810.000,2024-07-10 21:57:42.843
BTC,BUY,0.0100,9298811.000,2024-07-10 21:57:43.542
BTC,BUY,0.0100,9298811.000,2024-07-10 21:57:44.568
BTC,BUY,0.0200,9298811.000,2024-07-10 21:57:45.072
BTC,BUY,0.0100,9298811.000,2024-07-10 21:57:46.690
BTC,BUY,0.0100,9298811.000,2024-07-10 21:57:47.464
BTC,BUY,0.0002,9303900.000,2024-07-10 21:57:59.430
BTC,BUY,0.0002,9303900.000,2024-07-10 21:58:05.553
BTC,BUY,0.0002,9303699.000,2024-07-10 21:58:13.018
BTC,SELL,0.0050,9303139.000,2024-07-10 21:58:13.494
BTC,SELL,0.0110,9298810.000,2024-07-10 21:58:13.526
BTC,SELL,0.0077,9298810.000,2024-07-10 21:58:14.125
BTC,SELL,0.0023,9298411.000,2024-07-10 21:58:14.125
BTC,BUY,0.0005,9297313.000,2024-07-10 21:58:20.733
BTC,BUY,0.0002,9297007.000,2024-07-10 21:58:25.678
BTC,BUY,0.0027,9295549.000,2024-07-10 21:58:56.555
BTC,SELL,0.0001,9294314.000,2024-07-10 21:59:03.893
BTC,SELL,0.0199,9294000.000,2024-07-10 21:59:03.893
BTC,BUY,0.0007,9294156.000,2024-07-10 21:59:19.346
BTC,BUY,0.0001,9294001.000,2024-07-10 21:59:27.187
BTC,SELL,0.0250,9294000.000,2024-07-10 21:59:43.577
BTC,BUY,0.0009,9294001.000,2024-07-10 22:00:02.620
BTC,SELL,0.0273,9294000.000,2024-07-10 22:00:04.519
BTC,SELL,0.0004,9294000.000,2024-07-10 22:00:04.519
BTC,SELL,0.0200,9290401.000,2024-07-10 22:00:04.899
BTC,BUY,0.0001,9291168.000,2024-07-10 22:00:07.292
BTC,BUY,0.0007,9291075.000,2024-07-10 22:00:11.143
BTC,SELL,0.0002,9287939.000,2024-07-10 22:00:43.339
BTC,SELL,0.0005,9294001.000,2024-07-10 22:02:29.863
BTC,SELL,0.0030,9289681.000,2024-07-10 22:02:29.863
BTC,BUY,0.0004,9298048.000,2024-07-10 22:04:24.856
BTC,BUY,0.0002,9300828.000,2024-07-10 22:04:55.087
BTC,BUY,0.0031,9301725.000,2024-07-10 22:04:55.087
BTC,BUY,0.1000,9302885.000,2024-07-10 22:04:55.699
BTC,BUY,0.0200,9302986.000,2024-07-10 22:04:55.699
BTC,BUY,0.0001,9305153.000,2024-07-10 22:04:59.999
BTC,BUY,0.0001,9309950.000,2024-07-10 22:06:26.319
BTC,BUY,0.0500,9311642.000,2024-07-10 22:07:51.440
BTC,BUY,0.0002,9313424.000,2024-07-10 22:08:08.169
BTC,BUY,0.0100,9314474.000,2024-07-10 22:08:08.169
BTC,BUY,0.0011,9314474.000,2024-07-10 22:08:08.169
BTC,BUY,0.0087,9315076.000,2024-07-10 22:08:08.169
BTC,BUY,0.0076,9316600.000,2024-07-10 22:09:17.142
BTC,BUY,0.0062,9316612.000,2024-07-10 22:09:17.142
BTC,BUY,0.0050,9317577.000,2024-07-10 22:09:17.142
BTC,BUY,0.1000,9317796.000,2024-07-10 22:09:17.142
BTC,BUY,0.0536,9319079.000,2024-07-10 22:09:17.142
BTC,BUY,0.0076,9319922.000,2024-07-10 22:09:17.142
BTC,BUY,0.0001,9317893.000,2024-07-10 22:09:30.933
BTC,BUY,0.0011,9317545.000,2024-07-10 22:09:38.052
BTC,BUY,0.0001,9317545.000,2024-07-10 22:09:39.262
BTC,SELL,0.0020,9315678.000,2024-07-10 22:09:44.677
BTC,SELL,0.0346,9315104.000,2024-07-10 22:10:00.016
BTC,BUY,0.0001,9313461.000,2024-07-10 22:10:18.674
BTC,BUY,0.0018,9313153.000,2024-07-10 22:10:40.499
BTC,BUY,0.0032,9313956.000,2024-07-10 22:10:40.499
BTC,BUY,0.0001,9313195.000,2024-07-10 22:10:50.697
BTC,BUY,0.0001,9311828.000,2024-07-10 22:10:59.792
BTC,BUY,0.0035,9310373.000,2024-07-10 22:11:27.187
BTC,BUY,0.0465,9311474.000,2024-07-10 22:11:27.187
BTC,BUY,0.0001,9310001.000,2024-07-10 22:13:41.079
BTC,BUY,0.0002,9310001.000,2024-07-10 22:13:54.813
BTC,SELL,0.0001,9310000.000,2024-07-10 22:15:00.510
BTC,SELL,0.0125,9308000.000,2024-07-10 22:15:00.510
BTC,SELL,0.0974,9307946.000,2024-07-10 22:15:00.510
BTC,SELL,0.0026,9307946.000,2024-07-10 22:15:01.087
BTC,BUY,0.0001,9309719.000,2024-07-10 22:15:03.516
BTC,BUY,0.0001,9307511.000,2024-07-10 22:15:08.534
BTC,BUY,0.0001,9307939.000,2024-07-10 22:15:28.201
BTC,BUY,0.0009,9308033.000,2024-07-10 22:15:28.201
BTC,BUY,0.0350,9305371.000,2024-07-10 22:16:04.115
BTC,SELL,0.0307,9306012.000,2024-07-10 22:16:14.918
BTC,SELL,0.0005,9305000.000,2024-07-10 22:16:20.743
BTC,BUY,0.0001,9305920.000,2024-07-10 22:16:39.787
BTC,BUY,0.0300,9305001.000,2024-07-10 22:17:16.279
BTC,BUY,0.0695,9306270.000,2024-07-10 22:17:16.279
BTC,SELL,0.0500,9303162.000,2024-07-10 22:17:44.702
BTC,BUY,0.1000,9303480.000,2024-07-10 22:18:17.677
BTC,BUY,0.0001,9308599.000,2024-07-10 22:20:27.430
BTC,BUY,0.0002,9314719.000,2024-07-10 22:21:35.716
BTC,BUY,0.0003,9319586.000,2024-07-10 22:21:35.846
BTC,BUY,0.0024,9319586.000,2024-07-10 22:21:36.437
BTC,BUY,0.0003,9320000.000,2024-07-10 22:21:36.437
BTC,BUY,0.0001,9321121.000,2024-07-10 22:21:36.437
BTC,BUY,0.0772,9321995.000,2024-07-10 22:21:36.437
BTC,BUY,0.0070,9322206.000,2024-07-10 22:21:36.529
BTC,BUY,0.0100,9322206.000,2024-07-10 22:21:36.531
BTC,BUY,0.0134,9322206.000,2024-07-10 22:21:36.574
BTC,BUY,0.0500,9322206.000,2024-07-10 22:21:36.839
BTC,BUY,0.0196,9322206.000,2024-07-10 22:21:36.848
BTC,BUY,0.0001,9323002.000,2024-07-10 22:21:36.848
BTC,BUY,0.0297,9323502.000,2024-07-10 22:21:36.848
BTC,BUY,0.0310,9324660.000,2024-07-10 22:21:36.848
BTC,BUY,0.0050,9324700.000,2024-07-10 22:21:36.910
BTC,BUY,0.0400,9324700.000,2024-07-10 22:21:36.978
BTC,BUY,0.0506,9324700.000,2024-07-10 22:21:36.982
BTC,BUY,0.0300,9325844.000,2024-07-10 22:21:36.982
BTC,BUY,0.2000,9326000.000,2024-07-10 22:21:36.982
BTC,BUY,0.0003,9330000.000,2024-07-10 22:21:37.285
BTC,BUY,0.0057,9337582.000,2024-07-10 22:21:37.285
BTC,BUY,0.0030,9337582.000,2024-07-10 22:21:37.533
BTC,BUY,0.0070,9337582.000,2024-07-10 22:21:37.687
BTC,BUY,0.0100,9337582.000,2024-07-10 22:21:37.859
BTC,SELL,0.0050,9337479.000,2024-07-10 22:21:40.401
BTC,BUY,0.0024,9337481.000,2024-07-10 22:21:41.182
BTC,BUY,0.0003,9337481.000,2024-07-10 22:21:41.221
BTC,BUY,0.0001,9337481.000,2024-07-10 22:21:41.263
BTC,SELL,0.0900,9337479.000,2024-07-10 22:21:41.271
BTC,BUY,0.0321,9337480.000,2024-07-10 22:21:41.510
BTC,SELL,0.0050,9337479.000,2024-07-10 22:21:41.560
BTC,BUY,0.0001,9336696.000,2024-07-10 22:21:55.720
BTC,BUY,0.0012,9336975.000,2024-07-10 22:22:12.544
BTC,BUY,0.0076,9336975.000,2024-07-10 22:22:13.138
BTC,BUY,0.0002,9335913.000,2024-07-10 22:22:58.029
BTC,BUY,0.0008,9336155.000,2024-07-10 22:22:58.029
BTC,BUY,0.0004,9336560.000,2024-07-10 22:22:58.029
BTC,BUY,0.0074,9336795.000,2024-07-10 22:22:58.029
BTC,BUY,0.0512,9337186.000,2024-07-10 22:22:58.029
BTC,BUY,0.0002,9335123.000,2024-07-10 22:23:33.308
BTC,BUY,0.0098,9335250.000,2024-07-10 22:23:33.308
BTC,BUY,0.0001,9335156.000,2024-07-10 22:23:34.713
BTC,SELL,0.0016,9335122.000,2024-07-10 22:23:39.611
BTC,SELL,0.0984,9333948.000,2024-07-10 22:23:39.611
BTC,SELL,0.0016,9333948.000,2024-07-10 22:23:39.976
BTC,BUY,0.0050,9332345.000,2024-07-10 22:23:48.443
BTC,BUY,0.0100,9332701.000,2024-07-10 22:24:30.881
BTC,BUY,0.0001,9332659.000,2024-07-10 22:25:15.415
BTC,BUY,0.0002,9332709.000,2024-07-10 22:25:45.437
BTC,BUY,0.0002,9335000.000,2024-07-10 22:26:36.277
BTC,BUY,0.0100,9337847.000,2024-07-10 22:26:36.277
BTC,BUY,0.0298,9338764.000,2024-07-10 22:26:36.277
BTC,BUY,0.0003,9340000.000,2024-07-10 22:27:13.189
BTC,BUY,0.0082,9340000.000,2024-07-10 22:27:13.189
BTC,BUY,0.1900,9340000.000,2024-07-10 22:27:18.707
BTC,BUY,0.0018,9340000.000,2024-07-10 22:27:18.708
BTC,BUY,0.0001,9340000.000,2024-07-10 22:27:18.708
BTC,BUY,0.0010,9341859.000,2024-07-10 22:27:18.708
BTC,BUY,0.0001,9343505.000,2024-07-10 22:27:18.708
BTC,BUY,0.0086,9343505.000,2024-07-10 22:27:19.331
BTC,BUY,0.0235,9344586.000,2024-07-10 22:27:19.331
BTC,BUY,0.0400,9344586.000,2024-07-10 22:27:19.406
BTC,BUY,0.0104,9344586.000,2024-07-10 22:27:19.409
BTC,BUY,0.0002,9345000.000,2024-07-10 22:27:20.596
BTC,BUY,0.0003,9349782.000,2024-07-10 22:27:27.324
BTC,BUY,0.0032,9349782.000,2024-07-10 22:27:32.532
BTC,BUY,0.0002,9349970.000,2024-07-10 22:27:32.532
BTC,BUY,0.0003,9350000.000,2024-07-10 22:27:32.532
BTC,BUY,0.0003,9350000.000,2024-07-10 22:27:32.532
BTC,BUY,0.0060,9350000.000,2024-07-10 22:27:32.532
BTC,BUY,0.0040,9350000.000,2024-07-10 22:27:32.915
BTC,BUY,0.0110,9350212.000,2024-07-10 22:27:32.915
BTC,BUY,0.0019,9349628.000,2024-07-10 22:28:04.515
BTC,BUY,0.0002,9349718.000,2024-07-10 22:28:21.512
BTC,BUY,0.0001,9349812.000,2024-07-10 22:29:07.740
BTC,BUY,0.0022,9349812.000,2024-07-10 22:29:20.837
BTC,BUY,0.0002,9350000.000,2024-07-10 22:29:20.837
BTC,BUY,0.0076,9351845.000,2024-07-10 22:29:20.837
BTC,SELL,0.1000,9351593.000,2024-07-10 22:29:23.476
BTC,SELL,0.0960,9351589.000,2024-07-10 22:29:24.592
BTC,SELL,0.0950,9351589.000,2024-07-10 22:29:24.592
BTC,SELL,0.0090,9351520.000,2024-07-10 22:29:24.592
BTC,SELL,0.0540,9351561.000,2024-07-10 22:29:25.882
BTC,BUY,0.0001,9351433.000,2024-07-10 22:29:40.614
BTC,BUY,0.0005,9351619.000,2024-07-10 22:29:57.903
BTC,BUY,0.0300,9350987.000,2024-07-10 22:30:39.355
BTC,SELL,0.1000,9351260.000,2024-07-10 22:31:05.461
BTC,SELL,0.0010,9350000.000,2024-07-10 22:33:25.243
BTC,SELL,0.0001,9349760.000,2024-07-10 22:33:25.243
BTC,SELL,0.0289,9349628.000,2024-07-10 22:33:25.243
BTC,BUY,0.0001,9349629.000,2024-07-10 22:34:47.141
BTC,SELL,0.0010,9349628.000,2024-07-10 22:35:04.617
BTC,SELL,0.0001,9349628.000,2024-07-10 22:35:29.782
BTC,BUY,0.0038,9347396.000,2024-07-10 22:35:42.701
BTC,SELL,0.0100,9340457.000,2024-07-10 22:35:42.757
BTC,SELL,0.0005,9340000.000,2024-07-10 22:36:20.947
BTC,BUY,0.0001,9340002.000,2024-07-10 22:36:52.429
BTC,BUY,0.0001,9340720.000,2024-07-10 22:37:25.464
BTC,BUY,0.0001,9340686.000,2024-07-10 22:38:17.005
BTC,BUY,0.0001,9340898.000,2024-07-10 22:38:31.554
BTC,BUY,0.0037,9341048.000,2024-07-10 22:38:31.554
BTC,BUY,0.0001,9341816.000,2024-07-10 22:39:04.563
BTC,BUY,0.0100,9341816.000,2024-07-10 22:39:10.505
BTC,BUY,0.0001,9345910.000,2024-07-10 22:39:42.107
BTC,BUY,0.0005,9346362.000,2024-07-10 22:40:03.159
BTC,BUY,0.0001,9347046.000,2024-07-10 22:40:44.969
BTC,SELL,0.0001,9347045.000,2024-07-10 22:41:16.273
BTC,BUY,0.0001,9344680.000,2024-07-10 22:41:17.933
BTC,BUY,0.0001,9342485.000,2024-07-10 22:42:56.996
BTC,BUY,0.0001,9342485.000,2024-07-10 22:43:01.992
BTC,SELL,0.0001,9342484.000,2024-07-10 22:43:19.093
BTC,BUY,0.0080,9340361.000,2024-07-10 22:44:11.396
BTC,BUY,0.0001,9340666.000,2024-07-10 22:44:37.399
BTC,BUY,0.0001,9341032.000,2024-07-10 22:45:10.382
BTC,BUY,0.0001,9341328.000,2024-07-10 22:45:45.002
BTC,SELL,0.0001,9341327.000,2024-07-10 22:46:08.446
BTC,BUY,0.0001,9340685.000,2024-07-10 22:46:49.408
BTC,BUY,0.0024,9340685.000,2024-07-10 22:47:25.572
BTC,BUY,0.0001,9340685.000,2024-07-10 22:48:29.832
BTC,BUY,0.0003,9340685.000,2024-07-10 22:48:34.388
BTC,BUY,0.0001,9340998.000,2024-07-10 22:49:02.726
BTC,BUY,0.0005,9342354.000,2024-07-10 22:50:03.050
BTC,BUY,0.0001,9342348.000,2024-07-10 22:50:41.874
BTC,BUY,0.0002,9342348.000,2024-07-10 22:51:53.108
BTC,BUY,0.0001,9342348.000,2024-07-10 22:52:22.261
BTC,BUY,0.0001,9342348.000,2024-07-10 22:52:55.191
BTC,BUY,0.0032,9342348.000,2024-07-10 22:53:01.395
BTC,BUY,0.0002,9342348.000,2024-07-10 22:53:16.100
BTC,BUY,0.0001,9343120.000,2024-07-10 22:54:34.242
BTC,SELL,0.0001,9343622.000,2024-07-10 22:55:39.136
BTC,SELL,0.0099,9342757.000,2024-07-10 22:55:39.136
BTC,BUY,0.0034,9343478.000,2024-07-10 22:55:41.244
BTC,BUY,0.0001,9343384.000,2024-07-10 22:55:50.630
BTC,BUY,0.0022,9344306.000,2024-07-10 22:56:52.827
BTC,BUY,0.0001,9344271.000,2024-07-10 23:00:18.165
BTC,BUY,0.0002,9344271.000,2024-07-10 23:00:26.027
BTC,BUY,0.0001,9344271.000,2024-07-10 23:00:40.497
BTC,BUY,0.0001,9344271.000,2024-07-10 23:00:41.567
BTC,BUY,0.0001,9344271.000,2024-07-10 23:00:41.694
BTC,SELL,0.0001,9344270.000,2024-07-10 23:00:48.535
BTC,SELL,0.0001,9344270.000,2024-07-10 23:00:48.535
BTC,BUY,0.0004,9344271.000,2024-07-10 23:00:49.469
BTC,BUY,0.0010,9344271.000,2024-07-10 23:00:49.880
BTC,BUY,0.0003,9344271.000,2024-07-10 23:00:49.937
BTC,BUY,0.0003,9344271.000,2024-07-10 23:00:51.591
BTC,BUY,0.0001,9344271.000,2024-07-10 23:00:52.796
BTC,BUY,0.0010,9344271.000,2024-07-10 23:00:54.512
BTC,BUY,0.0001,9344271.000,2024-07-10 23:00:55.054
BTC,SELL,0.0001,9344270.000,2024-07-10 23:00:55.896
BTC,BUY,0.0100,9340553.000,2024-07-10 23:04:12.461
BTC,BUY,0.0100,9340553.000,2024-07-10 23:04:19.082
BTC,BUY,0.0050,9340553.000,2024-07-10 23:04:19.082
BTC,BUY,0.0099,9340553.000,2024-07-10 23:04:56.732
BTC,BUY,0.0101,9340553.000,2024-07-10 23:04:56.732
BTC,SELL,0.0001,9340552.000,2024-07-10 23:06:21.307
BTC,SELL,0.0001,9340084.000,2024-07-10 23:06:26.948
BTC,SELL,0.0005,9340000.000,2024-07-10 23:06:26.948
BTC,SELL,0.0001,9340000.000,2024-07-10 23:06:26.948
BTC,SELL,0.0003,9340000.000,2024-07-10 23:06:26.948
BTC,SELL,0.0002,9340000.000,2024-07-10 23:06:26.948
BTC,SELL,0.0097,9339000.000,2024-07-10 23:06:26.948
BTC,SELL,0.0050,9337014.000,2024-07-10 23:06:26.948
BTC,SELL,0.0022,9333266.000,2024-07-10 23:06:26.948
BTC,BUY,0.0016,9333119.000,2024-07-10 23:07:57.221
BTC,BUY,0.0090,9333120.000,2024-07-10 23:07:57.221
BTC,SELL,0.0003,9333000.000,2024-07-10 23:09:08.646
BTC,SELL,0.0001,9332999.000,2024-07-10 23:09:08.646
BTC,SELL,0.0005,9332489.000,2024-07-10 23:09:33.094
BTC,BUY,0.0001,9332524.000,2024-07-10 23:10:44.365
BTC,BUY,0.0002,9332560.000,2024-07-10 23:10:44.365
BTC,BUY,0.0005,9332490.000,2024-07-10 23:14:26.321
BTC,SELL,0.0005,9332489.000,2024-07-10 23:18:44.447
BTC,SELL,0.0001,9332489.000,2024-07-10 23:18:44.447
BTC,SELL,0.0013,9332489.000,2024-07-10 23:18:44.447
BTC,BUY,0.0099,9332490.000,2024-07-10 23:19:41.920
BTC,BUY,0.0001,9332491.000,2024-07-10 23:19:41.920
BTC,BUY,0.0001,9332962.000,2024-07-10 23:19:43.477
BTC,BUY,0.0001,9334388.000,2024-07-10 23:21:06.417
BTC,BUY,0.0009,9334880.000,2024-07-10 23:21:06.417
BTC,BUY,0.0001,9335800.000,2024-07-10 23:21:34.405
BTC,BUY,0.0025,9335920.000,2024-07-10 23:21:34.405
BTC,BUY,0.0024,9335950.000,2024-07-10 23:21:34.405
BTC,BUY,0.0010,9336240.000,2024-07-10 23:21:43.384
BTC,BUY,0.0100,9338277.000,2024-07-10 23:28:29.256
BTC,BUY,0.0050,9338277.000,2024-07-10 23:28:29.256
BTC,BUY,0.0050,9338277.000,2024-07-10 23:28:29.256
BTC,BUY,0.0001,9338277.000,2024-07-10 23:28:41.893
BTC,SELL,0.0001,9338276.000,2024-07-10 23:29:13.360
BTC,SELL,0.0101,9337414.000,2024-07-10 23:29:13.360
BTC,SELL,0.0246,9334984.000,2024-07-10 23:29:13.360
BTC,BUY,0.0001,9337090.000,2024-07-10 23:30:15.155
BTC,SELL,0.0001,9337576.000,2024-07-10 23:31:10.704
BTC,BUY,0.0115,9333280.000,2024-07-10 23:32:29.719
BTC,BUY,0.0001,9333306.000,2024-07-10 23:32:29.719
BTC,BUY,0.0518,9333315.000,2024-07-10 23:32:29.719
BTC,BUY,0.0050,9333330.000,2024-07-10 23:32:29.719
BTC,BUY,0.0022,9334716.000,2024-07-10 23:32:29.719
BTC,BUY,0.0955,9334720.000,2024-07-10 23:32:29.719
BTC,BUY,0.0339,9334725.000,2024-07-10 23:32:29.719
BTC,BUY,0.0031,9334257.000,2024-07-10 23:32:41.753
BTC,BUY,0.0023,9335520.000,2024-07-10 23:32:41.753
BTC,BUY,0.0001,9337090.000,2024-07-10 23:34:37.143
BTC,BUY,0.0001,9337090.000,2024-07-10 23:34:46.800
BTC,BUY,0.0099,9337434.000,2024-07-10 23:34:46.800
BTC,BUY,0.0901,9337434.000,2024-07-10 23:34:47.195
BTC,BUY,0.0060,9340365.000,2024-07-10 23:34:47.400
BTC,BUY,0.0050,9340365.000,2024-07-10 23:34:47.555
BTC,BUY,0.0233,9340365.000,2024-07-10 23:34:48.204
BTC,BUY,0.0001,9340365.000,2024-07-10 23:34:48.701
BTC,BUY,0.0340,9340365.000,2024-07-10 23:34:48.957
BTC,BUY,0.0316,9340365.000,2024-07-10 23:34:49.126
BTC,BUY,0.0050,9345658.000,2024-07-10 23:34:49.291
BTC,SELL,0.0001,9345886.000,2024-07-10 23:34:53.465
BTC,SELL,0.0030,9345855.000,2024-07-10 23:34:53.465
BTC,SELL,0.0098,9345855.000,2024-07-10 23:34:53.465
BTC,BUY,0.0050,9346550.000,2024-07-10 23:34:54.050
BTC,BUY,0.0005,9347443.000,2024-07-10 23:37:23.253
BTC,BUY,0.0001,9347469.000,2024-07-10 23:37:23.253
BTC,BUY,0.0344,9347610.000,2024-07-10 23:37:23.253
BTC,BUY,0.0070,9348140.000,2024-07-10 23:37:43.322
BTC,BUY,0.0007,9348455.000,2024-07-10 23:38:06.089
BTC,BUY,0.0001,9348455.000,2024-07-10 23:38:13.872
BTC,BUY,0.0054,9348670.000,2024-07-10 23:38:34.464
BTC,BUY,0.0100,9350000.000,2024-07-10 23:38:43.665
BTC,BUY,0.0031,9350000.000,2024-07-10 23:39:07.299
BTC,BUY,0.0001,9350000.000,2024-07-10 23:39:23.822
BTC,BUY,0.0018,9350000.000,2024-07-10 23:39:52.295
BTC,BUY,0.0042,9350896.000,2024-07-10 23:39:52.295
BTC,BUY,0.0020,9350896.000,2024-07-10 23:39:52.432
BTC,BUY,0.0540,9350511.000,2024-07-10 23:39:55.193
BTC,BUY,0.0004,9353558.000,2024-07-10 23:40:30.937
BTC,BUY,0.0096,9354690.000,2024-07-10 23:40:30.937
BTC,BUY,0.0300,9354690.000,2024-07-10 23:40:31.507
BTC,BUY,0.0002,9355483.000,2024-07-10 23:41:35.870
BTC,BUY,0.0001,9355519.000,2024-07-10 23:41:36.265
BTC,BUY,0.1000,9355555.000,2024-07-10 23:41:36.687
BTC,BUY,0.0001,9359270.000,2024-07-10 23:43:16.223
BTC,BUY,0.0003,9360000.000,2024-07-10 23:44:23.095
BTC,BUY,0.0013,9360000.000,2024-07-10 23:44:23.095
BTC,BUY,0.0008,9360903.000,2024-07-10 23:44:23.095
BTC,BUY,0.0123,9362695.000,2024-07-10 23:44:23.718
BTC,BUY,0.0001,9365915.000,2024-07-10 23:44:24.043
BTC,BUY,0.0380,9366160.000,2024-07-10 23:44:24.043
BTC,BUY,0.0002,9366690.000,2024-07-10 23:44:25.722
BTC,SELL,0.0001,9367748.000,2024-07-10 23:45:37.823
BTC,SELL,0.0299,9365985.000,2024-07-10 23:45:37.823
BTC,SELL,0.0001,9365895.000,2024-07-10 23:46:26.535
BTC,SELL,0.0600,9363047.000,2024-07-10 23:46:26.535
BTC,BUY,0.0001,9363637.000,2024-07-10 23:47:08.937
BTC,SELL,0.0001,9363636.000,2024-07-10 23:47:58.837
BTC,BUY,0.0013,9360001.000,2024-07-10 23:49:05.307
BTC,SELL,0.0010,9360000.000,2024-07-10 23:49:23.034
BTC,SELL,0.0040,9360000.000,2024-07-10 23:49:23.034
BTC,BUY,0.0079,9360001.000,2024-07-10 23:49:24.171
BTC,BUY,0.0021,9360001.000,2024-07-10 23:49:24.171
BTC,BUY,0.0250,9360001.000,2024-07-10 23:49:24.368
BTC,BUY,0.0005,9360001.000,2024-07-10 23:49:42.851
BTC,BUY,0.0020,9360001.000,2024-07-10 23:49:42.980
BTC,BUY,0.0100,9360001.000,2024-07-10 23:50:40.483
BTC,BUY,0.0028,9360001.000,2024-07-10 23:50:40.483
BTC,BUY,0.0100,9360001.000,2024-07-10 23:50:40.483
BTC,BUY,0.0022,9360001.000,2024-07-10 23:50:40.483
BTC,BUY,0.0001,9360001.000,2024-07-10 23:51:01.247
BTC,SELL,0.0050,9360000.000,2024-07-10 23:51:15.595
BTC,SELL,0.0060,9360000.000,2024-07-10 23:51:15.632
BTC,SELL,0.0050,9360000.000,2024-07-10 23:51:17.935
BTC,SELL,0.0001,9359990.000,2024-07-10 23:51:23.100
BTC,BUY,0.0040,9359840.000,2024-07-10 23:51:24.363
BTC,BUY,0.0006,9359750.000,2024-07-10 23:51:25.776
BTC,BUY,0.0007,9352650.000,2024-07-10 23:51:40.901
BTC,BUY,0.0001,9351490.000,2024-07-10 23:51:53.260
BTC,BUY,0.0001,9350010.000,2024-07-10 23:52:55.298
BTC,BUY,0.0100,9351501.000,2024-07-10 23:53:50.155
BTC,BUY,0.0200,9351501.000,2024-07-10 23:53:50.155
BTC,BUY,0.0005,9351501.000,2024-07-10 23:54:07.634
BTC,BUY,0.0001,9351501.000,2024-07-10 23:54:20.540
BTC,BUY,0.0001,9351501.000,2024-07-10 23:54:53.732
BTC,BUY,0.0001,9351501.000,2024-07-10 23:55:02.707
BTC,BUY,0.0001,9351501.000,2024-07-10 23:55:30.029
BTC,BUY,0.0005,9351501.000,2024-07-10 23:56:21.309
BTC,BUY,0.0001,9351501.000,2024-07-10 23:58:13.358
BTC,BUY,0.0001,9351501.000,2024-07-10 23:58:46.342
BTC,SELL,0.0050,9351500.000,2024-07-11 00:00:14.730
BTC,SELL,0.0160,9351500.000,2024-07-11 00:00:16.669
BTC,SELL,0.0001,9351499.000,2024-07-11 00:00:16.669
BTC,SELL,0.0001,9351458.000,2024-07-11 00:00:18.157
BTC,SELL,0.0149,9350000.000,2024-07-11 00:00:18.157
BTC,SELL,0.0001,9351432.000,2024-07-11 00:00:18.428
BTC,SELL,0.0194,9350000.000,2024-07-11 00:00:18.428
BTC,SELL,0.0073,9350000.000,2024-07-11 00:00:22.484
BTC,SELL,0.0934,9350000.000,2024-07-11 00:00:24.063
BTC,BUY,0.0001,9349850.000,2024-07-11 00:00:27.985
BTC,BUY,0.0005,9345659.000,2024-07-11 00:00:46.517
BTC,SELL,0.0003,9345658.000,2024-07-11 00:00:54.282
BTC,BUY,0.0010,9345659.000,2024-07-11 00:00:55.525
BTC,SELL,0.0011,9345658.000,2024-07-11 00:01:01.840
BTC,SELL,0.0004,9345658.000,2024-07-11 00:01:03.326
BTC,SELL,0.0020,9342153.000,2024-07-11 00:01:08.011
BTC,SELL,0.0090,9334400.000,2024-07-11 00:01:27.118
BTC,BUY,0.0001,9333034.000,2024-07-11 00:02:05.838
BTC,SELL,0.0003,9333000.000,2024-07-11 00:02:13.180
BTC,SELL,0.0001,9332974.000,2024-07-11 00:02:13.180
BTC,SELL,0.0001,9330000.000,2024-07-11 00:02:13.180
BTC,SELL,0.0020,9330000.000,2024-07-11 00:02:13.180
BTC,SELL,0.0010,9330000.000,2024-07-11 00:02:13.180
BTC,SELL,0.0065,9327204.000,2024-07-11 00:02:13.180
BTC,BUY,0.0001,9327928.000,2024-07-11 00:02:35.241
BTC,BUY,0.0001,9327952.000,2024-07-11 00:04:49.966
BTC,BUY,0.0001,9327622.000,2024-07-11 00:05:28.046
BTC,BUY,0.0009,9327631.000,2024-07-11 00:05:28.046
BTC,BUY,0.0010,9327603.000,2024-07-11 00:05:43.703
BTC,SELL,0.0002,9327602.000,2024-07-11 00:05:53.584
BTC,BUY,0.0100,9327603.000,2024-07-11 00:05:56.288
BTC,BUY,0.0070,9327603.000,2024-07-11 00:05:59.476
BTC,SELL,0.0002,9327602.000,2024-07-11 00:06:51.346
BTC,SELL,0.0001,9327601.000,2024-07-11 00:06:51.346
BTC,SELL,0.0027,9327162.000,2024-07-11 00:06:51.346
BTC,SELL,0.0028,9325356.000,2024-07-11 00:06:51.346
BTC,SELL,0.0142,9321398.000,2024-07-11 00:06:51.346
BTC,BUY,0.0001,9320916.000,2024-07-11 00:07:14.559
BTC,BUY,0.0049,9322134.000,2024-07-11 00:07:14.559
BTC,BUY,0.0001,9320935.000,2024-07-11 00:07:25.165
BTC,BUY,0.0090,9322134.000,2024-07-11 00:07:25.165
BTC,BUY,0.0189,9322700.000,2024-07-11 00:07:25.165
BTC,BUY,0.0001,9321088.000,2024-07-11 00:07:30.716
BTC,BUY,0.0029,9323349.000,2024-07-11 00:07:30.716
BTC,BUY,0.0001,9325092.000,2024-07-11 00:10:48.132
BTC,BUY,0.0001,9325534.000,2024-07-11 00:11:33.055
BTC,SELL,0.0002,9326299.000,2024-07-11 00:13:16.439
BTC,SELL,0.0001,9326280.000,2024-07-11 00:13:20.990
BTC,SELL,0.0001,9320072.000,2024-07-11 00:13:23.649
BTC,SELL,0.0015,9320000.000,2024-07-11 00:13:23.649
BTC,BUY,0.0010,9321640.000,2024-07-11 00:16:22.388
BTC,SELL,0.0001,9323644.000,2024-07-11 00:18:31.597
BTC,SELL,0.0065,9320000.000,2024-07-11 00:18:36.539
BTC,SELL,0.0003,9320000.000,2024-07-11 00:18:36.539
BTC,SELL,0.0010,9320000.000,2024-07-11 00:18:36.539
BTC,SELL,0.0003,9320000.000,2024-07-11 00:18:36.539
BTC,SELL,0.0007,9320000.000,2024-07-11 00:18:36.539
BTC,SELL,0.0001,9319999.000,2024-07-11 00:18:36.539
BTC,SELL,0.0001,9317402.000,2024-07-11 00:18:49.802
BTC,SELL,0.0001,9317402.000,2024-07-11 00:18:49.802
BTC,SELL,0.0001,9317402.000,2024-07-11 00:18:52.220
BTC,SELL,0.0001,9317346.000,2024-07-11 00:18:53.914
BTC,SELL,0.0001,9310444.000,2024-07-11 00:18:53.914
BTC,SELL,0.0003,9310000.000,2024-07-11 00:18:53.914
BTC,SELL,0.0003,9310000.000,2024-07-11 00:18:53.914
BTC,SELL,0.0002,9310000.000,2024-07-11 00:18:53.914
BTC,SELL,0.0190,9309000.000,2024-07-11 00:18:53.914
BTC,SELL,0.0100,9309000.000,2024-07-11 00:18:59.422
BTC,BUY,0.0001,9309001.000,2024-07-11 00:18:59.534
BTC,SELL,0.0100,9309000.000,2024-07-11 00:19:03.012
BTC,SELL,0.0091,9309000.000,2024-07-11 00:19:03.559
BTC,SELL,0.0006,9309000.000,2024-07-11 00:19:06.866
BTC,SELL,0.0013,9309000.000,2024-07-11 00:19:10.535
BTC,SELL,0.0001,9308974.000,2024-07-11 00:19:10.535
BTC,BUY,0.0001,9306270.000,2024-07-11 00:20:21.347
BTC,BUY,0.0001,9308366.000,2024-07-11 00:20:22.210
BTC,BUY,0.0099,9308390.000,2024-07-11 00:20:22.210
BTC,BUY,0.0001,9308366.000,2024-07-11 00:20:24.123
BTC,BUY,0.0050,9308920.000,2024-07-11 00:20:24.449
BTC,BUY,0.0001,9308934.000,2024-07-11 00:20:31.990
BTC,BUY,0.0006,9309450.000,2024-07-11 00:20:31.990
BTC,BUY,0.0001,9309994.000,2024-07-11 00:21:02.814
BTC,BUY,0.0049,9311040.000,2024-07-11 00:21:02.814
BTC,BUY,0.0001,9311908.000,2024-07-11 00:21:32.783
BTC,BUY,0.0041,9314220.000,2024-07-11 00:21:32.984
BTC,BUY,0.0020,9314750.000,2024-07-11 00:21:33.358
BTC,BUY,0.0001,9314258.000,2024-07-11 00:21:33.551
BTC,BUY,0.0036,9314750.000,2024-07-11 00:21:33.551
BTC,BUY,0.0002,9315810.000,2024-07-11 00:21:34.745
BTC,BUY,0.0157,9316340.000,2024-07-11 00:21:44.475
BTC,BUY,0.0100,9317400.000,2024-07-11 00:21:51.235
BTC,BUY,0.0100,9318990.000,2024-07-11 00:22:01.993
BTC,BUY,0.0002,9320144.000,2024-07-11 00:22:02.810
BTC,BUY,0.0048,9321110.000,2024-07-11 00:22:02.810
BTC,BUY,0.0200,9321640.000,2024-07-11 00:22:03.454
BTC,BUY,0.0050,9322170.000,2024-07-11 00:22:04.325
BTC,BUY,0.0005,9324290.000,2024-07-11 00:22:54.429
BTC,BUY,0.0056,9325880.000,2024-07-11 00:23:22.419
BTC,BUY,0.0016,9326940.000,2024-07-11 00:23:23.288
BTC,SELL,0.0001,9330095.000,2024-07-11 00:25:19.031
BTC,SELL,0.0001,9328488.000,2024-07-11 00:25:42.172
BTC,BUY,0.0002,9327781.000,2024-07-11 00:26:31.655
BTC,BUY,0.0002,9327781.000,2024-07-11 00:26:32.617
BTC,SELL,0.0001,9327780.000,2024-07-11 00:26:43.622
BTC,SELL,0.0050,9326940.000,2024-07-11 00:26:44.369
BTC,SELL,0.0010,9320000.000,2024-07-11 00:26:44.697
BTC,SELL,0.0040,9317695.000,2024-07-11 00:26:44.697
BTC,SELL,0.0001,9320048.000,2024-07-11 00:26:47.489
BTC,SELL,0.0001,9315250.000,2024-07-11 00:26:52.997
BTC,BUY,0.0010,9316830.000,2024-07-11 00:27:02.405
BTC,SELL,0.0001,9316792.000,2024-07-11 00:27:22.180
BTC,BUY,0.0001,9309608.000,2024-07-11 00:28:27.473
BTC,BUY,0.0002,9309619.000,2024-07-11 00:28:27.473
BTC,SELL,0.0001,9309383.000,2024-07-11 00:30:15.337
BTC,BUY,0.0333,9309250.000,2024-07-11 00:30:20.865
BTC,BUY,0.0667,9309252.000,2024-07-11 00:30:20.865
BTC,SELL,0.0001,9309216.000,2024-07-11 00:30:21.311
BTC,SELL,0.0001,9309112.000,2024-07-11 00:30:24.104
BTC,SELL,0.0001,9308998.000,2024-07-11 00:30:26.783
BTC,SELL,0.0001,9306240.000,2024-07-11 00:30:31.231
BTC,BUY,0.0001,9302236.000,2024-07-11 00:30:52.729
BTC,BUY,0.0049,9303435.000,2024-07-11 00:30:52.729
BTC,BUY,0.0001,9300880.000,2024-07-11 00:31:25.965
BTC,BUY,0.0001,9300418.000,2024-07-11 00:31:38.410
BTC,BUY,0.0014,9300466.000,2024-07-11 00:31:38.410
BTC,BUY,0.0001,9300242.000,2024-07-11 00:33:36.286
BTC,BUY,0.0009,9301500.000,2024-07-11 00:33:36.286
BTC,BUY,0.0001,9302030.000,2024-07-11 00:33:36.815
BTC,SELL,0.0112,9301527.000,2024-07-11 00:35:00.665
BTC,BUY,0.0001,9301528.000,2024-07-11 00:35:12.388
BTC,BUY,0.0009,9302560.000,2024-07-11 00:35:12.388
BTC,SELL,0.0001,9302746.000,2024-07-11 00:35:49.373
BTC,SELL,0.0002,9302746.000,2024-07-11 00:35:49.373
BTC,SELL,0.0197,9301530.000,2024-07-11 00:35:49.373
BTC,SELL,0.0002,9302746.000,2024-07-11 00:35:54.971
BTC,SELL,0.0001,9302745.000,2024-07-11 00:35:54.971
BTC,SELL,0.0197,9301530.000,2024-07-11 00:35:54.971
BTC,BUY,0.0036,9301531.000,2024-07-11 00:36:12.415
BTC,SELL,0.0006,9301530.000,2024-07-11 00:36:20.489
BTC,SELL,0.0001,9301516.000,2024-07-11 00:36:20.489
BTC,SELL,0.0001,9300236.000,2024-07-11 00:36:20.489
BTC,SELL,0.0392,9300006.000,2024-07-11 00:36:20.489
BTC,BUY,0.0005,9301531.000,2024-07-11 00:36:20.497
BTC,SELL,0.0100,9300006.000,2024-07-11 00:36:34.104
BTC,SELL,0.0050,9300006.000,2024-07-11 00:36:34.117
BTC,SELL,0.0105,9300006.000,2024-07-11 00:36:34.398
BTC,SELL,0.0400,9300006.000,2024-07-11 00:36:34.556
BTC,SELL,0.0050,9300006.000,2024-07-11 00:36:34.659
BTC,SELL,0.0103,9300006.000,2024-07-11 00:36:34.830
BTC,SELL,0.0003,9300000.000,2024-07-11 00:36:34.830
BTC,SELL,0.0003,9300000.000,2024-07-11 00:36:34.830
BTC,SELL,0.0003,9300000.000,2024-07-11 00:36:34.830
BTC,SELL,0.0001,9300000.000,2024-07-11 00:36:34.830
BTC,SELL,0.0012,9300000.000,2024-07-11 00:36:34.830
BTC,SELL,0.0008,9300000.000,2024-07-11 00:36:35.414
BTC,SELL,0.0002,9300000.000,2024-07-11 00:36:35.414
BTC,SELL,0.0001,9300000.000,2024-07-11 00:36:35.414
BTC,SELL,0.0060,9300000.000,2024-07-11 00:36:35.414
BTC,SELL,0.0029,9300000.000,2024-07-11 00:36:35.414
BTC,SELL,0.0071,9300000.000,2024-07-11 00:36:35.701
BTC,SELL,0.0086,9300000.000,2024-07-11 00:36:35.701
BTC,SELL,0.0114,9300000.000,2024-07-11 00:36:35.707
BTC,SELL,0.0010,9300000.000,2024-07-11 00:36:35.707
BTC,SELL,0.0002,9300000.000,2024-07-11 00:36:35.707
BTC,SELL,0.0001,9300000.000,2024-07-11 00:36:35.707
BTC,SELL,0.0411,9300000.000,2024-07-11 00:36:35.707
BTC,SELL,0.0500,9300000.000,2024-07-11 00:36:35.714
BTC,SELL,0.0089,9300000.000,2024-07-11 00:36:35.867
BTC,SELL,0.0001,9299974.000,2024-07-11 00:36:35.867
BTC,SELL,0.0008,9298000.000,2024-07-11 00:36:35.867
BTC,SELL,0.0001,9296287.000,2024-07-11 00:36:35.867
BTC,SELL,0.0030,9290707.000,2024-07-11 00:36:36.314
BTC,SELL,0.0500,9290707.000,2024-07-11 00:36:36.552
BTC,SELL,0.0001,9290592.000,2024-07-11 00:36:38.786
BTC,SELL,0.0003,9290000.000,2024-07-11 00:36:38.786
BTC,SELL,0.0003,9290000.000,2024-07-11 00:36:38.786
BTC,SELL,0.0043,9288462.000,2024-07-11 00:36:38.786
BTC,SELL,0.0005,9288462.000,2024-07-11 00:36:40.669
BTC,SELL,0.0019,9286396.000,2024-07-11 00:37:05.499
BTC,BUY,0.0001,9286183.000,2024-07-11 00:37:09.731
BTC,BUY,0.0119,9288780.000,2024-07-11 00:37:09.731
BTC,BUY,0.0001,9287844.000,2024-07-11 00:37:42.948
BTC,BUY,0.0049,9288175.000,2024-07-11 00:37:42.948
BTC,BUY,0.0041,9288175.000,2024-07-11 00:37:43.127
BTC,BUY,0.0020,9288175.000,2024-07-11 00:37:43.163
BTC,BUY,0.0070,9288175.000,2024-07-11 00:37:43.287
BTC,BUY,0.0020,9288175.000,2024-07-11 00:37:43.404
BTC,BUY,0.0001,9288127.000,2024-07-11 00:37:44.660
BTC,BUY,0.0049,9288175.000,2024-07-11 00:37:44.660
BTC,BUY,0.0100,9290900.000,2024-07-11 00:37:45.098
BTC,BUY,0.0001,9287202.000,2024-07-11 00:38:58.397
BTC,BUY,0.0010,9290230.000,2024-07-11 00:38:58.397
BTC,BUY,0.0001,9290246.000,2024-07-11 00:39:12.765
BTC,BUY,0.0020,9290900.000,2024-07-11 00:39:12.765
BTC,BUY,0.0020,9290919.000,2024-07-11 00:39:18.187
BTC,BUY,0.0001,9291696.000,2024-07-11 00:41:03.814
BTC,SELL,0.0004,9291202.000,2024-07-11 00:43:00.502
BTC,SELL,0.0001,9290000.000,2024-07-11 00:43:46.172
BTC,SELL,0.0046,9286000.000,2024-07-11 00:43:46.172
BTC,BUY,0.0005,9286500.000,2024-07-11 00:44:10.848
BTC,SELL,0.0277,9286000.000,2024-07-11 00:45:24.872
BTC,SELL,0.0002,9285000.000,2024-07-11 00:45:24.872
BTC,SELL,0.0269,9281989.000,2024-07-11 00:45:24.872
BTC,BUY,0.0002,9285068.000,2024-07-11 00:45:40.102
BTC,BUY,0.0010,9298320.000,2024-07-11 00:47:04.480
BTC,BUY,0.0001,9295241.000,2024-07-11 00:47:40.749
BTC,BUY,0.0002,9295241.000,2024-07-11 00:49:04.358
BTC,SELL,0.0100,9296350.000,2024-07-11 00:51:03.343
BTC,SELL,0.0042,9296350.000,2024-07-11 00:51:49.508
BTC,SELL,0.0050,9296351.000,2024-07-11 00:51:55.091
BTC,SELL,0.0030,9296750.000,2024-07-11 00:52:06.893
BTC,BUY,0.0005,9299999.000,2024-07-11 00:52:39.756
BTC,BUY,0.0002,9300000.000,2024-07-11 00:53:06.953
BTC,SELL,0.0020,9300400.000,2024-07-11 00:53:14.265
BTC,BUY,0.0012,9300969.000,2024-07-11 00:54:12.836
BTC,BUY,0.0010,9301499.000,2024-07-11 00:54:17.165
BTC,BUY,0.0145,9301569.000,2024-07-11 00:54:46.597
BTC,BUY,0.0200,9301569.000,2024-07-11 00:54:46.740
BTC,BUY,0.0023,9302067.000,2024-07-11 00:54:49.370
BTC,BUY,0.0002,9302068.000,2024-07-11 00:54:49.370
BTC,BUY,0.0025,9303022.000,2024-07-11 00:54:49.370
BTC,BUY,0.0050,9306647.000,2024-07-11 00:55:18.808
BTC,BUY,0.0001,9307505.000,2024-07-11 00:56:42.614
BTC,BUY,0.6000,9311040.000,2024-07-11 00:56:42.614
BTC,BUY,0.0112,9311456.000,2024-07-11 00:56:42.614
BTC,BUY,1.0000,9311570.000,2024-07-11 00:56:42.614
BTC,BUY,0.0002,9311626.000,2024-07-11 00:56:42.614
BTC,BUY,0.3885,9312100.000,2024-07-11 00:56:42.614
BTC,BUY,0.5000,9313690.000,2024-07-11 00:57:33.505
BTC,BUY,0.0001,9313723.000,2024-07-11 00:57:33.505
BTC,BUY,0.4999,9314220.000,2024-07-11 00:57:33.505
BTC,BUY,0.0001,9314750.000,2024-07-11 00:57:39.896
BTC,BUY,0.0268,9321640.000,2024-07-11 00:58:39.028
BTC,BUY,0.0387,9320232.000,2024-07-11 00:58:39.335
BTC,BUY,0.0930,9320369.000,2024-07-11 00:58:43.970
BTC,BUY,0.0070,9320369.000,2024-07-11 00:58:44.671
BTC,BUY,0.0128,9321796.000,2024-07-11 00:58:48.850
BTC,BUY,0.0041,9321796.000,2024-07-11 00:58:48.897
BTC,BUY,0.0050,9321796.000,2024-07-11 00:58:49.087
BTC,BUY,0.0125,9321796.000,2024-07-11 00:58:49.364
BTC,BUY,0.0060,9321796.000,2024-07-11 00:58:49.480
BTC,BUY,0.0050,9321796.000,2024-07-11 00:58:49.611
BTC,BUY,0.0162,9321796.000,2024-07-11 00:58:49.798
BTC,BUY,0.0297,9321796.000,2024-07-11 00:58:49.800
BTC,BUY,0.0050,9322170.000,2024-07-11 00:59:17.973
BTC,BUY,0.0001,9322700.000,2024-07-11 01:00:20.931
BTC,SELL,0.0001,9322700.000,2024-07-11 01:00:22.862
BTC,SELL,0.0001,9322701.000,2024-07-11 01:00:23.523
BTC,SELL,0.0001,9322701.000,2024-07-11 01:00:23.682
BTC,SELL,0.0001,9322701.000,2024-07-11 01:00:23.788
BTC,SELL,0.0004,9322750.000,2024-07-11 01:00:24.793
BTC,SELL,0.0010,9322750.000,2024-07-11 01:00:25.026
BTC,SELL,0.0003,9322750.000,2024-07-11 01:00:25.183
BTC,SELL,0.0001,9322750.000,2024-07-11 01:00:25.353
BTC,SELL,0.0010,9322751.000,2024-07-11 01:00:25.481
BTC,SELL,0.0001,9322751.000,2024-07-11 01:00:25.606
BTC,BUY,0.0001,9323230.000,2024-07-11 01:00:26.028
BTC,SELL,0.0005,9322951.000,2024-07-11 01:00:33.729
BTC,BUY,0.0001,9324290.000,2024-07-11 01:00:42.928
BTC,BUY,0.0002,9324820.000,2024-07-11 01:00:57.127
BTC,BUY,0.0001,9324290.000,2024-07-11 01:01:06.276
BTC,BUY,0.0025,9318836.000,2024-07-11 01:02:22.473
BTC,BUY,0.0075,9321245.000,2024-07-11 01:02:22.473
BTC,BUY,0.0001,9310501.000,2024-07-11 01:04:39.036
BTC,BUY,0.0300,9312100.000,2024-07-11 01:05:23.065
BTC,BUY,0.0002,9315000.000,2024-07-11 01:05:30.744
BTC,BUY,0.0119,9317400.000,2024-07-11 01:05:30.744
BTC,SELL,0.0020,9317900.000,2024-07-11 01:05:48.260
BTC,BUY,0.0007,9320050.000,2024-07-11 01:06:08.936
BTC,BUY,0.0012,9320580.000,2024-07-11 01:06:15.811
BTC,BUY,0.0007,9321110.000,2024-07-11 01:06:16.877
BTC,BUY,0.0016,9322170.000,2024-07-11 01:06:18.132
BTC,SELL,0.0015,9321760.000,2024-07-11 01:06:31.657
BTC,SELL,0.0070,9321701.000,2024-07-11 01:06:31.657
BTC,SELL,0.0004,9322600.000,2024-07-11 01:07:17.492
BTC,BUY,0.1000,9323230.000,2024-07-11 01:07:52.437
BTC,BUY,0.0002,9325000.000,2024-07-11 01:07:56.387
BTC,BUY,0.0050,9326940.000,2024-07-11 01:07:59.119
BTC,BUY,0.0153,9327470.000,2024-07-11 01:08:02.220
BTC,BUY,0.0010,9327450.000,2024-07-11 01:09:18.242
BTC,SELL,0.0050,9324000.000,2024-07-11 01:10:05.765
BTC,SELL,0.0535,9324000.000,2024-07-11 01:10:05.833
BTC,SELL,0.0020,9324000.000,2024-07-11 01:10:06.216
BTC,SELL,0.0050,9324000.000,2024-07-11 01:10:06.249
BTC,SELL,0.0050,9324000.000,2024-07-11 01:10:06.772
BTC,SELL,0.0147,9324000.000,2024-07-11 01:10:13.181
BTC,SELL,0.0100,9324000.000,2024-07-11 01:10:17.096
BTC,SELL,0.0048,9324000.000,2024-07-11 01:10:18.781
BTC,SELL,0.0002,9320480.000,2024-07-11 01:10:18.781
BTC,SELL,0.0013,9321550.000,2024-07-11 01:12:42.573
BTC,SELL,0.0003,9321550.000,2024-07-11 01:15:04.424
BTC,SELL,0.0006,9321000.000,2024-07-11 01:15:15.869
BTC,BUY,0.0010,9321001.000,2024-07-11 01:15:33.157
BTC,BUY,0.0001,9321001.000,2024-07-11 01:15:38.423
BTC,BUY,0.0001,9321001.000,2024-07-11 01:16:12.522
BTC,SELL,0.0004,9321000.000,2024-07-11 01:16:14.811
BTC,SELL,0.0008,9320480.000,2024-07-11 01:16:15.108
BTC,SELL,0.0002,9320000.000,2024-07-11 01:16:15.108
BTC,SELL,0.0008,9320000.000,2024-07-11 01:16:16.112
BTC,SELL,0.0050,9320000.000,2024-07-11 01:16:16.112
BTC,SELL,0.0050,9311756.000,2024-07-11 01:16:18.619
BTC,SELL,0.0004,9310880.000,2024-07-11 01:16:20.528
BTC,BUY,0.0007,9311570.000,2024-07-11 01:16:36.168
BTC,SELL,0.0500,9312099.000,2024-07-11 01:17:49.162
BTC,BUY,0.0001,9312630.000,2024-07-11 01:17:53.820
BTC,BUY,0.0004,9314220.000,2024-07-11 01:19:17.850
BTC,BUY,0.0001,9314850.000,2024-07-11 01:23:23.214
BTC,BUY,0.1000,9315280.000,2024-07-11 01:24:11.256
BTC,BUY,0.0001,9316176.000,2024-07-11 01:24:15.579
BTC,BUY,0.0001,9316301.000,2024-07-11 01:24:16.397
BTC,BUY,0.0100,9316870.000,2024-07-11 01:24:17.341
BTC,BUY,0.0100,9317930.000,2024-07-11 01:24:19.181
BTC,BUY,0.0057,9318990.000,2024-07-11 01:24:45.049
BTC,BUY,0.0051,9319520.000,2024-07-11 01:25:03.579
BTC,BUY,0.0030,9321810.000,2024-07-11 01:25:15.028
BTC,BUY,0.0020,9320832.000,2024-07-11 01:25:22.001
BTC,BUY,0.0001,9323664.000,2024-07-11 01:25:25.734
BTC,BUY,0.0001,9323664.000,2024-07-11 01:25:38.689
BTC,SELL,0.0015,9320700.000,2024-07-11 01:25:43.995
BTC,BUY,0.0010,9323600.000,2024-07-11 01:25:45.019
BTC,SELL,0.0015,9320850.000,2024-07-11 01:25:49.498
BTC,BUY,0.0500,9321640.000,2024-07-11 01:25:58.175
BTC,BUY,0.0002,9323805.000,2024-07-11 01:25:58.858
BTC,BUY,0.0048,9323816.000,2024-07-11 01:25:58.858
BTC,BUY,0.0500,9324820.000,2024-07-11 01:26:13.195
BTC,BUY,0.0050,9325350.000,2024-07-11 01:26:14.041
BTC,BUY,0.0250,9325350.000,2024-07-11 01:26:14.124
BTC,BUY,0.0001,9325397.000,2024-07-11 01:26:15.049
BTC,BUY,0.0049,9326410.000,2024-07-11 01:26:15.049
BTC,BUY,0.0010,9328000.000,2024-07-11 01:26:48.377
BTC,BUY,0.0010,9328720.000,2024-07-11 01:27:10.505
BTC,BUY,0.0001,9328720.000,2024-07-11 01:27:15.735
BTC,BUY,0.0149,9323615.000,2024-07-11 01:27:49.015
BTC,BUY,0.0001,9324200.000,2024-07-11 01:29:31.495
BTC,BUY,0.0030,9324200.000,2024-07-11 01:29:33.493
BTC,BUY,0.0065,9324880.000,2024-07-11 01:30:46.995
BTC,BUY,0.0235,9324958.000,2024-07-11 01:30:46.995
BTC,BUY,0.0001,9322965.000,2024-07-11 01:31:08.502
BTC,BUY,0.0001,9319775.000,2024-07-11 01:31:42.095
BTC,BUY,0.0050,9322170.000,2024-07-11 01:32:08.788
BTC,BUY,0.0001,9322700.000,2024-07-11 01:33:24.263
BTC,SELL,0.0004,9322050.000,2024-07-11 01:33:52.523
BTC,SELL,0.0004,9322000.000,2024-07-11 01:34:20.044
BTC,BUY,0.0005,9320150.000,2024-07-11 01:35:23.253
BTC,BUY,0.0001,9322700.000,2024-07-11 01:37:16.920
BTC,BUY,0.0202,9323816.000,2024-07-11 01:37:47.238
BTC,BUY,0.0050,9323816.000,2024-07-11 01:37:47.369
BTC,BUY,0.1000,9323816.000,2024-07-11 01:37:47.679
BTC,BUY,0.1000,9323816.000,2024-07-11 01:37:47.772
BTC,BUY,0.0050,9323816.000,2024-07-11 01:37:47.855
BTC,BUY,0.0045,9323816.000,2024-07-11 01:37:47.987
BTC,BUY,0.0129,9323816.000,2024-07-11 01:37:48.050
BTC,BUY,0.0050,9323816.000,2024-07-11 01:37:48.329
BTC,BUY,0.0002,9323816.000,2024-07-11 01:37:48.646
BTC,BUY,0.0200,9323816.000,2024-07-11 01:37:48.710
BTC,BUY,0.0108,9323816.000,2024-07-11 01:37:48.905
BTC,BUY,0.1000,9323816.000,2024-07-11 01:37:49.133
BTC,BUY,0.0500,9323816.000,2024-07-11 01:37:49.137
BTC,BUY,0.0030,9323816.000,2024-07-11 01:37:49.199
BTC,BUY,0.0050,9323816.000,2024-07-11 01:37:49.412
BTC,BUY,0.1000,9323816.000,2024-07-11 01:37:49.472
BTC,BUY,0.0400,9323816.000,2024-07-11 01:37:49.474
BTC,BUY,0.0950,9323816.000,2024-07-11 01:37:49.607
BTC,BUY,0.1000,9323816.000,2024-07-11 01:37:49.738
BTC,BUY,0.0246,9323816.000,2024-07-11 01:37:49.781
BTC,BUY,0.0200,9323816.000,2024-07-11 01:37:49.897
BTC,BUY,0.0100,9323816.000,2024-07-11 01:37:49.899
BTC,BUY,0.0050,9323816.000,2024-07-11 01:37:50.391
BTC,BUY,0.0100,9323816.000,2024-07-11 01:37:50.436
BTC,BUY,0.0140,9323816.000,2024-07-11 01:37:50.439
BTC,BUY,0.0237,9323816.000,2024-07-11 01:37:50.721
BTC,BUY,0.1000,9323816.000,2024-07-11 01:37:50.804
BTC,BUY,0.0100,9323816.000,2024-07-11 01:37:51.143
BTC,BUY,0.1000,9323816.000,2024-07-11 01:37:51.177
BTC,BUY,0.0050,9323816.000,2024-07-11 01:37:51.368
BTC,BUY,0.0202,9323816.000,2024-07-11 01:37:51.619
BTC,BUY,0.0105,9323816.000,2024-07-11 01:37:51.707
BTC,BUY,0.0100,9323816.000,2024-07-11 01:37:51.939
BTC,BUY,0.0034,9323816.000,2024-07-11 01:37:52.085
BTC,BUY,0.0100,9323816.000,2024-07-11 01:37:52.128
BTC,BUY,0.0110,9323816.000,2024-07-11 01:37:52.697
BTC,BUY,0.0008,9323816.000,2024-07-11 01:37:52.909
BTC,BUY,0.0042,9329060.000,2024-07-11 01:37:52.909
BTC,BUY,0.0030,9329590.000,2024-07-11 01:37:53.457
BTC,BUY,0.0003,9330000.000,2024-07-11 01:37:54.209
BTC,BUY,0.0047,9330650.000,2024-07-11 01:37:54.209
BTC,BUY,0.0098,9331710.000,2024-07-11 01:37:56.963
BTC,BUY,0.0001,9332430.000,2024-07-11 01:37:58.241
BTC,BUY,0.0010,9332770.000,2024-07-11 01:37:58.241
BTC,BUY,0.0004,9333186.000,2024-07-11 01:38:16.774
BTC,BUY,0.0002,9333830.000,2024-07-11 01:38:17.286
BTC,BUY,0.0127,9334614.000,2024-07-11 01:38:18.436
BTC,BUY,0.0255,9334614.000,2024-07-11 01:38:18.573
BTC,BUY,0.0050,9334614.000,2024-07-11 01:38:18.826
BTC,BUY,0.0030,9334614.000,2024-07-11 01:38:18.907
BTC,BUY,0.0322,9334614.000,2024-07-11 01:38:19.082
BTC,BUY,0.0216,9334614.000,2024-07-11 01:38:19.149
BTC,BUY,0.0002,9335389.000,2024-07-11 01:38:19.503
BTC,BUY,0.0002,9337601.000,2024-07-11 01:38:19.560
BTC,BUY,0.0001,9338132.000,2024-07-11 01:38:19.560
BTC,BUY,0.0100,9339922.000,2024-07-11 01:38:19.632
BTC,BUY,0.0003,9340000.000,2024-07-11 01:38:19.632
BTC,BUY,0.0567,9342310.000,2024-07-11 01:38:19.955
BTC,BUY,0.0241,9343370.000,2024-07-11 01:38:25.352
BTC,BUY,0.0012,9346020.000,2024-07-11 01:38:39.508
BTC,BUY,0.0010,9346020.000,2024-07-11 01:38:39.571
BTC,BUY,0.0050,9348670.000,2024-07-11 01:38:45.259
BTC,BUY,0.1000,9348575.000,2024-07-11 01:38:45.787
BTC,BUY,0.0003,9350000.000,2024-07-11 01:38:46.766
BTC,BUY,0.0047,9350000.000,2024-07-11 01:38:46.766
BTC,BUY,0.0053,9350000.000,2024-07-11 01:38:46.958
BTC,BUY,0.0003,9350000.000,2024-07-11 01:38:46.958
BTC,BUY,0.0001,9351600.000,2024-07-11 01:38:46.958
BTC,BUY,0.0443,9354020.000,2024-07-11 01:38:46.958
BTC,BUY,0.0050,9351569.000,2024-07-11 01:38:48.781
BTC,BUY,0.0050,9351569.000,2024-07-11 01:38:48.990
BTC,BUY,0.0050,9351569.000,2024-07-11 01:38:49.267
BTC,BUY,0.0500,9351569.000,2024-07-11 01:38:49.309
BTC,BUY,0.0350,9351569.000,2024-07-11 01:38:50.180
BTC,BUY,0.0001,9354582.000,2024-07-11 01:38:50.293
BTC,BUY,0.0049,9356090.000,2024-07-11 01:38:50.293
BTC,BUY,0.0001,9356620.000,2024-07-11 01:38:53.370
BTC,BUY,0.0333,9358210.000,2024-07-11 01:39:06.550
BTC,BUY,0.0001,9358644.000,2024-07-11 01:39:27.324
BTC,BUY,0.0320,9358450.000,2024-07-11 01:39:35.562
BTC,SELL,0.0032,9355394.000,2024-07-11 01:39:40.493
BTC,BUY,0.0050,9358740.000,2024-07-11 01:39:49.038
BTC,BUY,0.0010,9358740.000,2024-07-11 01:39:49.133
BTC,BUY,0.0142,9359270.000,2024-07-11 01:39:51.313
BTC,BUY,0.0040,9360000.000,2024-07-11 01:40:23.012
BTC,BUY,0.0003,9360000.000,2024-07-11 01:40:23.012
BTC,BUY,0.0002,9360000.000,2024-07-11 01:40:23.012
BTC,BUY,0.0002,9363923.000,2024-07-11 01:40:24.337
BTC,BUY,0.0038,9363923.000,2024-07-11 01:40:24.583
BTC,BUY,0.0050,9365100.000,2024-07-11 01:40:25.288
BTC,BUY,0.0002,9365100.000,2024-07-11 01:40:25.497
BTC,BUY,0.0491,9368810.000,2024-07-11 01:40:26.533
BTC,BUY,0.0010,9368810.000,2024-07-11 01:40:26.595
BTC,BUY,0.0003,9370000.000,2024-07-11 01:40:27.221
BTC,BUY,0.0017,9370000.000,2024-07-11 01:40:27.221
BTC,BUY,0.0003,9370000.000,2024-07-11 01:40:27.353
BTC,BUY,0.0097,9370400.000,2024-07-11 01:40:27.353
BTC,BUY,0.0013,9370400.000,2024-07-11 01:40:27.406
BTC,BUY,0.0050,9370224.000,2024-07-11 01:40:28.912
BTC,SELL,0.0042,9365151.000,2024-07-11 01:40:29.523
BTC,BUY,0.0002,9363923.000,2024-07-11 01:40:58.894
BTC,BUY,0.0002,9367200.000,2024-07-11 01:40:59.646
BTC,BUY,0.0001,9365152.000,2024-07-11 01:41:09.836
BTC,BUY,0.0002,9365152.000,2024-07-11 01:42:27.784
BTC,BUY,0.0001,9365630.000,2024-07-11 01:42:46.111
BTC,BUY,0.0001,9365520.000,2024-07-11 01:43:20.151
BTC,BUY,0.0001,9365520.000,2024-07-11 01:43:21.503
BTC,BUY,0.0099,9365630.000,2024-07-11 01:43:21.503
BTC,BUY,0.0518,9365630.000,2024-07-11 01:43:21.582
BTC,BUY,0.0100,9365630.000,2024-07-11 01:43:21.641
BTC,BUY,0.0283,9365630.000,2024-07-11 01:43:21.965
BTC,BUY,0.0050,9368695.000,2024-07-11 01:43:22.477
BTC,BUY,0.0464,9368695.000,2024-07-11 01:43:22.570
BTC,BUY,0.0002,9370620.000,2024-07-11 01:43:22.570
BTC,BUY,0.0234,9371240.000,2024-07-11 01:43:22.570
BTC,BUY,0.0002,9370000.000,2024-07-11 01:43:22.983
BTC,BUY,0.0078,9372275.000,2024-07-11 01:43:22.983
BTC,BUY,0.0110,9373050.000,2024-07-11 01:43:23.612
BTC,BUY,0.0050,9373580.000,2024-07-11 01:43:24.028
BTC,BUY,0.0027,9374640.000,2024-07-11 01:43:28.507
BTC,BUY,0.0002,9376390.000,2024-07-11 01:43:48.618
BTC,BUY,0.0200,9379675.000,2024-07-11 01:43:48.818
BTC,BUY,0.0050,9379675.000,2024-07-11 01:43:48.846
BTC,BUY,0.0389,9379675.000,2024-07-11 01:43:48.895
BTC,BUY,0.0003,9380000.000,2024-07-11 01:43:48.895
BTC,BUY,0.0002,9380000.000,2024-07-11 01:43:48.895
BTC,BUY,0.0001,9388738.000,2024-07-11 01:43:49.933
BTC,BUY,0.0040,9389055.000,2024-07-11 01:43:49.933
BTC,BUY,0.0003,9390000.000,2024-07-11 01:43:49.933
BTC,BUY,0.0008,9390000.000,2024-07-11 01:43:49.933
BTC,BUY,0.0001,9390000.000,2024-07-11 01:43:49.933
BTC,BUY,0.0147,9390000.000,2024-07-11 01:43:49.933
BTC,BUY,0.0153,9390000.000,2024-07-11 01:43:50.009
BTC,BUY,0.0047,9391832.000,2024-07-11 01:43:50.009
BTC,SELL,0.1000,9392659.000,2024-07-11 01:45:11.343
BTC,BUY,0.0004,9392822.000,2024-07-11 01:45:44.510
BTC,SELL,0.0047,9392487.000,2024-07-11 01:45:51.120
BTC,SELL,0.0001,9392437.000,2024-07-11 01:45:51.120
BTC,SELL,0.0050,9391895.000,2024-07-11 01:45:51.120
BTC,SELL,0.0002,9390000.000,2024-07-11 01:45:51.120
BTC,SELL,0.0008,9390000.000,2024-07-11 01:45:51.177
BTC,SELL,0.0001,9392424.000,2024-07-11 01:45:51.488
BTC,BUY,0.0001,9390000.000,2024-07-11 01:46:38.961
BTC,SELL,0.0001,9389624.000,2024-07-11 01:46:45.378
BTC,SELL,0.0003,9389139.000,2024-07-11 01:46:45.378
BTC,SELL,0.0001,9388778.000,2024-07-11 01:47:03.521
BTC,SELL,0.0121,9387520.000,2024-07-11 01:47:03.521
BTC,SELL,0.0171,9387490.000,2024-07-11 01:47:03.521
BTC,BUY,0.0001,9388390.000,2024-07-11 01:47:12.868
BTC,BUY,0.0050,9387254.000,2024-07-11 01:47:26.624
BTC,BUY,0.0409,9387254.000,2024-07-11 01:47:27.151
BTC,BUY,0.1000,9387890.000,2024-07-11 01:47:41.470
BTC,BUY,0.0001,9390540.000,2024-07-11 01:47:49.087
BTC,BUY,0.0020,9393000.000,2024-07-11 01:48:20.682
BTC,BUY,0.0333,9393190.000,2024-07-11 01:48:22.209
BTC,BUY,0.0041,9393720.000,2024-07-11 01:48:24.000
BTC,BUY,0.2500,9394250.000,2024-07-11 01:48:44.504
BTC,BUY,0.0001,9394306.000,2024-07-11 01:48:54.337
BTC,BUY,0.0001,9394406.000,2024-07-11 01:48:54.337
BTC,BUY,0.0002,9395000.000,2024-07-11 01:48:54.337
BTC,BUY,0.0046,9395310.000,2024-07-11 01:48:54.337
BTC,BUY,0.0050,9395840.000,2024-07-11 01:49:01.554
BTC,BUY,0.0001,9395952.000,2024-07-11 01:49:02.534
BTC,BUY,0.0049,9398490.000,2024-07-11 01:49:02.534
BTC,BUY,0.0050,9399000.000,2024-07-11 01:49:07.548
BTC,BUY,0.0001,9399125.000,2024-07-11 01:49:07.548
BTC,BUY,0.0049,9399500.000,2024-07-11 01:49:07.548
BTC,BUY,0.0051,9399500.000,2024-07-11 01:49:07.987
BTC,BUY,0.0003,9400000.000,2024-07-11 01:49:07.987
BTC,BUY,0.0003,9400000.000,2024-07-11 01:49:07.987
BTC,BUY,0.0100,9400000.000,2024-07-11 01:49:07.987
BTC,BUY,0.0250,9400000.000,2024-07-11 01:49:07.987
BTC,BUY,0.0005,9400000.000,2024-07-11 01:49:07.987
BTC,BUY,0.0500,9400000.000,2024-07-11 01:49:07.987
BTC,BUY,0.0002,9400000.000,2024-07-11 01:49:07.987
BTC,BUY,0.0001,9400000.000,2024-07-11 01:49:07.987
BTC,BUY,0.0010,9400000.000,2024-07-11 01:49:07.987
BTC,BUY,0.0020,9400000.000,2024-07-11 01:49:07.987
BTC,BUY,0.0050,9400000.000,2024-07-11 01:49:07.987
BTC,BUY,0.0037,9400000.000,2024-07-11 01:49:07.987
BTC,BUY,0.0004,9400000.000,2024-07-11 01:49:07.987
BTC,BUY,0.0001,9400000.000,2024-07-11 01:49:08.112
BTC,BUY,0.0002,9405000.000,2024-07-11 01:49:08.554
BTC,BUY,0.0048,9408950.000,2024-07-11 01:49:08.554
BTC,BUY,0.0010,9408950.000,2024-07-11 01:49:08.915
BTC,BUY,0.0113,9408950.000,2024-07-11 01:49:09.041
BTC,BUY,0.0003,9410000.000,2024-07-11 01:49:09.041
BTC,BUY,0.0001,9410000.000,2024-07-11 01:49:09.041
BTC,BUY,0.0083,9412216.000,2024-07-11 01:49:09.041
BTC,BUY,0.0050,9412216.000,2024-07-11 01:49:09.277
BTC,BUY,0.0100,9412216.000,2024-07-11 01:49:09.903
BTC,BUY,0.0100,9412216.000,2024-07-11 01:49:09.908
BTC,BUY,0.0200,9412816.000,2024-07-11 01:49:09.929
BTC,BUY,0.0100,9412816.000,2024-07-11 01:49:10.163
BTC,BUY,0.0300,9413075.000,2024-07-11 01:49:10.163
BTC,BUY,0.0400,9414226.000,2024-07-11 01:49:10.163
BTC,BUY,0.0003,9420000.000,2024-07-11 01:49:10.163
BTC,BUY,0.0001,9420000.000,2024-07-11 01:49:10.163
BTC,BUY,0.0001,9420000.000,2024-07-11 01:49:10.163
BTC,BUY,0.0003,9421850.000,2024-07-11 01:49:10.163
BTC,BUY,0.0300,9423752.000,2024-07-11 01:49:10.163
BTC,BUY,0.0500,9423752.000,2024-07-11 01:49:10.376
BTC,BUY,0.0186,9423752.000,2024-07-11 01:49:10.379
BTC,BUY,0.0014,9423752.000,2024-07-11 01:49:10.548
BTC,BUY,0.0010,9429000.000,2024-07-11 01:49:10.548
BTC,BUY,0.0003,9430000.000,2024-07-11 01:49:10.548
BTC,BUY,0.0020,9430000.000,2024-07-11 01:49:10.548
BTC,BUY,0.0001,9430000.000,2024-07-11 01:49:10.548
BTC,BUY,0.0152,9432265.000,2024-07-11 01:49:10.548
BTC,BUY,0.0150,9432265.000,2024-07-11 01:49:10.673
BTC,BUY,0.0060,9432265.000,2024-07-11 01:49:11.091
BTC,BUY,0.0005,9432265.000,2024-07-11 01:49:11.533
BTC,BUY,0.0001,9432266.000,2024-07-11 01:49:11.533
BTC,BUY,0.0203,9434603.000,2024-07-11 01:49:11.533
BTC,BUY,0.0088,9434603.000,2024-07-11 01:49:11.960
BTC,BUY,0.0031,9434603.000,2024-07-11 01:49:12.218
BTC,BUY,0.0078,9434603.000,2024-07-11 01:49:12.352
BTC,BUY,0.0122,9438999.000,2024-07-11 01:49:12.352
BTC,BUY,0.0050,9422132.000,2024-07-11 01:49:13.296
BTC,BUY,0.0950,9422132.000,2024-07-11 01:49:13.382
BTC,SELL,0.0300,9433609.000,2024-07-11 01:49:14.977
BTC,SELL,0.0001,9433360.000,2024-07-11 01:49:16.795
BTC,SELL,0.0010,9430000.000,2024-07-11 01:49:16.795
BTC,SELL,0.0189,9427531.000,2024-07-11 01:49:16.795
BTC,BUY,0.0051,9438700.000,2024-07-11 01:49:18.643
BTC,SELL,0.0107,9428395.000,2024-07-11 01:49:23.178
BTC,SELL,0.0100,9428393.000,2024-07-11 01:49:25.462
BTC,SELL,0.0011,9428393.000,2024-07-11 01:49:26.116
BTC,SELL,0.0001,9428318.000,2024-07-11 01:49:26.891
BTC,BUY,0.0001,9428938.000,2024-07-11 01:49:42.768
BTC,BUY,0.0049,9430820.000,2024-07-11 01:49:42.768
BTC,BUY,0.0001,9432410.000,2024-07-11 01:49:48.994
BTC,BUY,0.0001,9433065.000,2024-07-11 01:49:50.355
BTC,BUY,0.0049,9433470.000,2024-07-11 01:49:50.355
BTC,BUY,0.0050,9435060.000,2024-07-11 01:49:51.382
BTC,BUY,0.0050,9439000.000,2024-07-11 01:49:52.430
BTC,BUY,0.0050,9437749.000,2024-07-11 01:49:54.984
BTC,BUY,0.0950,9437749.000,2024-07-11 01:49:55.199
BTC,SELL,0.0538,9437855.000,2024-07-11 01:50:02.983
BTC,BUY,0.0002,9437901.000,2024-07-11 01:50:04.264
BTC,BUY,0.3098,9439300.000,2024-07-11 01:50:04.264
BTC,BUY,0.0002,9437095.000,2024-07-11 01:50:17.178
BTC,BUY,0.0198,9437937.000,2024-07-11 01:50:17.178
BTC,SELL,0.0001,9436320.000,2024-07-11 01:50:23.779
BTC,SELL,0.0099,9433043.000,2024-07-11 01:50:23.779
BTC,BUY,0.0100,9432950.000,2024-07-11 01:50:27.556
BTC,BUY,0.0001,9432910.000,2024-07-11 01:50:31.770
BTC,BUY,0.0002,9428551.000,2024-07-11 01:50:42.809
BTC,SELL,0.0010,9428550.000,2024-07-11 01:50:42.901
BTC,BUY,0.0002,9428551.000,2024-07-11 01:50:43.941
BTC,BUY,0.0050,9430290.000,2024-07-11 01:50:45.717
BTC,BUY,0.0047,9430290.000,2024-07-11 01:50:45.760
BTC,BUY,0.0001,9428926.000,2024-07-11 01:50:46.733
BTC,BUY,0.0049,9431350.000,2024-07-11 01:50:46.733
BTC,BUY,0.0050,9431880.000,2024-07-11 01:50:48.302
BTC,BUY,0.0002,9432940.000,2024-07-11 01:50:50.487
BTC,BUY,0.0050,9433470.000,2024-07-11 01:50:51.840
BTC,BUY,0.0050,9434000.000,2024-07-11 01:50:52.361
BTC,BUY,0.0050,9435060.000,2024-07-11 01:50:59.101
BTC,SELL,0.0001,9435050.000,2024-07-11 01:51:05.046
BTC,BUY,0.0001,9436080.000,2024-07-11 01:51:05.579
BTC,BUY,0.0020,9436901.000,2024-07-11 01:51:27.345
BTC,BUY,0.0010,9433740.000,2024-07-11 01:51:56.497
BTC,BUY,0.0200,9434000.000,2024-07-11 01:52:47.029
BTC,BUY,0.0001,9434125.000,2024-07-11 01:52:52.147
BTC,SELL,0.0001,9432427.000,2024-07-11 01:53:15.475
BTC,SELL,0.0105,9432125.000,2024-07-11 01:53:15.475
BTC,SELL,0.0200,9429875.000,2024-07-11 01:53:44.135
BTC,SELL,0.0026,9429600.000,2024-07-11 01:54:02.131
BTC,SELL,0.0001,9429512.000,2024-07-11 01:54:02.131
BTC,SELL,0.0011,9425580.000,2024-07-11 01:54:02.131
BTC,SELL,0.0062,9424288.000,2024-07-11 01:54:02.131
BTC,SELL,0.0010,9424288.000,2024-07-11 01:54:02.227
BTC,BUY,0.0011,9421516.000,2024-07-11 01:54:20.201
BTC,BUY,0.0001,9421616.000,2024-07-11 01:54:20.201
BTC,BUY,0.0008,9424990.000,2024-07-11 01:54:20.201
BTC,BUY,0.0001,9425886.000,2024-07-11 01:54:24.399
BTC,BUY,0.1000,9425800.000,2024-07-11 01:54:45.848
BTC,BUY,0.1000,9425800.000,2024-07-11 01:54:45.848
BTC,SELL,0.0640,9421240.000,2024-07-11 01:54:46.144
BTC,SELL,0.0200,9421240.000,2024-07-11 01:54:46.531
BTC,SELL,0.0100,9421166.000,2024-07-11 01:54:46.531
BTC,BUY,0.0001,9422345.000,2024-07-11 01:54:58.204
BTC,SELL,0.0005,9420000.000,2024-07-11 01:55:02.561
BTC,SELL,0.0005,9420000.000,2024-07-11 01:55:07.794
BTC,SELL,0.0001,9419925.000,2024-07-11 01:55:07.794
BTC,SELL,0.0700,9415363.000,2024-07-11 01:55:07.794
BTC,SELL,0.0050,9413648.000,2024-07-11 01:55:07.794
BTC,SELL,0.0334,9413376.000,2024-07-11 01:55:07.794
BTC,SELL,0.0005,9413500.000,2024-07-11 01:55:13.490
BTC,BUY,0.0001,9413972.000,2024-07-11 01:55:15.905
BTC,BUY,0.0499,9414390.000,2024-07-11 01:55:15.905
BTC,BUY,0.0001,9414695.000,2024-07-11 01:55:28.348
BTC,BUY,0.0010,9414595.000,2024-07-11 01:55:33.720
BTC,SELL,0.0005,9410100.000,2024-07-11 01:55:33.964
BTC,SELL,0.0001,9410149.000,2024-07-11 01:55:37.430
BTC,SELL,0.0499,9410350.000,2024-07-11 01:55:53.442
BTC,BUY,0.0010,9410365.000,2024-07-11 01:55:59.903
BTC,BUY,0.1000,9410680.000,2024-07-11 01:56:19.585
BTC,SELL,0.0015,9410493.000,2024-07-11 01:56:21.049
BTC,BUY,0.0001,9411335.000,2024-07-11 01:56:33.134
BTC,BUY,0.0050,9414110.000,2024-07-11 01:56:33.577
BTC,BUY,0.0001,9414110.000,2024-07-11 01:56:33.842
BTC,BUY,0.0050,9418710.000,2024-07-11 01:56:34.609
BTC,BUY,0.0738,9418710.000,2024-07-11 01:56:34.784
BTC,BUY,0.0180,9419610.000,2024-07-11 01:56:35.527
BTC,BUY,0.0050,9419610.000,2024-07-11 01:56:35.594
BTC,BUY,0.0430,9419610.000,2024-07-11 01:56:35.937
BTC,BUY,0.0050,9419610.000,2024-07-11 01:56:36.122
BTC,BUY,0.0290,9419610.000,2024-07-11 01:56:36.173
BTC,BUY,0.0050,9424326.000,2024-07-11 01:56:36.618
BTC,BUY,0.0660,9421611.000,2024-07-11 01:56:38.156
BTC,BUY,0.0081,9422469.000,2024-07-11 01:56:40.998
BTC,BUY,0.0050,9422849.000,2024-07-11 01:56:43.779
BTC,BUY,0.0200,9422849.000,2024-07-11 01:56:44.685
BTC,BUY,0.0050,9422849.000,2024-07-11 01:56:45.261
BTC,BUY,0.0050,9424209.000,2024-07-11 01:56:46.273
BTC,BUY,0.0050,9424209.000,2024-07-11 01:56:47.314
BTC,BUY,0.0333,9424209.000,2024-07-11 01:56:47.738
BTC,BUY,0.0050,9424209.000,2024-07-11 01:56:48.349
BTC,BUY,0.0050,9424337.000,2024-07-11 01:56:49.359
BTC,BUY,0.0007,9424337.000,2024-07-11 01:56:50.109
BTC,BUY,0.0050,9424337.000,2024-07-11 01:56:50.367
BTC,BUY,0.0100,9424337.000,2024-07-11 01:56:50.655
BTC,BUY,0.0142,9424337.000,2024-07-11 01:56:50.957
BTC,BUY,0.0050,9424337.000,2024-07-11 01:56:51.365
BTC,BUY,0.0050,9425547.000,2024-07-11 01:56:52.428
BTC,BUY,0.0100,9425547.000,2024-07-11 01:56:53.286
BTC,BUY,0.0050,9425547.000,2024-07-11 01:56:53.408
BTC,BUY,0.0326,9425547.000,2024-07-11 01:56:53.664
BTC,BUY,0.0050,9425547.000,2024-07-11 01:56:54.409
BTC,BUY,0.0050,9426881.000,2024-07-11 01:56:55.429
BTC,BUY,0.0100,9426881.000,2024-07-11 01:56:56.299
BTC,BUY,0.0050,9426881.000,2024-07-11 01:56:56.438
BTC,BUY,0.0800,9426881.000,2024-07-11 01:56:57.429
BTC,BUY,0.0050,9429875.000,2024-07-11 01:56:57.467
BTC,BUY,0.0400,9428443.000,2024-07-11 01:56:58.363
BTC,BUY,0.0050,9428443.000,2024-07-11 01:56:58.487
BTC,BUY,0.0100,9428443.000,2024-07-11 01:56:59.286
BTC,BUY,0.0030,9428443.000,2024-07-11 01:57:00.321
BTC,BUY,0.0050,9428443.000,2024-07-11 01:57:00.508
BTC,BUY,0.0050,9429760.000,2024-07-11 01:57:08.137
BTC,BUY,0.0050,9429875.000,2024-07-11 01:57:09.655
BTC,BUY,0.0050,9429875.000,2024-07-11 01:57:10.164
BTC,BUY,0.0020,9429875.000,2024-07-11 01:57:10.607
BTC,BUY,0.0050,9429875.000,2024-07-11 01:57:10.671
BTC,BUY,0.0050,9429875.000,2024-07-11 01:57:12.736
BTC,BUY,0.0050,9429768.000,2024-07-11 01:57:13.254
BTC,BUY,0.0050,9429768.000,2024-07-11 01:57:14.265
BTC,BUY,0.0050,9429768.000,2024-07-11 01:57:14.752
BTC,BUY,0.0050,9429768.000,2024-07-11 01:57:15.258
BTC,BUY,0.0730,9429875.000,2024-07-11 01:57:18.659
BTC,BUY,0.0970,9430526.000,2024-07-11 01:57:18.659
BTC,BUY,0.0300,9432033.000,2024-07-11 01:57:19.670
BTC,BUY,0.0462,9432033.000,2024-07-11 01:57:19.952
BTC,BUY,0.0238,9432033.000,2024-07-11 01:57:20.055
BTC,BUY,0.0002,9435597.000,2024-07-11 01:57:20.854
BTC,BUY,0.0003,9440000.000,2024-07-11 01:57:20.854
BTC,BUY,0.0001,9440000.000,2024-07-11 01:57:20.854
BTC,BUY,0.0014,9440565.000,2024-07-11 01:57:20.854
BTC,BUY,0.0080,9439962.000,2024-07-11 01:57:21.895
BTC,BUY,0.0010,9439962.000,2024-07-11 01:57:22.497
BTC,BUY,0.0010,9443875.000,2024-07-11 01:58:07.112
BTC,SELL,0.0700,9442491.000,2024-07-11 01:58:07.682
BTC,BUY,0.0001,9443010.000,2024-07-11 01:58:17.174
BTC,BUY,0.0001,9442915.000,2024-07-11 01:58:50.975
BTC,SELL,0.0001,9442856.000,2024-07-11 01:59:22.155
BTC,SELL,0.0699,9441045.000,2024-07-11 01:59:22.155
BTC,SELL,0.0001,9441045.000,2024-07-11 01:59:22.478
BTC,SELL,0.0194,9440971.000,2024-07-11 01:59:23.662
BTC,SELL,0.0001,9440971.000,2024-07-11 01:59:23.662
BTC,SELL,0.0005,9440000.000,2024-07-11 01:59:23.662
BTC,SELL,0.0005,9440000.000,2024-07-11 01:59:24.083
BTC,SELL,0.0001,9438944.000,2024-07-11 01:59:29.751
BTC,SELL,0.0125,9433520.000,2024-07-11 01:59:29.751
BTC,SELL,0.0300,9433451.000,2024-07-11 01:59:29.751
BTC,SELL,0.0300,9432554.000,2024-07-11 01:59:29.751
BTC,SELL,0.0137,9432032.000,2024-07-11 01:59:29.751
BTC,SELL,0.0331,9431362.000,2024-07-11 01:59:29.751
BTC,SELL,0.0172,9431030.000,2024-07-11 01:59:29.751
BTC,SELL,0.0100,9430243.000,2024-07-11 01:59:29.751
BTC,SELL,0.1000,9430242.000,2024-07-11 01:59:29.751
BTC,SELL,0.0100,9428285.000,2024-07-11 01:59:29.751
BTC,SELL,0.0400,9423172.000,2024-07-11 01:59:29.751
BTC,SELL,0.0034,9422114.000,2024-07-11 01:59:29.751
BTC,BUY,0.0100,9432940.000,2024-07-11 01:59:44.294
BTC,BUY,0.0480,9432940.000,2024-07-11 01:59:55.666
BTC,BUY,0.0001,9433040.000,2024-07-11 01:59:58.048
BTC,BUY,0.0005,9433469.000,2024-07-11 01:59:58.048
BTC,BUY,0.0001,9433918.000,2024-07-11 02:00:02.979
BTC,BUY,0.0004,9434530.000,2024-07-11 02:00:02.979
BTC,BUY,0.0001,9435060.000,2024-07-11 02:00:21.674
BTC,BUY,0.0001,9435685.000,2024-07-11 02:00:26.803
BTC,BUY,0.0300,9436175.000,2024-07-11 02:00:26.803
BTC,BUY,0.0172,9439431.000,2024-07-11 02:00:26.803
BTC,BUY,0.0327,9441950.000,2024-07-11 02:00:26.803
BTC,BUY,0.0020,9442319.000,2024-07-11 02:00:27.240
BTC,BUY,0.0010,9439224.000,2024-07-11 02:00:31.006
BTC,BUY,0.0001,9439830.000,2024-07-11 02:00:40.225
BTC,BUY,0.0001,9440890.000,2024-07-11 02:00:41.374
BTC,BUY,0.0001,9440890.000,2024-07-11 02:00:41.488
BTC,BUY,0.0004,9439954.000,2024-07-11 02:00:49.222
BTC,BUY,0.0010,9439954.000,2024-07-11 02:00:49.690
BTC,BUY,0.0003,9439950.000,2024-07-11 02:00:51.456
BTC,BUY,0.0001,9439836.000,2024-07-11 02:00:52.417
BTC,BUY,0.0001,9439836.000,2024-07-11 02:00:52.954
BTC,BUY,0.0010,9439799.000,2024-07-11 02:00:54.631
BTC,BUY,0.0001,9439686.000,2024-07-11 02:00:55.190
BTC,SELL,0.0008,9436699.000,2024-07-11 02:01:39.999
BTC,SELL,0.0001,9435060.000,2024-07-11 02:01:59.007
BTC,SELL,0.0001,9434998.000,2024-07-11 02:01:59.007
BTC,SELL,0.0003,9430000.000,2024-07-11 02:02:32.998
BTC,SELL,0.0002,9420000.000,2024-07-11 02:02:38.516
BTC,BUY,0.0001,9420750.000,2024-07-11 02:02:43.738
BTC,SELL,0.0050,9418951.000,2024-07-11 02:02:56.322
BTC,SELL,0.0018,9417120.000,2024-07-11 02:03:28.867
BTC,SELL,0.0144,9412792.000,2024-07-11 02:03:46.378
BTC,BUY,0.0013,9413189.000,2024-07-11 02:04:26.462
BTC,BUY,0.0100,9414800.000,2024-07-11 02:05:13.760
BTC,BUY,0.0010,9414737.000,2024-07-11 02:06:00.234
BTC,SELL,0.0005,9412792.000,2024-07-11 02:06:11.988
BTC,SELL,0.0005,9410000.000,2024-07-11 02:06:17.537
BTC,SELL,0.0005,9410000.000,2024-07-11 02:06:30.492
BTC,BUY,0.0001,9409619.000,2024-07-11 02:06:36.357
BTC,SELL,0.0001,9400000.000,2024-07-11 02:07:02.321
BTC,SELL,0.0003,9400000.000,2024-07-11 02:07:02.321
BTC,SELL,0.0010,9400000.000,2024-07-11 02:07:02.321
BTC,SELL,0.0001,9399925.000,2024-07-11 02:07:02.321
BTC,SELL,0.0001,9392506.000,2024-07-11 02:07:02.321
BTC,SELL,0.0003,9390000.000,2024-07-11 02:07:02.321
BTC,SELL,0.0081,9389585.000,2024-07-11 02:07:02.321
BTC,SELL,0.0010,9389585.000,2024-07-11 02:07:02.409
BTC,BUY,0.0001,9390122.000,2024-07-11 02:07:49.130
BTC,BUY,0.0011,9390540.000,2024-07-11 02:07:49.130
BTC,BUY,0.0100,9387526.000,2024-07-11 02:08:44.565
BTC,BUY,0.0050,9387526.000,2024-07-11 02:08:45.065
BTC,BUY,0.0006,9387526.000,2024-07-11 02:08:45.111
BTC,BUY,0.0053,9387526.000,2024-07-11 02:08:45.132
BTC,BUY,0.0020,9387526.000,2024-07-11 02:08:45.219
BTC,BUY,0.0010,9392901.000,2024-07-11 02:09:10.916
BTC,BUY,0.0020,9392901.000,2024-07-11 02:09:11.234
BTC,BUY,0.0005,9388639.000,2024-07-11 02:10:03.480
BTC,BUY,0.0147,9395310.000,2024-07-11 02:11:03.574
BTC,BUY,0.0281,9394407.000,2024-07-11 02:11:13.529
BTC,BUY,0.0024,9388763.000,2024-07-11 02:11:30.995
BTC,BUY,0.0245,9390583.000,2024-07-11 02:11:42.523
BTC,BUY,0.0001,9390708.000,2024-07-11 02:11:43.027
BTC,BUY,0.0236,9396280.000,2024-07-11 02:11:52.507
BTC,BUY,0.0202,9399550.000,2024-07-11 02:12:02.502
BTC,BUY,0.0137,9399725.000,2024-07-11 02:12:21.506
BTC,SELL,0.0100,9404171.000,2024-07-11 02:13:08.425
BTC,SELL,0.0700,9404171.000,2024-07-11 02:13:08.425
BTC,SELL,0.0002,9404171.000,2024-07-11 02:13:08.946
BTC,BUY,0.0025,9404108.000,2024-07-11 02:13:12.512
BTC,BUY,0.0020,9404109.000,2024-07-11 02:13:13.052
BTC,SELL,0.0036,9403739.000,2024-07-11 02:13:31.084
BTC,SELL,0.0001,9403614.000,2024-07-11 02:13:31.084
BTC,SELL,0.0013,9398000.000,2024-07-11 02:13:31.084
BTC,SELL,0.0019,9398000.000,2024-07-11 02:13:39.913
BTC,SELL,0.0500,9395230.000,2024-07-11 02:13:40.172
BTC,SELL,0.0099,9390728.000,2024-07-11 02:13:52.077
BTC,SELL,0.0044,9390728.000,2024-07-11 02:13:52.077
BTC,SELL,0.0010,9390800.000,2024-07-11 02:15:19.256
BTC,SELL,0.0002,9390800.000,2024-07-11 02:15:19.256
BTC,SELL,0.0188,9390728.000,2024-07-11 02:15:19.256
BTC,SELL,0.0200,9390728.000,2024-07-11 02:15:19.261
BTC,SELL,0.0612,9390728.000,2024-07-11 02:15:19.641
BTC,SELL,0.0008,9386900.000,2024-07-11 02:15:24.010
BTC,SELL,0.0018,9386900.000,2024-07-11 02:15:28.200
BTC,SELL,0.0002,9386900.000,2024-07-11 02:15:28.200
BTC,SELL,0.0001,9386825.000,2024-07-11 02:15:28.200
BTC,SELL,0.0003,9380000.000,2024-07-11 02:15:28.200
BTC,SELL,0.0010,9380000.000,2024-07-11 02:15:28.200
BTC,SELL,0.0366,9379972.000,2024-07-11 02:15:28.200
BTC,SELL,0.0002,9380435.000,2024-07-11 02:15:50.360
BTC,SELL,0.0001,9380348.000,2024-07-11 02:15:50.535
BTC,SELL,0.0001,9376390.000,2024-07-11 02:16:00.789
BTC,SELL,0.0002,9376390.000,2024-07-11 02:16:00.789
BTC,SELL,0.0001,9376290.000,2024-07-11 02:16:00.834
BTC,SELL,0.0003,9370000.000,2024-07-11 02:16:00.834
BTC,SELL,0.0006,9362702.000,2024-07-11 02:16:00.834
BTC,SELL,0.0002,9362707.000,2024-07-11 02:16:02.033
BTC,SELL,0.0003,9362707.000,2024-07-11 02:16:02.035
BTC,SELL,0.0001,9362146.000,2024-07-11 02:16:05.384
BTC,BUY,0.0100,9362303.000,2024-07-11 02:16:14.386
BTC,SELL,0.0001,9360820.000,2024-07-11 02:16:38.339
BTC,SELL,0.0001,9360695.000,2024-07-11 02:16:38.339
BTC,SELL,0.0001,9360000.000,2024-07-11 02:16:38.339
BTC,SELL,0.0002,9360000.000,2024-07-11 02:16:38.339
BTC,SELL,0.0001,9360000.000,2024-07-11 02:16:51.060
BTC,SELL,0.0001,9359586.000,2024-07-11 02:16:53.576
BTC,SELL,0.0001,9355000.000,2024-07-11 02:16:54.502
BTC,BUY,0.0030,9355001.000,2024-07-11 02:16:58.653
BTC,BUY,0.0300,9355001.000,2024-07-11 02:16:58.653
BTC,BUY,0.0314,9355001.000,2024-07-11 02:16:58.653
BTC,BUY,0.0100,9355039.000,2024-07-11 02:16:58.653
BTC,BUY,0.0024,9355040.000,2024-07-11 02:16:58.653
BTC,BUY,0.0232,9356165.000,2024-07-11 02:16:58.653
BTC,SELL,0.0002,9355000.000,2024-07-11 02:16:59.995
BTC,SELL,0.0002,9355519.000,2024-07-11 02:17:09.259
BTC,SELL,0.0165,9350455.000,2024-07-11 02:17:09.259
BTC,SELL,0.0003,9350000.000,2024-07-11 02:17:09.259
BTC,SELL,0.0003,9350000.000,2024-07-11 02:17:09.259
BTC,SELL,0.0025,9350000.000,2024-07-11 02:17:09.259
BTC,SELL,0.0100,9350000.000,2024-07-11 02:17:09.259
BTC,SELL,0.0100,9350000.000,2024-07-11 02:17:09.259
BTC,SELL,0.1187,9347338.000,2024-07-11 02:17:09.259
BTC,SELL,0.0300,9345682.000,2024-07-11 02:17:09.259
BTC,SELL,0.0300,9345580.000,2024-07-11 02:17:09.259
BTC,SELL,0.0100,9343492.000,2024-07-11 02:17:09.259
BTC,SELL,0.1000,9343490.000,2024-07-11 02:17:09.259
BTC,SELL,0.0115,9341194.000,2024-07-11 02:17:09.259
BTC,SELL,0.0010,9341194.000,2024-07-11 02:17:09.325
BTC,BUY,0.0020,9342249.000,2024-07-11 02:17:11.329
BTC,BUY,0.0010,9342249.000,2024-07-11 02:17:11.511
BTC,BUY,0.0125,9348160.000,2024-07-11 02:17:35.694
BTC,BUY,0.0002,9359377.000,2024-07-11 02:18:27.075
BTC,BUY,0.0011,9360860.000,2024-07-11 02:18:27.075
BTC,BUY,0.0020,9361919.000,2024-07-11 02:18:29.956
BTC,BUY,0.0001,9362264.000,2024-07-11 02:18:43.219
BTC,BUY,0.0999,9362980.000,2024-07-11 02:18:43.219
BTC,BUY,0.0001,9363690.000,2024-07-11 02:18:58.352
BTC,BUY,0.0346,9365629.000,2024-07-11 02:18:58.352
BTC,BUY,0.2653,9365630.000,2024-07-11 02:18:58.352
BTC,BUY,0.0021,9365630.000,2024-07-11 02:19:09.613
BTC,BUY,0.0001,9365705.000,2024-07-11 02:19:09.613
BTC,BUY,0.0078,9366160.000,2024-07-11 02:19:09.613
BTC,BUY,0.0001,9369420.000,2024-07-11 02:21:21.418
BTC,BUY,0.0004,9370400.000,2024-07-11 02:21:21.418
BTC,BUY,0.0001,9370930.000,2024-07-11 02:21:33.363
BTC,BUY,0.0001,9377390.000,2024-07-11 02:26:05.583
BTC,BUY,0.0999,9377820.000,2024-07-11 02:26:05.583
BTC,BUY,0.0020,9378350.000,2024-07-11 02:26:08.147
BTC,BUY,0.0200,9376103.000,2024-07-11 02:26:11.812
BTC,BUY,0.0200,9376103.000,2024-07-11 02:26:11.866
BTC,BUY,0.0003,9376103.000,2024-07-11 02:26:12.475
BTC,BUY,0.0001,9376216.000,2024-07-11 02:26:13.072
BTC,BUY,0.0002,9378847.000,2024-07-11 02:26:13.072
BTC,BUY,0.0020,9378847.000,2024-07-11 02:26:13.211
BTC,BUY,0.0200,9380573.000,2024-07-11 02:26:37.001
BTC,BUY,0.0100,9380744.000,2024-07-11 02:26:42.161
BTC,BUY,0.0001,9381125.000,2024-07-11 02:26:47.034
BTC,BUY,0.0099,9381530.000,2024-07-11 02:26:47.034
BTC,BUY,0.0001,9382175.000,2024-07-11 02:27:04.481
BTC,BUY,0.0002,9382175.000,2024-07-11 02:27:04.517
BTC,BUY,0.0005,9382175.000,2024-07-11 02:27:04.836
BTC,BUY,0.0001,9382312.000,2024-07-11 02:27:04.836
BTC,BUY,0.0014,9383650.000,2024-07-11 02:27:04.836
BTC,BUY,0.0010,9384178.000,2024-07-11 02:27:26.169
BTC,BUY,0.0013,9375517.000,2024-07-11 02:27:44.167
BTC,BUY,0.0107,9377820.000,2024-07-11 02:27:51.849
BTC,BUY,0.0001,9379410.000,2024-07-11 02:29:18.866
BTC,BUY,0.0200,9375201.000,2024-07-11 02:29:36.186
BTC,SELL,0.0010,9375200.000,2024-07-11 02:29:36.266
BTC,BUY,0.0100,9375201.000,2024-07-11 02:29:36.775
BTC,BUY,0.0175,9380802.000,2024-07-11 02:29:47.091
BTC,BUY,0.0500,9380802.000,2024-07-11 02:29:47.399
BTC,BUY,0.0202,9380802.000,2024-07-11 02:29:47.423
BTC,BUY,0.0001,9380802.000,2024-07-11 02:29:47.703
BTC,BUY,0.0122,9380802.000,2024-07-11 02:29:48.082
BTC,BUY,0.0378,9387890.000,2024-07-11 02:29:48.082
BTC,BUY,0.0020,9387890.000,2024-07-11 02:29:48.202
BTC,BUY,0.0001,9388577.000,2024-07-11 02:29:52.604
BTC,BUY,0.0020,9388250.000,2024-07-11 02:30:21.970
BTC,SELL,0.0030,9384109.000,2024-07-11 02:30:25.094
BTC,SELL,0.0016,9384108.000,2024-07-11 02:30:30.489
BTC,SELL,0.0010,9384108.000,2024-07-11 02:31:27.018
BTC,SELL,0.0021,9384108.000,2024-07-11 02:31:32.532
BTC,SELL,0.0044,9384108.000,2024-07-11 02:31:37.997
BTC,SELL,0.0009,9384108.000,2024-07-11 02:31:42.996
BTC,BUY,0.0063,9378096.000,2024-07-11 02:32:30.987
BTC,BUY,0.0001,9378409.000,2024-07-11 02:32:33.411
BTC,BUY,0.0010,9378880.000,2024-07-11 02:32:46.965
BTC,SELL,0.0010,9375005.000,2024-07-11 02:33:26.488
BTC,BUY,0.0001,9375170.000,2024-07-11 02:33:45.214
BTC,BUY,0.0020,9377820.000,2024-07-11 02:35:30.201
BTC,BUY,0.0004,9376124.000,2024-07-11 02:36:01.095
BTC,SELL,0.0002,9375200.000,2024-07-11 02:36:06.487
BTC,SELL,0.0008,9375200.000,2024-07-11 02:36:13.502
BTC,SELL,0.0002,9375000.000,2024-07-11 02:36:27.357
BTC,SELL,0.0001,9375000.000,2024-07-11 02:36:27.357
BTC,SELL,0.0010,9370000.000,2024-07-11 02:36:27.357
BTC,SELL,0.0107,9369408.000,2024-07-11 02:36:27.357
BTC,SELL,0.0125,9367600.000,2024-07-11 02:36:27.357
BTC,SELL,0.1000,9367573.000,2024-07-11 02:36:27.357
BTC,SELL,0.0100,9366812.000,2024-07-11 02:36:27.357
BTC,SELL,0.0050,9366811.000,2024-07-11 02:36:27.357
BTC,SELL,0.0100,9364258.000,2024-07-11 02:36:27.357
BTC,SELL,0.0400,9362677.000,2024-07-11 02:36:27.357
BTC,SELL,0.0002,9360000.000,2024-07-11 02:36:27.357
BTC,SELL,0.0138,9357637.000,2024-07-11 02:36:27.357
BTC,SELL,0.0400,9355031.000,2024-07-11 02:36:27.357
BTC,SELL,0.0965,9353970.000,2024-07-11 02:36:27.357
BTC,SELL,0.0001,9373968.000,2024-07-11 02:37:19.954
BTC,BUY,0.0001,9373168.000,2024-07-11 02:37:37.942
BTC,BUY,0.0020,9366787.000,2024-07-11 02:39:03.201
BTC,SELL,0.0002,9365000.000,2024-07-11 02:39:29.507
BTC,BUY,0.0020,9365100.000,2024-07-11 02:39:58.196
BTC,BUY,0.0088,9365630.000,2024-07-11 02:39:58.840
BTC,SELL,0.0002,9365000.000,2024-07-11 02:40:15.484
BTC,SELL,0.0002,9365000.000,2024-07-11 02:40:15.484
BTC,BUY,0.0001,9360065.000,2024-07-11 02:41:30.755
BTC,BUY,0.0001,9360405.000,2024-07-11 02:41:49.426
BTC,BUY,0.0219,9360468.000,2024-07-11 02:41:49.426
BTC,BUY,0.0513,9360850.000,2024-07-11 02:41:58.041
BTC,BUY,0.0020,9368194.000,2024-07-11 02:42:55.161
BTC,BUY,0.0300,9368194.000,2024-07-11 02:42:55.511
BTC,BUY,0.0500,9368194.000,2024-07-11 02:42:56.913
BTC,BUY,0.0180,9368194.000,2024-07-11 02:42:57.593
BTC,BUY,0.0029,9372363.000,2024-07-11 02:43:42.119
BTC,BUY,0.0001,9372450.000,2024-07-11 02:43:42.119
BTC,BUY,0.5000,9372520.000,2024-07-11 02:43:42.119
BTC,BUY,0.1185,9372780.000,2024-07-11 02:43:42.119
BTC,BUY,0.3785,9373050.000,2024-07-11 02:43:42.119
BTC,BUY,0.0020,9356565.000,2024-07-11 02:45:43.215
BTC,BUY,0.0001,9357680.000,2024-07-11 02:45:55.033
BTC,BUY,0.0044,9357871.000,2024-07-11 02:45:56.885
BTC,BUY,0.0020,9357871.000,2024-07-11 02:45:57.180
BTC,BUY,0.0020,9357709.000,2024-07-11 02:46:14.141
BTC,BUY,0.0004,9359797.000,2024-07-11 02:46:33.040
BTC,BUY,0.0001,9359797.000,2024-07-11 02:46:42.866
BTC,BUY,0.0013,9355735.000,2024-07-11 02:46:52.912
BTC,BUY,0.0187,9356668.000,2024-07-11 02:46:52.912
BTC,BUY,0.0004,9356668.000,2024-07-11 02:47:17.518
BTC,BUY,0.0125,9357600.000,2024-07-11 02:47:17.518
BTC,BUY,0.0871,9357680.000,2024-07-11 02:47:17.518
BTC,BUY,0.0020,9358210.000,2024-07-11 02:47:56.379
BTC,BUY,0.0002,9359270.000,2024-07-11 02:48:09.181
BTC,BUY,0.0020,9360046.000,2024-07-11 02:48:27.857
BTC,BUY,0.0001,9362450.000,2024-07-11 02:48:42.488
BTC,BUY,0.0001,9365100.000,2024-07-11 02:49:16.245
BTC,BUY,0.1000,9365630.000,2024-07-11 02:49:16.937
BTC,BUY,0.0084,9366690.000,2024-07-11 02:49:58.568
BTC,BUY,0.0050,9366690.000,2024-07-11 02:50:00.548
BTC,BUY,0.1000,9368810.000,2024-07-11 02:50:23.069
BTC,BUY,0.1000,9369340.000,2024-07-11 02:50:33.563
BTC,BUY,0.0138,9370828.000,2024-07-11 02:52:07.112
BTC,BUY,0.0862,9371460.000,2024-07-11 02:52:07.112
BTC,BUY,0.0600,9372520.000,2024-07-11 02:52:23.880
BTC,BUY,0.0020,9373580.000,2024-07-11 02:53:07.364
BTC,BUY,0.0002,9373684.000,2024-07-11 02:53:29.573
BTC,BUY,0.0400,9375699.000,2024-07-11 02:53:29.573
BTC,BUY,0.0598,9375700.000,2024-07-11 02:53:29.573
BTC,BUY,0.0001,9376238.000,2024-07-11 02:53:30.884
BTC,BUY,0.0019,9376760.000,2024-07-11 02:53:30.884
BTC,BUY,0.0100,9377289.000,2024-07-11 02:55:22.079
BTC,BUY,0.0900,9377290.000,2024-07-11 02:55:22.079
BTC,BUY,0.0010,9377140.000,2024-07-11 02:55:48.643
BTC,SELL,0.0125,9369440.000,2024-07-11 02:56:06.511
BTC,BUY,0.1000,9370930.000,2024-07-11 02:56:21.289
BTC,BUY,0.0001,9371990.000,2024-07-11 02:56:28.011
BTC,SELL,0.0234,9369440.000,2024-07-11 02:56:37.499
BTC,SELL,0.0023,9369440.000,2024-07-11 02:56:55.079
BTC,BUY,0.0001,9369441.000,2024-07-11 02:57:01.896
BTC,BUY,0.0048,9369441.000,2024-07-11 02:57:17.148
BTC,BUY,0.0022,9372105.000,2024-07-11 02:57:32.879
BTC,BUY,0.0020,9372105.000,2024-07-11 02:57:33.181
BTC,SELL,0.0125,9365600.000,2024-07-11 02:59:39.286
BTC,SELL,0.1197,9365521.000,2024-07-11 02:59:39.286
BTC,SELL,0.0500,9365450.000,2024-07-11 02:59:39.286
BTC,SELL,0.0300,9365206.000,2024-07-11 02:59:39.286
BTC,SELL,0.0300,9362773.000,2024-07-11 02:59:39.286
BTC,SELL,0.0100,9361638.000,2024-07-11 02:59:39.286
BTC,SELL,0.0078,9361551.000,2024-07-11 02:59:39.286
BTC,BUY,0.1000,9366160.000,2024-07-11 02:59:48.297
BTC,BUY,0.0001,9367750.000,2024-07-11 03:00:02.369
BTC,BUY,0.0005,9368280.000,2024-07-11 03:00:03.865
BTC,BUY,0.0002,9368280.000,2024-07-11 03:00:03.910
BTC,BUY,0.0011,9369340.000,2024-07-11 03:00:06.819
BTC,BUY,0.0011,9369340.000,2024-07-11 03:00:06.841
BTC,BUY,0.0001,9370399.000,2024-07-11 03:00:20.878
BTC,BUY,0.0021,9370399.000,2024-07-11 03:00:26.030
BTC,BUY,0.0001,9370399.000,2024-07-11 03:00:26.128
BTC,BUY,0.0010,9371421.000,2024-07-11 03:00:28.639
BTC,BUY,0.0267,9371970.000,2024-07-11 03:00:43.723
BTC,BUY,0.0733,9371990.000,2024-07-11 03:00:43.723
BTC,BUY,0.0020,9377260.000,2024-07-11 03:01:07.255
BTC,BUY,0.1000,9377820.000,2024-07-11 03:02:06.760
BTC,BUY,0.0011,9380000.000,2024-07-11 03:02:17.991
BTC,BUY,0.0089,9380000.000,2024-07-11 03:02:19.397
BTC,BUY,0.0002,9380000.000,2024-07-11 03:02:19.397
BTC,BUY,0.0001,9380683.000,2024-07-11 03:02:19.397
BTC,BUY,0.0908,9381530.000,2024-07-11 03:02:19.397
BTC,SELL,0.0008,9381200.000,2024-07-11 03:03:21.364
BTC,SELL,0.0010,9376301.000,2024-07-11 03:05:07.379
BTC,BUY,0.0223,9376302.000,2024-07-11 03:05:08.296
BTC,SELL,0.0022,9376301.000,2024-07-11 03:05:11.605
BTC,SELL,0.0001,9369640.000,2024-07-11 03:05:28.822
BTC,SELL,0.0069,9366821.000,2024-07-11 03:05:28.822
BTC,BUY,0.0079,9366137.000,2024-07-11 03:05:40.997
BTC,SELL,0.0002,9365000.000,2024-07-11 03:05:45.048
BTC,SELL,0.0008,9362453.000,2024-07-11 03:05:45.048
BTC,BUY,0.0077,9362519.000,2024-07-11 03:05:55.496
BTC,SELL,0.0002,9360000.000,2024-07-11 03:06:11.527
BTC,SELL,0.0002,9350000.000,2024-07-11 03:06:21.519
BTC,SELL,0.0001,9350000.000,2024-07-11 03:06:21.519
BTC,SELL,0.0015,9347081.000,2024-07-11 03:06:25.179
BTC,SELL,0.0001,9340867.000,2024-07-11 03:06:25.179
BTC,SELL,0.0003,9340000.000,2024-07-11 03:06:25.179
BTC,SELL,0.0002,9340000.000,2024-07-11 03:06:25.179
BTC,SELL,0.0029,9338192.000,2024-07-11 03:06:25.179
BTC,BUY,0.0100,9340720.000,2024-07-11 03:06:31.785
BTC,SELL,0.0050,9334000.000,2024-07-11 03:06:46.548
BTC,SELL,0.0230,9334000.000,2024-07-11 03:06:46.548
BTC,BUY,0.1000,9337540.000,2024-07-11 03:06:50.775
BTC,SELL,0.0030,9336649.000,2024-07-11 03:06:52.152
BTC,BUY,0.0005,9332877.000,2024-07-11 03:07:14.686
BTC,SELL,0.0100,9332958.000,2024-07-11 03:07:29.773
BTC,SELL,0.0070,9332626.000,2024-07-11 03:07:29.773
BTC,SELL,0.0001,9330722.000,2024-07-11 03:07:29.773
BTC,SELL,0.0003,9330000.000,2024-07-11 03:07:29.773
BTC,SELL,0.0020,9330000.000,2024-07-11 03:07:29.773
BTC,SELL,0.0002,9330000.000,2024-07-11 03:07:29.773
BTC,SELL,0.0010,9330000.000,2024-07-11 03:07:29.773
BTC,SELL,0.0074,9329919.000,2024-07-11 03:07:29.773
BTC,BUY,0.0029,9333830.000,2024-07-11 03:07:30.005
BTC,BUY,0.0012,9335419.000,2024-07-11 03:07:53.523
BTC,BUY,0.1000,9335950.000,2024-07-11 03:07:55.333
BTC,BUY,0.0012,9337009.000,2024-07-11 03:08:09.516
BTC,BUY,0.0074,9334766.000,2024-07-11 03:08:50.667
BTC,BUY,0.0134,9334766.000,2024-07-11 03:08:50.667
BTC,BUY,0.0092,9335929.000,2024-07-11 03:08:50.667
BTC,BUY,0.1000,9337540.000,2024-07-11 03:09:11.230
BTC,SELL,0.0002,9337839.000,2024-07-11 03:10:19.501
BTC,SELL,0.0002,9329900.000,2024-07-11 03:10:26.529
BTC,BUY,0.0001,9330579.000,2024-07-11 03:10:45.563
BTC,SELL,0.0001,9328000.000,2024-07-11 03:10:51.512
BTC,BUY,0.1000,9332770.000,2024-07-11 03:11:10.036
BTC,BUY,0.0002,9335420.000,2024-07-11 03:11:28.755
BTC,BUY,0.0010,9336480.000,2024-07-11 03:11:30.962
BTC,BUY,0.0020,9336718.000,2024-07-11 03:11:42.358
BTC,SELL,0.0026,9326900.000,2024-07-11 03:11:52.013
BTC,BUY,0.0040,9327920.000,2024-07-11 03:11:54.618
BTC,BUY,0.0026,9329060.000,2024-07-11 03:11:57.529
BTC,BUY,0.0006,9331180.000,2024-07-11 03:12:06.090
BTC,SELL,0.0002,9331189.000,2024-07-11 03:12:23.662
BTC,SELL,0.0022,9325000.000,2024-07-11 03:12:23.662
BTC,SELL,0.0001,9325000.000,2024-07-11 03:12:23.662
BTC,SELL,0.0001,9323563.000,2024-07-11 03:12:23.662
BTC,SELL,0.0001,9323505.000,2024-07-11 03:12:23.662
BTC,SELL,0.0473,9323310.000,2024-07-11 03:12:23.662
BTC,SELL,0.0010,9323310.000,2024-07-11 03:12:23.724
BTC,BUY,0.0090,9326410.000,2024-07-11 03:12:28.913
BTC,BUY,0.0010,9328000.000,2024-07-11 03:12:30.256
BTC,BUY,0.0500,9329060.000,2024-07-11 03:12:31.397
BTC,BUY,0.0181,9329060.000,2024-07-11 03:12:31.556
BTC,BUY,0.2000,9330120.000,2024-07-11 03:12:38.410
BTC,BUY,0.0098,9331710.000,2024-07-11 03:12:43.014
BTC,BUY,0.1000,9332770.000,2024-07-11 03:12:47.823
BTC,BUY,0.0105,9333299.000,2024-07-11 03:12:47.823
BTC,BUY,0.0895,9333300.000,2024-07-11 03:12:47.823
BTC,BUY,0.2000,9334360.000,2024-07-11 03:12:54.767
BTC,BUY,0.2000,9334890.000,2024-07-11 03:12:59.396
BTC,BUY,0.0134,9324090.000,2024-07-11 03:14:14.248
BTC,BUY,0.0300,9324158.000,2024-07-11 03:14:21.199
BTC,BUY,0.0107,9324158.000,2024-07-11 03:14:22.578
BTC,BUY,0.0100,9327047.000,2024-07-11 03:14:28.338
BTC,BUY,0.0100,9327047.000,2024-07-11 03:14:28.341
BTC,BUY,0.0300,9327047.000,2024-07-11 03:14:28.511
BTC,BUY,0.0090,9327748.000,2024-07-11 03:14:28.929
BTC,BUY,0.0100,9327748.000,2024-07-11 03:14:30.691
BTC,BUY,0.0500,9327748.000,2024-07-11 03:14:30.897
BTC,BUY,0.0100,9327546.000,2024-07-11 03:14:32.229
BTC,BUY,0.0080,9327546.000,2024-07-11 03:14:32.923
BTC,BUY,0.0080,9327546.000,2024-07-11 03:14:33.084
BTC,BUY,0.0100,9327546.000,2024-07-11 03:14:33.598
BTC,BUY,0.0228,9330650.000,2024-07-11 03:14:43.019
BTC,BUY,0.0010,9333300.000,2024-07-11 03:14:58.339
BTC,BUY,0.0500,9334890.000,2024-07-11 03:15:38.347
BTC,BUY,0.0020,9340190.000,2024-07-11 03:16:17.168
BTC,BUY,0.0002,9340254.000,2024-07-11 03:16:18.495
BTC,BUY,0.0111,9340720.000,2024-07-11 03:16:18.495
BTC,BUY,0.0005,9342310.000,2024-07-11 03:16:20.741
BTC,BUY,0.0166,9344430.000,2024-07-11 03:16:27.035
BTC,BUY,0.0200,9336176.000,2024-07-11 03:16:35.079
BTC,BUY,0.0019,9336176.000,2024-07-11 03:16:35.432
BTC,BUY,0.0100,9336176.000,2024-07-11 03:16:36.931
BTC,BUY,0.0207,9336176.000,2024-07-11 03:16:37.156
BTC,BUY,0.0019,9336326.000,2024-07-11 03:16:38.477
BTC,BUY,0.0200,9336326.000,2024-07-11 03:16:39.194
BTC,BUY,0.0019,9336326.000,2024-07-11 03:16:39.940
BTC,BUY,0.0748,9336574.000,2024-07-11 03:16:42.764
BTC,BUY,0.0077,9336456.000,2024-07-11 03:17:10.022
BTC,BUY,0.1019,9337009.000,2024-07-11 03:17:23.571
BTC,BUY,0.0710,9337009.000,2024-07-11 03:17:23.571
BTC,BUY,0.0100,9337010.000,2024-07-11 03:17:23.571
BTC,BUY,0.0171,9337010.000,2024-07-11 03:17:23.571
BTC,BUY,0.0100,9337009.000,2024-07-11 03:17:29.215
BTC,BUY,0.0100,9337009.000,2024-07-11 03:17:29.215
BTC,BUY,0.0909,9337045.000,2024-07-11 03:17:29.215
BTC,BUY,0.0300,9337364.000,2024-07-11 03:17:29.215
BTC,BUY,0.0591,9337405.000,2024-07-11 03:17:29.215
BTC,SELL,0.0002,9337008.000,2024-07-11 03:17:29.616
BTC,SELL,0.0100,9336441.000,2024-07-11 03:17:29.616
BTC,SELL,0.0171,9328679.000,2024-07-11 03:17:29.616
BTC,SELL,0.0100,9327666.000,2024-07-11 03:17:29.616
BTC,SELL,0.0054,9327322.000,2024-07-11 03:17:29.616
BTC,SELL,0.0002,9328457.000,2024-07-11 03:17:30.492
BTC,BUY,0.2000,9330120.000,2024-07-11 03:17:43.088
BTC,BUY,0.1000,9330650.000,2024-07-11 03:17:49.042
BTC,BUY,0.1000,9331180.000,2024-07-11 03:17:49.042
BTC,BUY,0.0100,9332240.000,2024-07-11 03:17:51.253
BTC,BUY,0.0300,9333057.000,2024-07-11 03:18:07.749
BTC,BUY,0.1700,9333830.000,2024-07-11 03:18:07.749
BTC,SELL,0.0002,9330000.000,2024-07-11 03:18:24.034
BTC,SELL,0.0003,9320000.000,2024-07-11 03:18:29.513
BTC,SELL,0.0002,9320000.000,2024-07-11 03:18:29.513
BTC,SELL,0.0001,9320000.000,2024-07-11 03:18:29.513
BTC,SELL,0.0010,9320000.000,2024-07-11 03:18:29.513
BTC,SELL,0.0050,9320000.000,2024-07-11 03:18:29.513
BTC,SELL,0.0002,9320000.000,2024-07-11 03:18:29.513
BTC,BUY,0.0001,9322170.000,2024-07-11 03:18:32.479
BTC,SELL,0.0001,9316176.000,2024-07-11 03:18:35.264
BTC,SELL,0.0099,9315775.000,2024-07-11 03:18:35.264
BTC,SELL,0.0400,9315775.000,2024-07-11 03:18:35.269
BTC,SELL,0.0010,9315162.000,2024-07-11 03:18:36.525
BTC,SELL,0.0010,9314840.000,2024-07-11 03:18:36.525
BTC,SELL,0.0004,9310000.000,2024-07-11 03:18:46.600
BTC,SELL,0.0006,9310000.000,2024-07-11 03:18:55.184
BTC,SELL,0.0003,9310000.000,2024-07-11 03:18:55.184
BTC,SELL,0.0001,9310000.000,2024-07-11 03:18:55.184
BTC,SELL,0.0001,9310000.000,2024-07-11 03:19:08.059
BTC,SELL,0.0001,9310000.000,2024-07-11 03:19:08.059
BTC,SELL,0.0018,9301000.000,2024-07-11 03:19:13.530
BTC,SELL,0.0032,9301000.000,2024-07-11 03:19:14.111
BTC,SELL,0.0001,9300000.000,2024-07-11 03:19:14.260
BTC,SELL,0.0005,9300000.000,2024-07-11 03:19:14.260
BTC,SELL,0.0394,9300000.000,2024-07-11 03:19:14.260
BTC,SELL,0.0200,9300000.000,2024-07-11 03:19:14.741
BTC,SELL,0.0048,9300000.000,2024-07-11 03:19:14.905
BTC,SELL,0.0050,9300000.000,2024-07-11 03:19:15.071
BTC,SELL,0.0509,9300000.000,2024-07-11 03:19:16.362
BTC,BUY,0.0005,9300001.000,2024-07-11 03:19:16.649
BTC,SELL,0.0346,9300000.000,2024-07-11 03:19:16.755
BTC,SELL,0.0400,9300000.000,2024-07-11 03:19:18.104
BTC,SELL,0.4000,9300000.000,2024-07-11 03:19:18.185
BTC,SELL,0.0100,9300000.000,2024-07-11 03:19:18.707
BTC,SELL,0.0022,9300000.000,2024-07-11 03:19:19.100
BTC,SELL,0.0400,9300000.000,2024-07-11 03:19:19.186
BTC,SELL,0.0074,9300000.000,2024-07-11 03:19:20.694
BTC,SELL,0.0100,9300000.000,2024-07-11 03:19:20.699
BTC,SELL,0.0200,9300000.000,2024-07-11 03:19:21.643
BTC,SELL,0.0050,9300000.000,2024-07-11 03:19:22.108
BTC,SELL,0.0050,9300000.000,2024-07-11 03:19:22.717
BTC,SELL,0.1000,9300000.000,2024-07-11 03:19:22.721
BTC,SELL,0.0100,9300000.000,2024-07-11 03:19:22.723
BTC,SELL,0.0045,9300000.000,2024-07-11 03:19:26.204
BTC,SELL,0.0050,9300000.000,2024-07-11 03:19:27.176
BTC,SELL,0.0003,9300000.000,2024-07-11 03:19:27.300
BTC,SELL,0.0050,9300000.000,2024-07-11 03:19:27.711
BTC,SELL,0.0184,9300000.000,2024-07-11 03:19:27.781
BTC,SELL,0.1000,9300000.000,2024-07-11 03:19:27.791
BTC,SELL,0.0159,9300000.000,2024-07-11 03:19:28.296
BTC,SELL,0.0215,9300000.000,2024-07-11 03:19:28.579
BTC,SELL,0.0251,9300000.000,2024-07-11 03:19:28.583
BTC,SELL,0.0003,9300000.000,2024-07-11 03:19:28.583
BTC,SELL,0.0003,9300000.000,2024-07-11 03:19:28.583
BTC,SELL,0.0020,9300000.000,2024-07-11 03:19:28.583
BTC,SELL,0.0025,9300000.000,2024-07-11 03:19:28.583
BTC,SELL,0.0100,9300000.000,2024-07-11 03:19:28.583
BTC,SELL,0.2000,9300000.000,2024-07-11 03:19:28.583
BTC,SELL,0.0002,9300000.000,2024-07-11 03:19:28.583
BTC,SELL,0.0003,9300000.000,2024-07-11 03:19:28.583
BTC,SELL,0.0001,9300000.000,2024-07-11 03:19:28.583
BTC,SELL,0.0001,9300000.000,2024-07-11 03:19:28.583
BTC,SELL,0.0001,9300000.000,2024-07-11 03:19:28.583
BTC,SELL,0.0001,9300000.000,2024-07-11 03:19:28.583
BTC,SELL,0.0002,9300000.000,2024-07-11 03:19:28.583
BTC,SELL,0.0001,9300000.000,2024-07-11 03:19:28.583
BTC,SELL,0.0002,9300000.000,2024-07-11 03:19:28.583
BTC,SELL,0.0005,9299783.000,2024-07-11 03:19:28.728
BTC,SELL,0.0022,9291000.000,2024-07-11 03:19:28.730
BTC,SELL,0.0003,9290000.000,2024-07-11 03:19:28.730
BTC,SELL,0.0002,9290000.000,2024-07-11 03:19:28.730
BTC,SELL,0.0001,9290000.000,2024-07-11 03:19:28.730
BTC,SELL,0.0001,9290000.000,2024-07-11 03:19:28.730
BTC,SELL,0.0171,9282950.000,2024-07-11 03:19:28.730
BTC,SELL,0.0050,9282950.000,2024-07-11 03:19:28.738
BTC,SELL,0.0077,9282950.000,2024-07-11 03:19:29.203
BTC,SELL,0.0100,9282496.000,2024-07-11 03:19:29.203
BTC,SELL,0.0125,9282480.000,2024-07-11 03:19:29.203
BTC,SELL,0.0021,9282298.000,2024-07-11 03:19:29.203
BTC,SELL,0.0060,9282298.000,2024-07-11 03:19:29.211
BTC,SELL,0.0030,9282303.000,2024-07-11 03:19:30.006
BTC,SELL,0.0234,9282303.000,2024-07-11 03:19:30.430
BTC,SELL,0.0347,9282303.000,2024-07-11 03:19:30.662
BTC,SELL,0.0238,9281180.000,2024-07-11 03:19:30.788
BTC,SELL,0.0179,9281180.000,2024-07-11 03:19:30.950
BTC,SELL,0.0003,9280000.000,2024-07-11 03:19:31.341
BTC,SELL,0.0003,9280000.000,2024-07-11 03:19:31.341
BTC,SELL,0.0174,9280000.000,2024-07-11 03:19:31.341
BTC,SELL,0.0254,9280000.000,2024-07-11 03:19:32.335
BTC,SELL,0.0167,9280000.000,2024-07-11 03:19:32.526
BTC,SELL,0.0120,9280000.000,2024-07-11 03:19:32.688
BTC,SELL,0.0120,9280000.000,2024-07-11 03:19:32.961
BTC,BUY,0.0001,9280830.000,2024-07-11 03:19:33.121
BTC,SELL,0.0008,9280000.000,2024-07-11 03:19:34.670
BTC,SELL,0.0015,9280000.000,2024-07-11 03:19:40.097
BTC,SELL,0.0002,9280044.000,2024-07-11 03:19:48.564
BTC,SELL,0.0002,9280042.000,2024-07-11 03:19:54.057
BTC,SELL,0.0034,9280000.000,2024-07-11 03:19:54.057
BTC,BUY,0.0095,9280043.000,2024-07-11 03:19:56.200
BTC,BUY,0.0070,9280043.000,2024-07-11 03:19:56.200
BTC,BUY,0.0301,9280045.000,2024-07-11 03:19:56.200
BTC,SELL,0.0002,9280000.000,2024-07-11 03:20:04.128
BTC,SELL,0.0050,9280000.000,2024-07-11 03:20:06.764
BTC,SELL,0.0056,9280000.000,2024-07-11 03:20:06.830
BTC,SELL,0.0008,9280000.000,2024-07-11 03:20:06.830
BTC,SELL,0.0001,9280000.000,2024-07-11 03:20:06.830
BTC,SELL,0.0001,9280000.000,2024-07-11 03:20:06.830
BTC,SELL,0.0545,9280000.000,2024-07-11 03:20:06.830
BTC,BUY,0.0008,9280001.000,2024-07-11 03:20:07.132
BTC,SELL,0.0005,9280000.000,2024-07-11 03:20:09.043
BTC,SELL,0.0045,9275505.000,2024-07-11 03:20:09.043
BTC,SELL,0.0002,9280000.000,2024-07-11 03:20:09.647
BTC,SELL,0.0060,9275505.000,2024-07-11 03:20:10.691
BTC,BUY,0.0085,9275440.000,2024-07-11 03:20:19.704
BTC,BUY,0.0015,9275440.000,2024-07-11 03:20:19.704
BTC,BUY,0.0056,9275494.000,2024-07-11 03:20:23.056
BTC,BUY,0.0085,9275866.000,2024-07-11 03:20:23.056
BTC,BUY,0.0037,9276590.000,2024-07-11 03:20:23.056
BTC,SELL,0.0002,9275000.000,2024-07-11 03:20:40.518
BTC,SELL,0.0002,9274000.000,2024-07-11 03:21:05.908
BTC,SELL,0.0008,9274000.000,2024-07-11 03:21:16.109
BTC,SELL,0.0003,9270248.000,2024-07-11 03:21:18.672
BTC,SELL,0.0346,9270043.000,2024-07-11 03:21:18.672
BTC,SELL,0.0050,9270001.000,2024-07-11 03:21:18.672
BTC,SELL,0.0003,9270000.000,2024-07-11 03:21:18.672
BTC,SELL,0.0003,9270000.000,2024-07-11 03:21:18.672
BTC,SELL,0.0100,9270000.000,2024-07-11 03:21:18.672
BTC,SELL,0.0020,9270000.000,2024-07-11 03:21:18.672
BTC,SELL,0.0001,9270000.000,2024-07-11 03:21:19.102
BTC,SELL,0.0500,9267000.000,2024-07-11 03:21:19.474
BTC,SELL,0.0005,9267000.000,2024-07-11 03:21:21.518
BTC,SELL,0.0050,9267000.000,2024-07-11 03:21:23.696
BTC,SELL,0.0100,9267000.000,2024-07-11 03:21:23.907
BTC,SELL,0.0050,9267000.000,2024-07-11 03:21:24.182
BTC,SELL,0.0147,9267000.000,2024-07-11 03:21:25.166
BTC,SELL,0.0148,9267000.000,2024-07-11 03:21:25.171
BTC,SELL,0.0010,9265468.000,2024-07-11 03:21:25.173
BTC,SELL,0.0001,9260510.000,2024-07-11 03:21:25.173
BTC,SELL,0.0003,9260000.000,2024-07-11 03:21:25.173
BTC,SELL,0.0001,9260000.000,2024-07-11 03:21:25.173
BTC,SELL,0.0010,9260000.000,2024-07-11 03:21:25.173
BTC,SELL,0.0002,9260000.000,2024-07-11 03:21:25.173
BTC,SELL,0.0003,9260000.000,2024-07-11 03:21:25.173
BTC,SELL,0.0001,9260000.000,2024-07-11 03:21:25.173
BTC,SELL,0.0019,9256208.000,2024-07-11 03:21:25.173
BTC,SELL,0.0050,9256208.000,2024-07-11 03:21:25.710
BTC,BUY,0.0125,9258560.000,2024-07-11 03:21:27.201
BTC,BUY,0.0050,9259100.000,2024-07-11 03:21:27.203
BTC,BUY,0.0050,9260160.000,2024-07-11 03:21:29.377
BTC,BUY,0.0003,9260320.000,2024-07-11 03:21:30.005
BTC,SELL,0.0002,9260319.000,2024-07-11 03:21:34.537
BTC,SELL,0.0002,9260000.000,2024-07-11 03:21:40.011
BTC,SELL,0.0010,9254346.000,2024-07-11 03:21:50.002
BTC,BUY,0.0122,9255360.000,2024-07-11 03:21:56.925
BTC,BUY,0.0038,9256450.000,2024-07-11 03:21:56.925
BTC,BUY,0.0125,9256960.000,2024-07-11 03:22:20.381
BTC,BUY,0.0035,9257510.000,2024-07-11 03:22:20.381
BTC,BUY,0.4000,9258570.000,2024-07-11 03:22:21.675
BTC,SELL,0.0790,9257593.000,2024-07-11 03:22:23.321
BTC,SELL,0.0970,9257514.000,2024-07-11 03:22:23.321
BTC,SELL,0.0219,9257509.000,2024-07-11 03:22:23.321
BTC,SELL,0.0021,9256852.000,2024-07-11 03:22:23.321
BTC,BUY,0.0050,9257510.000,2024-07-11 03:22:24.596
BTC,BUY,0.0012,9258040.000,2024-07-11 03:22:25.521
BTC,BUY,0.0050,9260080.000,2024-07-11 03:22:27.095
BTC,BUY,0.0010,9260160.000,2024-07-11 03:22:27.343
BTC,BUY,0.0030,9262278.000,2024-07-11 03:22:27.844
BTC,BUY,0.0050,9261219.000,2024-07-11 03:22:28.165
BTC,BUY,0.0200,9261219.000,2024-07-11 03:22:28.285
BTC,BUY,0.0050,9261219.000,2024-07-11 03:22:28.850
BTC,BUY,0.0050,9266520.000,2024-07-11 03:22:33.753
BTC,BUY,0.0001,9266520.000,2024-07-11 03:22:33.756
BTC,BUY,0.0100,9269170.000,2024-07-11 03:22:37.373
BTC,BUY,0.0053,9269700.000,2024-07-11 03:22:39.535
BTC,SELL,0.0053,9262669.000,2024-07-11 03:22:44.997
BTC,BUY,0.0050,9263340.000,2024-07-11 03:22:45.427
BTC,BUY,0.0220,9265460.000,2024-07-11 03:22:48.369
BTC,SELL,0.0095,9262650.000,2024-07-11 03:22:53.573
BTC,BUY,0.0005,9260475.000,2024-07-11 03:22:55.881
BTC,SELL,0.0045,9252111.000,2024-07-11 03:22:59.025
BTC,BUY,0.0008,9256980.000,2024-07-11 03:23:00.084
BTC,BUY,0.0050,9256980.000,2024-07-11 03:23:00.180
BTC,BUY,0.0050,9259630.000,2024-07-11 03:23:00.773
BTC,BUY,0.0050,9262810.000,2024-07-11 03:23:01.747
BTC,BUY,0.0050,9263340.000,2024-07-11 03:23:02.249
BTC,BUY,0.0032,9263870.000,2024-07-11 03:23:09.882
BTC,BUY,0.0020,9266099.000,2024-07-11 03:23:14.732
BTC,BUY,0.0008,9266099.000,2024-07-11 03:23:14.757
BTC,BUY,0.0018,9266099.000,2024-07-11 03:23:19.503
BTC,BUY,0.0024,9266026.000,2024-07-11 03:23:24.081
BTC,BUY,0.0076,9267050.000,2024-07-11 03:23:24.081
BTC,BUY,0.0330,9269537.000,2024-07-11 03:23:35.804
BTC,BUY,0.0070,9269537.000,2024-07-11 03:23:37.115
BTC,BUY,0.0400,9269537.000,2024-07-11 03:23:37.360
BTC,BUY,0.0200,9269537.000,2024-07-11 03:23:37.407
BTC,BUY,0.0400,9270332.000,2024-07-11 03:23:37.776
BTC,BUY,0.0097,9270332.000,2024-07-11 03:23:38.857
BTC,BUY,0.0400,9270332.000,2024-07-11 03:23:38.956
BTC,BUY,0.0103,9270332.000,2024-07-11 03:23:40.278
BTC,BUY,0.0100,9272412.000,2024-07-11 03:23:41.302
BTC,BUY,0.0300,9272412.000,2024-07-11 03:23:41.869
BTC,BUY,0.0100,9272412.000,2024-07-11 03:23:42.853
BTC,BUY,0.0500,9272412.000,2024-07-11 03:23:43.287
BTC,BUY,0.0100,9277914.000,2024-07-11 03:23:43.900
BTC,BUY,0.0100,9277914.000,2024-07-11 03:23:44.011
BTC,BUY,0.0011,9277914.000,2024-07-11 03:23:44.380
BTC,BUY,0.0520,9277914.000,2024-07-11 03:23:45.005
BTC,BUY,0.0400,9280485.000,2024-07-11 03:23:53.509
BTC,BUY,0.0015,9280485.000,2024-07-11 03:23:54.019
BTC,BUY,0.0100,9280485.000,2024-07-11 03:23:55.021
BTC,BUY,0.0005,9280573.000,2024-07-11 03:23:57.778
BTC,SELL,0.0500,9282949.000,2024-07-11 03:24:10.400
BTC,BUY,0.0001,9285367.000,2024-07-11 03:24:23.124
BTC,SELL,0.0010,9286129.000,2024-07-11 03:24:47.076
BTC,SELL,0.0034,9285440.000,2024-07-11 03:25:16.010
BTC,SELL,0.0051,9285440.000,2024-07-11 03:25:21.526
BTC,BUY,0.0001,9287721.000,2024-07-11 03:26:00.031
BTC,BUY,0.0005,9285441.000,2024-07-11 03:26:21.528
BTC,BUY,0.0001,9286660.000,2024-07-11 03:26:36.932
BTC,BUY,0.0100,9286334.000,2024-07-11 03:26:54.986
BTC,BUY,0.0300,9287309.000,2024-07-11 03:26:57.989
BTC,BUY,0.0012,9288918.000,2024-07-11 03:26:59.486
BTC,BUY,0.0001,9288918.000,2024-07-11 03:26:59.675
BTC,BUY,0.0001,9289840.000,2024-07-11 03:27:09.603
BTC,BUY,0.1000,9291251.000,2024-07-11 03:27:21.994
BTC,BUY,0.0014,9292570.000,2024-07-11 03:27:28.997
BTC,BUY,0.0011,9292660.000,2024-07-11 03:27:34.538
BTC,BUY,0.0002,9294088.000,2024-07-11 03:27:49.874
BTC,SELL,0.0047,9296830.000,2024-07-11 03:29:53.538
BTC,SELL,0.0017,9296830.000,2024-07-11 03:30:05.033
BTC,SELL,0.0100,9296830.000,2024-07-11 03:30:10.541
BTC,BUY,0.0001,9296831.000,2024-07-11 03:30:39.968
BTC,BUY,0.0001,9296831.000,2024-07-11 03:31:06.089
BTC,BUY,0.0002,9296831.000,2024-07-11 03:31:25.002
BTC,BUY,0.0001,9296831.000,2024-07-11 03:31:31.385
BTC,SELL,0.0009,9296830.000,2024-07-11 03:32:34.923
BTC,SELL,0.0027,9296830.000,2024-07-11 03:32:38.031
BTC,SELL,0.0003,9296830.000,2024-07-11 03:32:38.031
BTC,SELL,0.0001,9296818.000,2024-07-11 03:32:38.031
BTC,SELL,0.0012,9296440.000,2024-07-11 03:32:38.031
BTC,SELL,0.0007,9295000.000,2024-07-11 03:32:43.490
BTC,SELL,0.0036,9295000.000,2024-07-11 03:32:43.504
BTC,BUY,0.0002,9295001.000,2024-07-11 03:32:59.294
BTC,BUY,0.0001,9295001.000,2024-07-11 03:33:23.496
BTC,BUY,0.0001,9295001.000,2024-07-11 03:33:25.426
BTC,BUY,0.0001,9295041.000,2024-07-11 03:34:06.365
BTC,BUY,0.0002,9295041.000,2024-07-11 03:34:08.037
BTC,BUY,0.0001,9295076.000,2024-07-11 03:34:19.530
BTC,BUY,0.0001,9298312.000,2024-07-11 03:34:53.824
BTC,BUY,0.0012,9297461.000,2024-07-11 03:35:04.512
BTC,BUY,0.0010,9296504.000,2024-07-11 03:35:22.117
BTC,BUY,0.0015,9296504.000,2024-07-11 03:35:48.787
BTC,BUY,0.0068,9297707.000,2024-07-11 03:35:48.787
BTC,BUY,0.0112,9297790.000,2024-07-11 03:35:48.787
BTC,BUY,0.0010,9298757.000,2024-07-11 03:35:57.681
BTC,SELL,0.0020,9295000.000,2024-07-11 03:36:00.998
BTC,SELL,0.0030,9295000.000,2024-07-11 03:36:06.505
BTC,SELL,0.0021,9295000.000,2024-07-11 03:36:11.919
BTC,SELL,0.0016,9295000.000,2024-07-11 03:36:15.030
BTC,SELL,0.0100,9295000.000,2024-07-11 03:36:15.412
BTC,SELL,0.0037,9295000.000,2024-07-11 03:36:16.891
BTC,SELL,0.0100,9295000.000,2024-07-11 03:36:16.895
BTC,SELL,0.0036,9295000.000,2024-07-11 03:36:20.498
BTC,SELL,0.0001,9285460.000,2024-07-11 03:36:29.018
BTC,SELL,0.0010,9285367.000,2024-07-11 03:36:29.018
BTC,SELL,0.0037,9286129.000,2024-07-11 03:36:34.495
BTC,SELL,0.0001,9287318.000,2024-07-11 03:37:54.350
BTC,SELL,0.0028,9285383.000,2024-07-11 03:37:54.350
BTC,SELL,0.0071,9285367.000,2024-07-11 03:37:54.350
BTC,BUY,0.0010,9286660.000,2024-07-11 03:37:57.086
BTC,BUY,0.0001,9289915.000,2024-07-11 03:38:27.545
BTC,BUY,0.0099,9290900.000,2024-07-11 03:38:27.545
BTC,BUY,0.0001,9291252.000,2024-07-11 03:38:31.455
BTC,BUY,0.1112,9296730.000,2024-07-11 03:38:47.193
BTC,SELL,0.0040,9295760.000,2024-07-11 03:38:58.853
BTC,SELL,0.0001,9295760.000,2024-07-11 03:38:58.853
BTC,SELL,0.0059,9295681.000,2024-07-11 03:38:58.853
BTC,BUY,0.0100,9296200.000,2024-07-11 03:39:02.530
BTC,BUY,0.0001,9297790.000,2024-07-11 03:39:31.777
BTC,BUY,0.0100,9298850.000,2024-07-11 03:39:41.328
