symbol,side,size,price,timestamp
BTC,BUY,0.0010,9259998.000,2024-07-13 21:00:25.994
BTC,SELL,0.0005,9257295.000,2024-07-13 21:00:26.051
BTC,SELL,0.0048,9256945.000,2024-07-13 21:00:26.051
BTC,SELL,0.0172,9256208.000,2024-07-13 21:00:26.051
BTC,BUY,0.0002,9259998.000,2024-07-13 21:00:26.107
BTC,SELL,0.0002,9259474.000,2024-07-13 21:00:30.341
BTC,BUY,0.0002,9259243.000,2024-07-13 21:02:25.743
BTC,BUY,0.0001,9261938.000,2024-07-13 21:04:45.259
BTC,BUY,0.0100,9258296.000,2024-07-13 21:07:27.397
BTC,SELL,0.0020,9258127.000,2024-07-13 21:07:38.793
BTC,SELL,0.0020,9256704.000,2024-07-13 21:07:58.847
BTC,BUY,0.0001,9257383.000,2024-07-13 21:09:28.919
BTC,BUY,0.0002,9265867.000,2024-07-13 21:16:11.122
BTC,BUY,0.0001,9267109.000,2024-07-13 21:20:25.815
BTC,BUY,0.0001,9267109.000,2024-07-13 21:20:25.815
BTC,BUY,0.0001,9267207.000,2024-07-13 21:20:31.807
BTC,BUY,0.0001,9269999.000,2024-07-13 21:20:31.807
BTC,BUY,0.0001,9272213.000,2024-07-13 21:21:46.713
BTC,BUY,0.0001,9272213.000,2024-07-13 21:22:46.921
BTC,SELL,0.0001,9271286.000,2024-07-13 21:23:42.831
BTC,SELL,0.0001,9270000.000,2024-07-13 21:23:42.831
BTC,SELL,0.0018,9269998.000,2024-07-13 21:23:42.831
BTC,BUY,0.0088,9272213.000,2024-07-13 21:25:26.242
BTC,BUY,0.0012,9272213.000,2024-07-13 21:25:26.242
BTC,SELL,0.0068,9272212.000,2024-07-13 21:28:51.964
BTC,SELL,0.0001,9270000.000,2024-07-13 21:28:51.964
BTC,SELL,0.0031,9269890.000,2024-07-13 21:28:51.964
BTC,BUY,0.0031,9269999.000,2024-07-13 21:30:19.526
BTC,BUY,0.0001,9270000.000,2024-07-13 21:30:19.526
BTC,BUY,0.0210,9270810.000,2024-07-13 21:30:19.526
BTC,BUY,0.0700,9271451.000,2024-07-13 21:30:19.526
BTC,BUY,0.0058,9272057.000,2024-07-13 21:30:19.526
BTC,BUY,0.1000,9270750.000,2024-07-13 21:31:24.253
BTC,BUY,0.0001,9269000.000,2024-07-13 21:32:08.645
BTC,BUY,0.0005,9268778.000,2024-07-13 21:32:19.493
BTC,BUY,0.0173,9268348.000,2024-07-13 21:33:01.892
BTC,SELL,0.0120,9265700.000,2024-07-13 21:33:55.412
BTC,SELL,0.0010,9265700.000,2024-07-13 21:34:57.894
BTC,BUY,0.0001,9269149.000,2024-07-13 21:36:25.945
BTC,BUY,0.0026,9268350.000,2024-07-13 21:37:05.583
BTC,SELL,0.0010,9265691.000,2024-07-13 21:37:14.713
BTC,BUY,0.0001,9268440.000,2024-07-13 21:38:48.178
BTC,BUY,0.0005,9268099.000,2024-07-13 21:40:03.099
BTC,BUY,0.0010,9266927.000,2024-07-13 21:43:09.479
BTC,SELL,0.0001,9265891.000,2024-07-13 21:44:15.693
BTC,SELL,0.0199,9265691.000,2024-07-13 21:44:15.693
BTC,SELL,0.0020,9265691.000,2024-07-13 21:44:18.682
BTC,BUY,0.0002,9266118.000,2024-07-13 21:44:48.659
BTC,BUY,0.0100,9266100.000,2024-07-13 21:50:29.576
BTC,BUY,0.0009,9271049.000,2024-07-13 22:00:03.265
BTC,BUY,0.0001,9269676.000,2024-07-13 22:00:07.436
BTC,SELL,0.0002,9269675.000,2024-07-13 22:00:35.961
BTC,BUY,0.0001,9270322.000,2024-07-13 22:01:34.090
BTC,BUY,0.0001,9272284.000,2024-07-13 22:05:56.295
BTC,BUY,0.0010,9270323.000,2024-07-13 22:07:38.735
BTC,BUY,0.0001,9270323.000,2024-07-13 22:07:54.774
BTC,BUY,0.0004,9270323.000,2024-07-13 22:08:36.271
BTC,BUY,0.0060,9270323.000,2024-07-13 22:08:52.617
BTC,BUY,0.0053,9270323.000,2024-07-13 22:08:59.495
BTC,BUY,0.0008,9270323.000,2024-07-13 22:09:35.266
BTC,BUY,0.0002,9270323.000,2024-07-13 22:10:00.543
BTC,BUY,0.0004,9270323.000,2024-07-13 22:10:17.176
BTC,BUY,0.0001,9272024.000,2024-07-13 22:15:02.581
BTC,SELL,0.0020,9270547.000,2024-07-13 22:17:14.803
BTC,BUY,0.0001,9270323.000,2024-07-13 22:17:55.143
BTC,SELL,0.0002,9270322.000,2024-07-13 22:19:00.443
BTC,SELL,0.0048,9270315.000,2024-07-13 22:19:00.443
BTC,SELL,0.0002,9270315.000,2024-07-13 22:20:12.511
BTC,SELL,0.0001,9270000.000,2024-07-13 22:20:12.511
BTC,SELL,0.0002,9269675.000,2024-07-13 22:20:12.511
BTC,SELL,0.0015,9269154.000,2024-07-13 22:20:12.511
BTC,SELL,0.0264,9269154.000,2024-07-13 22:20:12.585
BTC,SELL,0.0020,9268926.000,2024-07-13 22:20:22.860
BTC,SELL,0.0020,9268496.000,2024-07-13 22:20:35.225
BTC,SELL,0.0002,9268496.000,2024-07-13 22:20:35.744
BTC,SELL,0.0020,9267063.000,2024-07-13 22:21:56.478
BTC,SELL,0.0020,9266100.000,2024-07-13 22:22:05.812
BTC,SELL,0.0060,9266100.000,2024-07-13 22:22:39.296
BTC,SELL,0.0020,9266100.000,2024-07-13 22:22:39.364
BTC,SELL,0.0003,9266000.000,2024-07-13 22:22:53.071
BTC,SELL,0.0017,9256818.000,2024-07-13 22:22:53.071
BTC,SELL,0.0020,9256358.000,2024-07-13 22:23:27.671
BTC,SELL,0.0020,9256001.000,2024-07-13 22:24:19.812
BTC,SELL,0.0012,9256001.000,2024-07-13 22:24:37.712
BTC,SELL,0.0020,9251150.000,2024-07-13 22:24:38.432
BTC,SELL,0.0036,9251150.000,2024-07-13 22:24:42.305
BTC,SELL,0.0011,9250000.000,2024-07-13 22:24:42.305
BTC,SELL,0.0004,9250000.000,2024-07-13 22:24:42.305
BTC,SELL,0.0001,9250000.000,2024-07-13 22:24:42.305
BTC,SELL,0.0002,9250000.000,2024-07-13 22:24:42.305
BTC,SELL,0.0010,9250000.000,2024-07-13 22:24:42.305
BTC,SELL,0.0001,9250000.000,2024-07-13 22:24:42.305
BTC,SELL,0.0100,9250000.000,2024-07-13 22:24:42.305
BTC,SELL,0.0001,9250000.000,2024-07-13 22:24:42.305
BTC,SELL,0.0034,9250000.000,2024-07-13 22:24:42.305
BTC,SELL,0.0066,9250000.000,2024-07-13 22:24:42.314
BTC,SELL,0.0003,9250000.000,2024-07-13 22:24:42.314
BTC,SELL,0.0002,9250000.000,2024-07-13 22:24:47.852
BTC,SELL,0.0001,9249710.000,2024-07-13 22:24:47.852
BTC,SELL,0.0004,9249434.000,2024-07-13 22:24:47.852
BTC,SELL,0.0001,9246000.000,2024-07-13 22:24:47.852
BTC,SELL,0.0012,9245920.000,2024-07-13 22:24:47.852
BTC,SELL,0.0020,9245496.000,2024-07-13 22:24:53.407
BTC,SELL,0.0001,9245405.000,2024-07-13 22:24:53.407
BTC,SELL,0.0003,9245000.000,2024-07-13 22:24:53.407
BTC,SELL,0.0002,9245000.000,2024-07-13 22:24:53.407
BTC,SELL,0.0024,9240874.000,2024-07-13 22:24:53.407
BTC,SELL,0.0020,9240874.000,2024-07-13 22:24:53.634
BTC,SELL,0.0200,9240385.000,2024-07-13 22:24:55.924
BTC,SELL,0.0100,9240385.000,2024-07-13 22:24:56.424
BTC,SELL,0.0004,9240000.000,2024-07-13 22:25:04.177
BTC,SELL,0.0002,9240000.000,2024-07-13 22:25:04.177
BTC,SELL,0.0094,9240000.000,2024-07-13 22:25:04.177
BTC,SELL,0.0007,9240000.000,2024-07-13 22:25:12.282
BTC,SELL,0.0015,9240000.000,2024-07-13 22:25:12.282
BTC,SELL,0.0011,9240000.000,2024-07-13 22:25:12.282
BTC,SELL,0.0067,9240000.000,2024-07-13 22:25:12.282
BTC,SELL,0.0033,9240000.000,2024-07-13 22:25:12.287
BTC,SELL,0.0001,9240000.000,2024-07-13 22:25:12.287
BTC,SELL,0.0027,9240000.000,2024-07-13 22:25:12.287
BTC,SELL,0.0050,9237747.000,2024-07-13 22:25:12.292
BTC,SELL,0.0050,9237747.000,2024-07-13 22:25:12.494
BTC,SELL,0.0001,9236470.000,2024-07-13 22:25:13.284
BTC,SELL,0.0010,9235000.000,2024-07-13 22:25:13.709
BTC,SELL,0.0002,9235000.000,2024-07-13 22:25:13.709
BTC,SELL,0.0011,9233541.000,2024-07-13 22:25:13.709
BTC,SELL,0.0087,9233523.000,2024-07-13 22:25:13.709
BTC,SELL,0.0020,9233523.000,2024-07-13 22:25:13.910
BTC,SELL,0.0002,9233300.000,2024-07-13 22:25:36.109
BTC,SELL,0.0020,9233300.000,2024-07-13 22:25:37.831
BTC,SELL,0.0050,9233300.000,2024-07-13 22:25:40.998
BTC,SELL,0.0020,9233300.000,2024-07-13 22:25:42.633
BTC,SELL,0.0050,9233300.000,2024-07-13 22:25:43.801
BTC,SELL,0.0050,9233300.000,2024-07-13 22:25:44.286
BTC,SELL,0.0050,9233300.000,2024-07-13 22:25:45.351
BTC,SELL,0.0058,9233300.000,2024-07-13 22:25:45.416
BTC,SELL,0.0001,9230021.000,2024-07-13 22:25:45.857
BTC,SELL,0.0001,9230000.000,2024-07-13 22:25:45.857
BTC,SELL,0.0004,9230000.000,2024-07-13 22:25:45.857
BTC,SELL,0.0002,9230000.000,2024-07-13 22:25:45.857
BTC,SELL,0.0011,9230000.000,2024-07-13 22:25:45.857
BTC,SELL,0.0001,9230000.000,2024-07-13 22:25:45.857
BTC,SELL,0.0040,9226701.000,2024-07-13 22:25:45.857
BTC,SELL,0.0001,9225000.000,2024-07-13 22:25:51.534
BTC,SELL,0.0049,9224996.000,2024-07-13 22:25:51.534
BTC,SELL,0.0020,9224840.000,2024-07-13 22:26:00.477
BTC,SELL,0.0050,9223590.000,2024-07-13 22:26:02.911
BTC,SELL,0.0050,9223590.000,2024-07-13 22:26:03.109
BTC,SELL,0.0100,9223590.000,2024-07-13 22:26:04.336
BTC,SELL,0.0151,9223590.000,2024-07-13 22:26:25.562
BTC,SELL,0.0020,9223590.000,2024-07-13 22:26:25.663
BTC,SELL,0.0100,9223590.000,2024-07-13 22:26:26.081
BTC,SELL,0.0029,9223590.000,2024-07-13 22:26:26.357
BTC,SELL,0.0160,9222500.000,2024-07-13 22:26:26.471
BTC,SELL,0.0001,9221983.000,2024-07-13 22:26:27.477
BTC,SELL,0.0001,9220989.000,2024-07-13 22:26:27.477
BTC,SELL,0.0004,9220000.000,2024-07-13 22:26:27.477
BTC,SELL,0.0044,9220000.000,2024-07-13 22:26:27.477
BTC,SELL,0.0056,9220000.000,2024-07-13 22:26:27.551
BTC,SELL,0.0002,9220000.000,2024-07-13 22:26:27.551
BTC,SELL,0.0001,9220000.000,2024-07-13 22:26:27.551
BTC,SELL,0.0001,9220000.000,2024-07-13 22:26:27.551
BTC,SELL,0.0001,9219803.000,2024-07-13 22:26:27.551
BTC,SELL,0.0001,9219770.000,2024-07-13 22:26:27.551
BTC,SELL,0.0043,9218665.000,2024-07-13 22:26:27.551
BTC,SELL,0.0057,9218665.000,2024-07-13 22:26:27.642
BTC,SELL,0.0119,9214051.000,2024-07-13 22:26:27.642
BTC,SELL,0.0824,9214050.000,2024-07-13 22:26:27.642
BTC,SELL,0.0100,9216271.000,2024-07-13 22:26:28.451
BTC,SELL,0.0100,9216271.000,2024-07-13 22:26:28.502
BTC,SELL,0.0100,9216271.000,2024-07-13 22:26:28.759
BTC,SELL,0.0500,9216271.000,2024-07-13 22:26:29.229
BTC,BUY,0.0100,9216272.000,2024-07-13 22:26:29.935
BTC,SELL,0.0020,9216271.000,2024-07-13 22:26:30.850
BTC,SELL,0.0002,9214397.000,2024-07-13 22:27:06.169
BTC,SELL,0.0018,9213362.000,2024-07-13 22:27:06.169
BTC,BUY,0.1000,9212613.000,2024-07-13 22:27:21.131
BTC,BUY,0.0050,9213560.000,2024-07-13 22:27:21.395
BTC,BUY,0.0051,9213560.000,2024-07-13 22:27:21.861
BTC,BUY,0.0009,9216168.000,2024-07-13 22:27:21.861
BTC,BUY,0.0101,9217290.000,2024-07-13 22:27:26.489
BTC,BUY,0.0100,9219239.000,2024-07-13 22:27:32.905
BTC,BUY,0.0005,9229365.000,2024-07-13 22:29:00.467
BTC,BUY,0.0005,9229365.000,2024-07-13 22:29:03.473
BTC,SELL,0.0020,9227595.000,2024-07-13 22:29:12.539
BTC,BUY,0.0001,9226903.000,2024-07-13 22:29:20.423
BTC,SELL,0.0540,9227079.000,2024-07-13 22:30:09.138
BTC,SELL,0.0003,9226363.000,2024-07-13 22:30:11.846
BTC,SELL,0.0002,9224329.000,2024-07-13 22:31:00.747
BTC,SELL,0.0066,9224329.000,2024-07-13 22:31:01.938
BTC,SELL,0.0034,9223972.000,2024-07-13 22:31:01.938
BTC,BUY,0.0100,9221048.000,2024-07-13 22:31:14.368
BTC,BUY,0.0008,9221049.000,2024-07-13 22:31:14.368
BTC,BUY,0.0100,9219240.000,2024-07-13 22:32:10.574
BTC,BUY,0.0001,9230303.000,2024-07-13 22:34:14.596
BTC,BUY,0.0005,9234658.000,2024-07-13 22:35:47.897
BTC,BUY,0.0002,9237434.000,2024-07-13 22:36:22.367
BTC,BUY,0.0003,9239980.000,2024-07-13 22:36:22.367
BTC,BUY,0.0400,9244149.000,2024-07-13 22:36:57.912
BTC,SELL,0.0001,9239495.000,2024-07-13 22:36:59.774
BTC,SELL,0.0110,9237705.000,2024-07-13 22:37:02.981
BTC,SELL,0.0110,9237705.000,2024-07-13 22:37:03.021
BTC,SELL,0.0100,9237670.000,2024-07-13 22:37:03.766
BTC,BUY,0.0010,9237258.000,2024-07-13 22:37:18.630
BTC,BUY,0.0010,9239457.000,2024-07-13 22:37:37.361
BTC,BUY,0.0010,9242198.000,2024-07-13 22:38:13.506
BTC,BUY,0.0300,9243899.000,2024-07-13 22:39:06.907
BTC,BUY,0.0002,9246877.000,2024-07-13 22:39:46.397
BTC,SELL,0.0005,9246543.000,2024-07-13 22:40:03.514
BTC,BUY,0.0001,9250000.000,2024-07-13 22:40:13.740
BTC,BUY,0.0700,9252211.000,2024-07-13 22:40:13.740
BTC,BUY,0.0098,9253209.000,2024-07-13 22:40:13.740
BTC,BUY,0.0107,9253275.000,2024-07-13 22:40:13.740
BTC,BUY,0.0368,9253315.000,2024-07-13 22:40:13.740
BTC,BUY,0.0724,9253326.000,2024-07-13 22:40:13.740
BTC,BUY,0.0388,9254361.000,2024-07-13 22:40:13.740
BTC,BUY,0.0538,9254362.000,2024-07-13 22:40:13.740
BTC,BUY,0.0002,9254362.000,2024-07-13 22:40:13.899
BTC,BUY,0.0168,9255791.000,2024-07-13 22:40:13.899
BTC,BUY,0.0300,9256719.000,2024-07-13 22:40:13.899
BTC,BUY,0.0300,9256914.000,2024-07-13 22:40:13.899
BTC,BUY,0.0125,9257440.000,2024-07-13 22:40:13.899
BTC,BUY,0.0100,9257519.000,2024-07-13 22:40:13.899
BTC,BUY,0.1000,9257720.000,2024-07-13 22:40:13.899
BTC,BUY,0.0538,9258040.000,2024-07-13 22:40:13.899
BTC,BUY,0.0011,9260000.000,2024-07-13 22:40:14.788
BTC,BUY,0.0004,9260000.000,2024-07-13 22:40:14.788
BTC,BUY,0.0035,9260146.000,2024-07-13 22:40:14.788
BTC,BUY,0.0700,9253208.000,2024-07-13 22:40:15.089
BTC,BUY,0.0001,9260000.000,2024-07-13 22:40:15.089
BTC,BUY,0.0034,9260968.000,2024-07-13 22:40:15.089
BTC,BUY,0.0016,9260968.000,2024-07-13 22:40:15.673
BTC,BUY,0.0100,9261758.000,2024-07-13 22:40:15.673
BTC,BUY,0.0004,9270000.000,2024-07-13 22:40:15.673
BTC,BUY,0.0011,9270000.000,2024-07-13 22:40:15.673
BTC,BUY,0.0100,9270000.000,2024-07-13 22:40:15.673
BTC,BUY,0.0001,9270000.000,2024-07-13 22:40:15.673
BTC,BUY,0.0007,9277219.000,2024-07-13 22:40:15.673
BTC,BUY,0.0022,9265680.000,2024-07-13 22:40:15.944
BTC,BUY,0.0011,9280000.000,2024-07-13 22:40:15.944
BTC,BUY,0.0004,9280000.000,2024-07-13 22:40:15.944
BTC,BUY,0.0001,9281446.000,2024-07-13 22:40:15.944
BTC,BUY,0.0001,9282960.000,2024-07-13 22:40:15.944
BTC,BUY,0.0011,9290000.000,2024-07-13 22:40:15.944
BTC,BUY,0.0004,9290000.000,2024-07-13 22:40:15.944
BTC,BUY,0.0010,9296000.000,2024-07-13 22:40:15.944
BTC,BUY,0.0011,9300000.000,2024-07-13 22:40:15.944
BTC,BUY,0.0004,9300000.000,2024-07-13 22:40:15.944
BTC,BUY,0.0002,9300000.000,2024-07-13 22:40:15.944
BTC,BUY,0.0100,9300000.000,2024-07-13 22:40:15.944
BTC,BUY,0.0019,9305210.000,2024-07-13 22:40:15.944
BTC,BUY,0.0010,9280425.000,2024-07-13 22:40:16.115
BTC,BUY,0.0010,9280425.000,2024-07-13 22:40:16.294
BTC,BUY,0.0010,9280425.000,2024-07-13 22:40:16.345
BTC,BUY,0.0200,9280425.000,2024-07-13 22:40:16.722
BTC,SELL,0.0176,9280424.000,2024-07-13 22:40:17.789
BTC,SELL,0.0124,9280424.000,2024-07-13 22:40:18.018
BTC,SELL,0.0052,9280423.000,2024-07-13 22:40:18.018
BTC,SELL,0.0050,9280423.000,2024-07-13 22:40:18.103
BTC,SELL,0.0200,9280423.000,2024-07-13 22:40:18.170
BTC,SELL,0.0050,9280423.000,2024-07-13 22:40:18.581
BTC,SELL,0.0248,9280423.000,2024-07-13 22:40:18.582
BTC,SELL,0.0040,9280423.000,2024-07-13 22:40:18.638
BTC,SELL,0.0200,9280423.000,2024-07-13 22:40:18.921
BTC,SELL,0.0050,9279628.000,2024-07-13 22:40:20.612
BTC,SELL,0.0100,9279628.000,2024-07-13 22:40:21.854
BTC,SELL,0.0100,9278255.000,2024-07-13 22:40:22.027
BTC,BUY,0.0002,9278256.000,2024-07-13 22:40:34.026
BTC,BUY,0.0002,9289956.000,2024-07-13 22:40:37.458
BTC,BUY,0.0002,9289956.000,2024-07-13 22:40:37.799
BTC,SELL,0.0100,9289955.000,2024-07-13 22:40:41.795
BTC,BUY,0.0100,9289956.000,2024-07-13 22:40:47.725
BTC,BUY,0.0002,9289956.000,2024-07-13 22:40:47.725
BTC,BUY,0.0398,9289956.000,2024-07-13 22:40:47.725
BTC,SELL,0.0110,9289955.000,2024-07-13 22:41:06.063
BTC,BUY,0.0001,9289956.000,2024-07-13 22:41:07.430
BTC,BUY,0.0002,9289956.000,2024-07-13 22:41:21.907
BTC,BUY,0.0001,9290000.000,2024-07-13 22:41:26.472
BTC,BUY,0.0001,9290000.000,2024-07-13 22:41:29.215
BTC,BUY,0.0001,9290000.000,2024-07-13 22:41:29.215
BTC,BUY,0.0021,9302428.000,2024-07-13 22:41:39.850
BTC,BUY,0.0050,9302428.000,2024-07-13 22:41:39.942
BTC,BUY,0.0001,9306629.000,2024-07-13 22:41:51.386
BTC,BUY,0.0001,9308051.000,2024-07-13 22:41:54.827
BTC,SELL,0.0700,9309521.000,2024-07-13 22:42:12.882
BTC,SELL,0.0065,9309520.000,2024-07-13 22:42:12.882
BTC,SELL,0.0235,9309499.000,2024-07-13 22:42:12.882
BTC,SELL,0.0099,9309261.000,2024-07-13 22:42:16.874
BTC,SELL,0.0200,9308050.000,2024-07-13 22:42:28.234
BTC,SELL,0.0328,9305210.000,2024-07-13 22:42:28.610
BTC,SELL,0.0016,9300440.000,2024-07-13 22:42:31.917
BTC,SELL,0.0300,9299950.000,2024-07-13 22:42:34.228
BTC,SELL,0.0010,9299950.000,2024-07-13 22:42:34.278
BTC,SELL,0.0800,9296730.000,2024-07-13 22:43:01.976
BTC,SELL,0.0050,9292180.000,2024-07-13 22:43:13.875
BTC,SELL,0.0008,9292365.000,2024-07-13 22:43:21.001
BTC,SELL,0.0110,9291305.000,2024-07-13 22:43:23.456
BTC,SELL,0.0009,9286131.000,2024-07-13 22:44:19.075
BTC,BUY,0.0002,9280000.000,2024-07-13 22:44:54.648
BTC,BUY,0.0184,9282506.000,2024-07-13 22:44:54.648
BTC,BUY,0.0099,9282844.000,2024-07-13 22:44:54.648
BTC,BUY,0.0039,9283094.000,2024-07-13 22:44:54.648
BTC,BUY,0.0100,9283376.000,2024-07-13 22:44:54.648
BTC,BUY,0.0376,9283444.000,2024-07-13 22:44:54.648
BTC,BUY,0.0002,9283400.000,2024-07-13 22:44:56.664
BTC,BUY,0.0001,9283400.000,2024-07-13 22:45:00.261
BTC,BUY,0.0300,9294539.000,2024-07-13 22:46:01.582
BTC,BUY,0.0002,9294539.000,2024-07-13 22:46:18.262
BTC,BUY,0.0001,9294540.000,2024-07-13 22:46:18.262
BTC,BUY,0.0002,9295000.000,2024-07-13 22:46:21.734
BTC,BUY,0.1000,9304900.000,2024-07-13 22:46:28.243
BTC,BUY,0.0003,9310000.000,2024-07-13 22:47:51.822
BTC,BUY,0.0020,9310000.000,2024-07-13 22:47:51.822
BTC,BUY,0.0001,9310000.000,2024-07-13 22:47:51.822
BTC,BUY,0.0011,9310000.000,2024-07-13 22:47:51.822
BTC,BUY,0.0002,9310000.000,2024-07-13 22:47:51.822
BTC,BUY,0.0001,9310160.000,2024-07-13 22:47:53.023
BTC,BUY,0.0030,9310566.000,2024-07-13 22:48:05.593
BTC,BUY,0.0001,9310452.000,2024-07-13 22:48:06.140
BTC,BUY,0.0010,9305584.000,2024-07-13 22:48:14.059
BTC,SELL,0.0300,9303625.000,2024-07-13 22:48:14.124
BTC,SELL,0.0001,9300000.000,2024-07-13 22:49:43.850
BTC,SELL,0.0109,9299520.000,2024-07-13 22:49:43.850
BTC,BUY,0.0001,9300001.000,2024-07-13 22:50:26.228
BTC,SELL,0.0110,9300000.000,2024-07-13 22:50:33.367
BTC,BUY,0.0022,9300001.000,2024-07-13 22:51:27.676
BTC,BUY,0.0022,9305699.000,2024-07-13 22:51:46.584
BTC,BUY,0.0001,9305650.000,2024-07-13 22:51:50.152
BTC,SELL,0.0010,9304680.000,2024-07-13 22:51:57.737
BTC,BUY,0.0001,9306803.000,2024-07-13 22:51:58.977
BTC,BUY,0.0002,9310679.000,2024-07-13 22:53:10.987
BTC,BUY,0.0010,9314319.000,2024-07-13 22:53:12.131
BTC,BUY,0.0002,9315000.000,2024-07-13 22:53:12.131
BTC,BUY,0.0288,9318741.000,2024-07-13 22:53:12.131
BTC,BUY,0.0412,9318741.000,2024-07-13 22:53:12.258
BTC,BUY,0.0010,9319000.000,2024-07-13 22:53:12.258
BTC,BUY,0.0001,9319745.000,2024-07-13 22:53:12.258
BTC,BUY,0.0003,9320000.000,2024-07-13 22:53:12.258
BTC,BUY,0.0001,9320000.000,2024-07-13 22:53:12.258
BTC,BUY,0.0073,9320000.000,2024-07-13 22:53:12.258
BTC,BUY,0.0027,9320000.000,2024-07-13 22:53:12.533
BTC,BUY,0.0011,9320000.000,2024-07-13 22:53:12.533
BTC,BUY,0.0001,9320000.000,2024-07-13 22:53:12.533
BTC,BUY,0.0492,9320450.000,2024-07-13 22:53:12.533
BTC,BUY,0.0197,9320450.000,2024-07-13 22:53:12.828
BTC,BUY,0.0090,9323333.000,2024-07-13 22:53:13.561
BTC,SELL,0.0010,9319520.000,2024-07-13 22:53:13.583
BTC,SELL,0.0001,9320000.000,2024-07-13 22:53:14.031
BTC,SELL,0.0019,9319999.000,2024-07-13 22:53:14.031
BTC,BUY,0.0010,9325775.000,2024-07-13 22:53:14.544
BTC,BUY,0.0030,9328890.000,2024-07-13 22:53:14.544
BTC,BUY,0.0010,9328890.000,2024-07-13 22:53:14.641
BTC,SELL,0.0004,9320164.000,2024-07-13 22:53:14.824
BTC,SELL,0.0010,9320200.000,2024-07-13 22:53:15.619
BTC,SELL,0.0010,9327520.000,2024-07-13 22:53:16.428
BTC,BUY,0.0004,9328959.000,2024-07-13 22:53:16.788
BTC,SELL,0.0006,9327280.000,2024-07-13 22:53:17.280
BTC,SELL,0.0004,9327205.000,2024-07-13 22:53:17.280
BTC,BUY,0.0010,9327521.000,2024-07-13 22:53:17.471
BTC,SELL,0.0020,9327205.000,2024-07-13 22:53:17.580
BTC,BUY,0.0009,9327521.000,2024-07-13 22:53:17.655
BTC,BUY,0.0001,9328866.000,2024-07-13 22:53:17.655
BTC,BUY,0.0020,9328866.000,2024-07-13 22:53:18.049
BTC,BUY,0.0010,9328866.000,2024-07-13 22:53:18.427
BTC,BUY,0.0010,9328960.000,2024-07-13 22:53:19.355
BTC,BUY,0.0050,9328960.000,2024-07-13 22:53:19.705
BTC,BUY,0.0065,9328960.000,2024-07-13 22:53:19.708
BTC,BUY,0.0220,9328996.000,2024-07-13 22:53:19.708
BTC,BUY,0.0003,9330000.000,2024-07-13 22:53:19.708
BTC,BUY,0.0001,9330000.000,2024-07-13 22:53:19.708
BTC,BUY,0.0245,9330361.000,2024-07-13 22:53:19.708
BTC,BUY,0.0001,9328902.000,2024-07-13 22:53:22.785
BTC,BUY,0.0002,9329591.000,2024-07-13 22:53:23.180
BTC,BUY,0.0001,9330000.000,2024-07-13 22:53:23.180
BTC,BUY,0.0010,9337231.000,2024-07-13 22:53:23.180
BTC,BUY,0.0174,9337903.000,2024-07-13 22:53:23.180
BTC,BUY,0.0001,9337903.000,2024-07-13 22:53:23.631
BTC,BUY,0.0300,9337903.000,2024-07-13 22:53:24.565
BTC,BUY,0.0050,9337903.000,2024-07-13 22:53:24.646
BTC,BUY,0.0200,9337903.000,2024-07-13 22:53:25.142
BTC,BUY,0.0003,9340000.000,2024-07-13 22:53:28.057
BTC,BUY,0.0020,9340000.000,2024-07-13 22:53:28.057
BTC,BUY,0.0001,9340000.000,2024-07-13 22:53:28.057
BTC,BUY,0.0001,9340000.000,2024-07-13 22:53:28.057
BTC,BUY,0.0001,9340000.000,2024-07-13 22:53:28.057
BTC,BUY,0.0018,9340000.000,2024-07-13 22:53:28.057
BTC,BUY,0.0001,9345893.000,2024-07-13 22:53:37.098
BTC,BUY,0.0002,9347800.000,2024-07-13 22:53:44.099
BTC,SELL,0.0040,9347920.000,2024-07-13 22:53:46.545
BTC,BUY,0.0010,9348686.000,2024-07-13 22:53:46.922
BTC,BUY,0.0003,9350000.000,2024-07-13 22:53:47.556
BTC,BUY,0.0003,9350000.000,2024-07-13 22:53:47.556
BTC,BUY,0.0014,9350000.000,2024-07-13 22:53:47.556
BTC,SELL,0.0001,9349999.000,2024-07-13 22:53:48.165
BTC,SELL,0.0001,9349999.000,2024-07-13 22:53:51.580
BTC,BUY,0.0086,9350000.000,2024-07-13 22:54:16.644
BTC,BUY,0.0014,9350000.000,2024-07-13 22:54:16.644
BTC,BUY,0.0086,9350000.000,2024-07-13 22:54:17.369
BTC,BUY,0.0020,9350000.000,2024-07-13 22:54:17.369
BTC,BUY,0.0005,9350000.000,2024-07-13 22:54:17.369
BTC,BUY,0.0001,9350000.000,2024-07-13 22:54:17.369
BTC,BUY,0.0100,9350000.000,2024-07-13 22:54:17.369
BTC,BUY,0.0010,9350000.000,2024-07-13 22:54:17.369
BTC,BUY,0.0001,9350000.000,2024-07-13 22:54:17.369
BTC,BUY,0.0050,9350000.000,2024-07-13 22:54:17.369
BTC,BUY,0.0045,9352820.000,2024-07-13 22:54:17.694
BTC,BUY,0.0002,9355080.000,2024-07-13 22:54:17.694
BTC,BUY,0.0153,9358388.000,2024-07-13 22:54:17.694
BTC,SELL,0.0010,9353970.000,2024-07-13 22:54:18.413
BTC,SELL,0.0004,9352910.000,2024-07-13 22:54:18.825
BTC,SELL,0.0010,9352380.000,2024-07-13 22:54:19.279
BTC,SELL,0.0010,9355145.000,2024-07-13 22:54:19.505
BTC,SELL,0.0010,9359308.000,2024-07-13 22:54:19.630
BTC,SELL,0.0020,9359308.000,2024-07-13 22:54:20.036
BTC,BUY,0.0010,9359310.000,2024-07-13 22:54:20.453
BTC,BUY,0.0040,9359310.000,2024-07-13 22:54:20.597
BTC,BUY,0.0004,9359310.000,2024-07-13 22:54:20.799
BTC,SELL,0.0050,9359308.000,2024-07-13 22:54:21.096
BTC,BUY,0.0010,9359309.000,2024-07-13 22:54:21.257
BTC,BUY,0.0010,9359309.000,2024-07-13 22:54:21.500
BTC,SELL,0.0050,9359308.000,2024-07-13 22:54:21.616
BTC,BUY,0.0010,9359309.000,2024-07-13 22:54:21.695
BTC,BUY,0.0099,9359309.000,2024-07-13 22:54:22.178
BTC,BUY,0.0001,9359332.000,2024-07-13 22:54:41.974
BTC,BUY,0.0002,9359332.000,2024-07-13 22:54:41.974
BTC,BUY,0.0001,9359904.000,2024-07-13 22:54:41.974
BTC,BUY,0.0003,9360000.000,2024-07-13 22:54:41.974
BTC,BUY,0.0001,9360000.000,2024-07-13 22:54:41.974
BTC,BUY,0.0005,9360000.000,2024-07-13 22:54:41.974
BTC,BUY,0.0001,9360000.000,2024-07-13 22:54:41.974
BTC,BUY,0.0001,9360000.000,2024-07-13 22:54:41.974
BTC,BUY,0.0010,9360142.000,2024-07-13 22:54:41.974
BTC,BUY,0.0075,9363130.000,2024-07-13 22:54:41.974
BTC,BUY,0.0001,9357281.000,2024-07-13 22:54:53.382
BTC,BUY,0.0020,9357281.000,2024-07-13 22:55:15.404
BTC,SELL,0.0200,9356557.000,2024-07-13 22:55:18.342
BTC,SELL,0.0050,9356480.000,2024-07-13 22:55:19.735
BTC,SELL,0.0035,9356480.000,2024-07-13 22:55:19.737
BTC,SELL,0.0365,9355961.000,2024-07-13 22:55:19.737
BTC,SELL,0.0200,9355961.000,2024-07-13 22:55:20.385
BTC,SELL,0.0198,9355961.000,2024-07-13 22:55:20.485
BTC,SELL,0.0050,9356000.000,2024-07-13 22:55:22.195
BTC,SELL,0.0075,9356000.000,2024-07-13 22:55:22.234
BTC,SELL,0.0060,9352318.000,2024-07-13 22:55:22.455
BTC,SELL,0.0050,9352318.000,2024-07-13 22:55:22.713
BTC,SELL,0.0114,9352318.000,2024-07-13 22:55:24.083
BTC,SELL,0.0200,9352318.000,2024-07-13 22:55:24.208
BTC,SELL,0.0100,9352318.000,2024-07-13 22:55:24.209
BTC,SELL,0.0050,9352318.000,2024-07-13 22:55:24.211
BTC,SELL,0.0159,9352318.000,2024-07-13 22:55:24.503
BTC,SELL,0.0050,9352318.000,2024-07-13 22:55:24.747
BTC,SELL,0.0217,9352318.000,2024-07-13 22:55:25.075
BTC,SELL,0.0066,9352240.000,2024-07-13 22:55:25.075
BTC,SELL,0.0059,9352240.000,2024-07-13 22:55:25.251
BTC,SELL,0.0001,9350000.000,2024-07-13 22:55:25.251
BTC,SELL,0.0010,9350000.000,2024-07-13 22:55:25.251
BTC,SELL,0.0030,9348180.000,2024-07-13 22:55:25.251
BTC,SELL,0.0050,9348180.000,2024-07-13 22:55:25.255
BTC,SELL,0.0010,9348180.000,2024-07-13 22:55:25.375
BTC,SELL,0.0400,9348180.000,2024-07-13 22:55:25.382
BTC,SELL,0.0001,9350000.000,2024-07-13 22:55:26.045
BTC,SELL,0.0049,9348180.000,2024-07-13 22:55:26.045
BTC,SELL,0.0233,9346591.000,2024-07-13 22:55:30.133
BTC,SELL,0.0700,9343121.000,2024-07-13 22:55:30.133
BTC,SELL,0.0067,9343120.000,2024-07-13 22:55:30.133
BTC,SELL,0.0010,9343120.000,2024-07-13 22:55:30.235
BTC,SELL,0.0043,9343150.000,2024-07-13 22:55:30.943
BTC,SELL,0.0100,9342555.000,2024-07-13 22:55:44.865
BTC,SELL,0.0400,9341780.000,2024-07-13 22:55:45.665
BTC,BUY,0.0001,9344430.000,2024-07-13 22:55:51.845
BTC,BUY,0.0060,9340358.000,2024-07-13 22:56:39.322
BTC,BUY,0.0050,9340358.000,2024-07-13 22:56:39.324
BTC,BUY,0.0107,9340358.000,2024-07-13 22:56:41.192
BTC,BUY,0.0001,9351566.000,2024-07-13 22:57:47.549
BTC,SELL,0.0100,9354730.000,2024-07-13 22:58:31.427
BTC,BUY,0.0090,9366054.000,2024-07-13 22:58:57.790
BTC,BUY,0.0110,9366055.000,2024-07-13 22:58:57.790
BTC,BUY,0.0010,9366055.000,2024-07-13 22:58:58.160
BTC,BUY,0.0116,9368385.000,2024-07-13 22:58:58.160
BTC,BUY,0.0373,9368450.000,2024-07-13 22:58:58.160
BTC,BUY,0.0400,9368644.000,2024-07-13 22:58:58.409
BTC,BUY,0.0300,9368644.000,2024-07-13 22:58:58.871
BTC,BUY,0.0100,9368960.000,2024-07-13 22:58:58.871
BTC,BUY,0.0393,9368960.000,2024-07-13 22:58:58.886
BTC,BUY,0.0003,9370000.000,2024-07-13 22:58:58.886
BTC,BUY,0.0020,9370000.000,2024-07-13 22:58:58.886
BTC,BUY,0.0001,9370000.000,2024-07-13 22:58:58.886
BTC,BUY,0.0001,9370000.000,2024-07-13 22:58:58.886
BTC,BUY,0.0001,9370000.000,2024-07-13 22:58:58.886
BTC,BUY,0.0010,9371598.000,2024-07-13 22:58:58.886
BTC,BUY,0.0071,9372758.000,2024-07-13 22:58:58.886
BTC,BUY,0.0229,9372758.000,2024-07-13 22:58:59.015
BTC,BUY,0.0090,9373333.000,2024-07-13 22:58:59.015
BTC,BUY,0.0081,9375685.000,2024-07-13 22:58:59.015
BTC,BUY,0.0050,9375685.000,2024-07-13 22:58:59.170
BTC,BUY,0.0200,9375685.000,2024-07-13 22:58:59.176
BTC,BUY,0.0069,9375685.000,2024-07-13 22:58:59.666
BTC,BUY,0.0131,9377333.000,2024-07-13 22:58:59.666
BTC,BUY,0.0169,9377333.000,2024-07-13 22:59:00.037
BTC,BUY,0.0112,9379360.000,2024-07-13 22:59:00.256
BTC,BUY,0.0013,9379360.000,2024-07-13 22:59:00.326
BTC,BUY,0.0003,9380000.000,2024-07-13 22:59:00.326
BTC,BUY,0.0096,9380000.000,2024-07-13 22:59:00.326
BTC,BUY,0.0004,9380000.000,2024-07-13 22:59:01.386
BTC,BUY,0.0010,9380000.000,2024-07-13 22:59:01.386
BTC,BUY,0.0001,9380000.000,2024-07-13 22:59:01.386
BTC,BUY,0.0035,9380000.000,2024-07-13 22:59:01.386
BTC,BUY,0.0365,9380000.000,2024-07-13 22:59:01.535
BTC,BUY,0.0085,9380000.000,2024-07-13 22:59:01.535
BTC,SELL,0.0020,9378350.000,2024-07-13 22:59:01.586
BTC,BUY,0.1000,9380000.000,2024-07-13 22:59:01.592
BTC,BUY,0.0940,9380000.000,2024-07-13 22:59:01.959
BTC,BUY,0.0225,9380000.000,2024-07-13 22:59:02.085
BTC,BUY,0.4000,9380000.000,2024-07-13 22:59:02.086
BTC,BUY,0.0020,9380000.000,2024-07-13 22:59:02.088
BTC,BUY,0.0001,9380000.000,2024-07-13 22:59:02.091
BTC,BUY,0.0152,9380000.000,2024-07-13 22:59:02.999
BTC,BUY,0.0050,9380000.000,2024-07-13 22:59:03.084
BTC,BUY,0.0954,9380000.000,2024-07-13 22:59:03.087
BTC,BUY,0.0142,9380000.000,2024-07-13 22:59:03.130
BTC,BUY,0.0500,9380000.000,2024-07-13 22:59:03.155
BTC,BUY,0.0200,9380000.000,2024-07-13 22:59:03.247
BTC,BUY,0.0400,9380000.000,2024-07-13 22:59:03.249
BTC,BUY,0.0532,9380000.000,2024-07-13 22:59:03.389
BTC,BUY,0.0097,9380000.000,2024-07-13 22:59:03.391
BTC,BUY,0.0400,9380000.000,2024-07-13 22:59:03.560
BTC,BUY,0.0072,9380000.000,2024-07-13 22:59:03.562
BTC,BUY,0.0230,9380000.000,2024-07-13 22:59:03.805
BTC,BUY,0.0001,9380000.000,2024-07-13 22:59:03.805
BTC,BUY,0.0010,9383053.000,2024-07-13 22:59:03.946
BTC,BUY,0.0010,9385000.000,2024-07-13 22:59:03.946
BTC,BUY,0.0180,9387912.000,2024-07-13 22:59:03.946
BTC,SELL,0.0010,9387911.000,2024-07-13 22:59:05.292
BTC,SELL,0.0010,9387911.000,2024-07-13 22:59:05.481
BTC,SELL,0.0010,9387911.000,2024-07-13 22:59:05.636
BTC,SELL,0.0010,9388000.000,2024-07-13 22:59:06.395
BTC,SELL,0.0038,9388000.000,2024-07-13 22:59:06.650
BTC,SELL,0.0002,9387951.000,2024-07-13 22:59:06.650
BTC,SELL,0.0004,9387951.000,2024-07-13 22:59:06.853
BTC,BUY,0.0003,9390000.000,2024-07-13 22:59:07.312
BTC,BUY,0.0007,9390000.000,2024-07-13 22:59:07.312
BTC,BUY,0.0001,9390000.000,2024-07-13 22:59:07.571
BTC,BUY,0.0001,9390000.000,2024-07-13 22:59:07.571
BTC,BUY,0.0001,9390000.000,2024-07-13 22:59:07.571
BTC,BUY,0.0007,9393000.000,2024-07-13 22:59:07.571
BTC,BUY,0.0013,9393000.000,2024-07-13 22:59:07.641
BTC,BUY,0.0007,9394509.000,2024-07-13 22:59:07.641
BTC,BUY,0.0003,9394509.000,2024-07-13 22:59:07.757
BTC,BUY,0.0007,9395000.000,2024-07-13 22:59:07.757
BTC,SELL,0.0003,9389999.000,2024-07-13 22:59:07.774
BTC,BUY,0.0010,9394950.000,2024-07-13 22:59:08.468
BTC,BUY,0.0004,9394950.000,2024-07-13 22:59:08.821
BTC,SELL,0.0100,9394875.000,2024-07-13 22:59:13.879
BTC,BUY,0.0009,9395000.000,2024-07-13 22:59:19.103
BTC,BUY,0.0030,9397871.000,2024-07-13 22:59:19.103
BTC,BUY,0.0460,9398997.000,2024-07-13 22:59:19.103
BTC,SELL,0.0002,9394999.000,2024-07-13 22:59:19.820
BTC,SELL,0.0050,9398308.000,2024-07-13 22:59:21.287
BTC,SELL,0.0200,9398308.000,2024-07-13 22:59:21.615
BTC,SELL,0.0047,9398308.000,2024-07-13 22:59:21.721
BTC,SELL,0.0200,9394321.000,2024-07-13 22:59:22.150
BTC,SELL,0.0300,9394321.000,2024-07-13 22:59:22.913
BTC,SELL,0.0001,9393720.000,2024-07-13 22:59:28.548
BTC,SELL,0.0125,9393600.000,2024-07-13 22:59:34.443
BTC,BUY,0.0001,9394348.000,2024-07-13 22:59:46.252
BTC,BUY,0.0010,9393100.000,2024-07-13 22:59:59.951
BTC,SELL,0.0010,9392150.000,2024-07-13 23:00:03.021
BTC,BUY,0.0005,9393173.000,2024-07-13 23:00:07.454
BTC,SELL,0.0500,9393042.000,2024-07-13 23:00:12.608
BTC,SELL,0.0300,9392324.000,2024-07-13 23:00:13.780
BTC,SELL,0.0002,9392130.000,2024-07-13 23:00:21.095
BTC,SELL,0.0098,9392051.000,2024-07-13 23:00:21.095
BTC,SELL,0.0125,9390560.000,2024-07-13 23:00:25.168
BTC,BUY,0.0002,9390561.000,2024-07-13 23:00:26.120
BTC,SELL,0.0001,9390000.000,2024-07-13 23:00:29.483
BTC,SELL,0.0010,9390000.000,2024-07-13 23:00:29.483
BTC,SELL,0.0512,9386300.000,2024-07-13 23:00:32.166
BTC,SELL,0.0700,9385770.000,2024-07-13 23:00:38.724
BTC,SELL,0.0700,9380002.000,2024-07-13 23:00:48.980
BTC,BUY,0.0003,9382336.000,2024-07-13 23:00:50.230
BTC,SELL,0.0010,9380000.000,2024-07-13 23:00:53.459
BTC,SELL,0.0011,9380000.000,2024-07-13 23:00:53.459
BTC,SELL,0.0029,9375172.000,2024-07-13 23:00:53.459
BTC,SELL,0.0010,9375172.000,2024-07-13 23:00:53.560
BTC,SELL,0.0010,9375172.000,2024-07-13 23:00:53.696
BTC,BUY,0.0099,9379920.000,2024-07-13 23:00:59.222
BTC,BUY,0.0002,9379411.000,2024-07-13 23:01:06.861
BTC,SELL,0.0700,9377826.000,2024-07-13 23:01:17.202
BTC,SELL,0.0492,9375804.000,2024-07-13 23:01:27.539
BTC,SELL,0.0011,9370000.000,2024-07-13 23:01:51.550
BTC,SELL,0.0010,9370000.000,2024-07-13 23:01:51.550
BTC,SELL,0.0029,9370000.000,2024-07-13 23:01:51.550
BTC,SELL,0.0100,9369544.000,2024-07-13 23:01:52.561
BTC,SELL,0.0060,9369544.000,2024-07-13 23:01:52.765
BTC,SELL,0.0200,9369544.000,2024-07-13 23:01:53.230
BTC,SELL,0.0200,9369544.000,2024-07-13 23:01:53.527
BTC,SELL,0.0050,9369544.000,2024-07-13 23:01:53.647
BTC,SELL,0.0034,9369544.000,2024-07-13 23:01:53.775
BTC,SELL,0.0200,9369544.000,2024-07-13 23:01:54.121
BTC,SELL,0.0050,9369544.000,2024-07-13 23:01:54.636
BTC,SELL,0.0050,9369544.000,2024-07-13 23:01:55.136
BTC,SELL,0.0050,9366310.000,2024-07-13 23:02:33.764
BTC,SELL,0.0010,9366310.000,2024-07-13 23:02:33.808
BTC,BUY,0.0001,9366311.000,2024-07-13 23:02:37.063
BTC,SELL,0.0500,9366310.000,2024-07-13 23:02:37.081
BTC,SELL,0.0050,9366310.000,2024-07-13 23:02:46.397
BTC,SELL,0.0090,9366310.000,2024-07-13 23:02:47.089
BTC,SELL,0.0084,9366309.000,2024-07-13 23:02:47.089
BTC,SELL,0.0011,9360000.000,2024-07-13 23:02:55.055
BTC,SELL,0.0010,9360000.000,2024-07-13 23:02:55.055
BTC,SELL,0.0010,9358900.000,2024-07-13 23:02:55.120
BTC,SELL,0.0010,9358900.000,2024-07-13 23:02:55.160
BTC,SELL,0.0333,9359050.000,2024-07-13 23:03:14.481
BTC,SELL,0.0160,9358685.000,2024-07-13 23:03:14.481
BTC,SELL,0.0010,9358620.000,2024-07-13 23:03:14.481
BTC,SELL,0.5001,9357680.000,2024-07-13 23:03:14.481
BTC,SELL,0.0169,9357193.000,2024-07-13 23:03:14.481
BTC,SELL,0.2140,9357150.000,2024-07-13 23:03:14.481
BTC,SELL,0.2766,9356620.000,2024-07-13 23:03:14.481
BTC,SELL,0.0010,9356450.000,2024-07-13 23:03:32.244
BTC,BUY,0.0001,9365680.000,2024-07-13 23:04:14.522
BTC,BUY,0.0002,9367280.000,2024-07-13 23:04:27.533
BTC,BUY,0.0100,9368000.000,2024-07-13 23:04:46.834
BTC,BUY,0.0008,9368000.000,2024-07-13 23:04:46.838
BTC,BUY,0.0042,9376959.000,2024-07-13 23:04:46.838
BTC,BUY,0.0001,9370000.000,2024-07-13 23:04:47.173
BTC,BUY,0.0099,9376959.000,2024-07-13 23:04:47.173
BTC,BUY,0.0023,9376960.000,2024-07-13 23:04:47.915
BTC,BUY,0.0037,9378595.000,2024-07-13 23:04:47.915
BTC,BUY,0.0002,9378401.000,2024-07-13 23:05:47.833
BTC,BUY,0.0001,9380000.000,2024-07-13 23:05:47.833
BTC,BUY,0.0125,9381040.000,2024-07-13 23:05:47.833
BTC,BUY,0.0272,9381111.000,2024-07-13 23:05:47.833
BTC,BUY,0.0400,9381111.000,2024-07-13 23:05:47.914
BTC,BUY,0.0200,9381111.000,2024-07-13 23:05:48.160
BTC,BUY,0.0200,9381111.000,2024-07-13 23:05:48.393
BTC,BUY,0.0050,9381111.000,2024-07-13 23:05:48.396
BTC,BUY,0.0531,9381111.000,2024-07-13 23:05:48.562
BTC,BUY,0.0100,9381111.000,2024-07-13 23:05:48.747
BTC,BUY,0.0100,9381111.000,2024-07-13 23:05:49.716
BTC,BUY,0.0200,9381111.000,2024-07-13 23:05:49.719
BTC,BUY,0.0200,9381111.000,2024-07-13 23:05:49.754
BTC,BUY,0.0200,9381111.000,2024-07-13 23:05:49.827
BTC,BUY,0.0047,9381111.000,2024-07-13 23:05:50.059
BTC,SELL,0.0020,9374110.000,2024-07-13 23:06:22.270
BTC,BUY,0.0001,9379920.000,2024-07-13 23:06:29.897
BTC,SELL,0.0200,9378000.000,2024-07-13 23:07:37.311
BTC,SELL,0.0281,9378000.000,2024-07-13 23:07:43.095
BTC,SELL,0.0019,9378000.000,2024-07-13 23:08:06.342
BTC,SELL,0.0081,9372520.000,2024-07-13 23:08:06.342
BTC,BUY,0.0005,9364999.000,2024-07-13 23:09:55.606
BTC,BUY,0.0002,9365000.000,2024-07-13 23:09:55.606
BTC,BUY,0.0033,9365745.000,2024-07-13 23:09:55.606
BTC,BUY,0.0005,9364027.000,2024-07-13 23:10:03.261
BTC,BUY,0.0001,9363298.000,2024-07-13 23:10:22.963
BTC,BUY,0.0100,9368079.000,2024-07-13 23:10:58.682
BTC,BUY,0.0080,9368079.000,2024-07-13 23:11:04.670
BTC,BUY,0.0001,9370000.000,2024-07-13 23:11:04.670
BTC,BUY,0.0002,9370000.000,2024-07-13 23:11:04.670
BTC,BUY,0.0017,9377920.000,2024-07-13 23:11:04.670
BTC,BUY,0.0100,9377920.000,2024-07-13 23:11:04.799
BTC,BUY,0.0007,9377920.000,2024-07-13 23:11:06.850
BTC,BUY,0.0193,9378000.000,2024-07-13 23:11:06.850
BTC,BUY,0.0200,9378000.000,2024-07-13 23:11:06.958
BTC,BUY,0.0050,9378000.000,2024-07-13 23:11:07.891
BTC,BUY,0.0125,9377920.000,2024-07-13 23:11:12.945
BTC,BUY,0.0275,9378000.000,2024-07-13 23:11:12.945
BTC,BUY,0.0050,9378000.000,2024-07-13 23:11:13.061
BTC,BUY,0.0050,9378000.000,2024-07-13 23:11:13.519
BTC,BUY,0.0200,9378000.000,2024-07-13 23:11:14.858
BTC,BUY,0.0200,9378000.000,2024-07-13 23:11:15.184
BTC,BUY,0.0050,9378000.000,2024-07-13 23:11:16.054
BTC,BUY,0.0200,9378000.000,2024-07-13 23:11:16.573
BTC,BUY,0.0032,9378000.000,2024-07-13 23:11:17.088
BTC,BUY,0.0001,9380000.000,2024-07-13 23:11:17.088
BTC,BUY,0.0001,9380000.000,2024-07-13 23:11:17.088
BTC,BUY,0.0001,9383767.000,2024-07-13 23:11:17.088
BTC,BUY,0.0001,9387054.000,2024-07-13 23:11:17.088
BTC,BUY,0.0164,9387745.000,2024-07-13 23:11:17.088
BTC,BUY,0.0200,9387745.000,2024-07-13 23:11:17.336
BTC,BUY,0.0005,9387745.000,2024-07-13 23:11:20.850
BTC,BUY,0.0002,9384186.000,2024-07-13 23:11:56.364
BTC,BUY,0.0098,9384186.000,2024-07-13 23:11:56.364
BTC,BUY,0.0001,9389849.000,2024-07-13 23:12:21.948
BTC,BUY,0.0011,9390000.000,2024-07-13 23:12:21.948
BTC,BUY,0.0188,9390000.000,2024-07-13 23:12:21.948
BTC,BUY,0.0112,9390000.000,2024-07-13 23:12:22.123
BTC,BUY,0.0002,9390000.000,2024-07-13 23:12:22.123
BTC,BUY,0.0086,9396569.000,2024-07-13 23:12:22.123
BTC,BUY,0.0050,9396569.000,2024-07-13 23:12:22.526
BTC,BUY,0.0050,9399000.000,2024-07-13 23:12:35.637
BTC,BUY,0.0020,9399000.000,2024-07-13 23:12:35.637
BTC,BUY,0.0030,9399500.000,2024-07-13 23:12:35.637
BTC,BUY,0.0070,9399500.000,2024-07-13 23:12:36.394
BTC,BUY,0.0130,9399800.000,2024-07-13 23:12:36.394
BTC,BUY,0.0070,9399800.000,2024-07-13 23:12:36.403
BTC,BUY,0.0100,9400000.000,2024-07-13 23:12:36.403
BTC,BUY,0.0003,9400000.000,2024-07-13 23:12:36.403
BTC,BUY,0.0027,9400000.000,2024-07-13 23:12:36.403
BTC,BUY,0.0050,9400000.000,2024-07-13 23:12:36.762
BTC,BUY,0.0023,9400000.000,2024-07-13 23:12:36.836
BTC,BUY,0.0003,9400000.000,2024-07-13 23:12:36.836
BTC,BUY,0.0020,9400000.000,2024-07-13 23:12:36.836
BTC,BUY,0.0010,9400000.000,2024-07-13 23:12:36.836
BTC,BUY,0.0002,9400000.000,2024-07-13 23:12:36.836
BTC,BUY,0.0008,9400000.000,2024-07-13 23:12:37.760
BTC,BUY,0.0042,9400000.000,2024-07-13 23:12:37.760
BTC,BUY,0.0008,9400000.000,2024-07-13 23:12:38.482
BTC,BUY,0.0050,9400000.000,2024-07-13 23:12:38.482
BTC,BUY,0.0005,9400000.000,2024-07-13 23:12:38.482
BTC,BUY,0.0137,9400000.000,2024-07-13 23:12:38.482
BTC,BUY,0.0050,9400000.000,2024-07-13 23:12:39.781
BTC,BUY,0.0050,9400000.000,2024-07-13 23:12:40.289
BTC,BUY,0.0050,9400000.000,2024-07-13 23:12:41.289
BTC,BUY,0.0200,9400000.000,2024-07-13 23:12:42.518
BTC,BUY,0.0013,9400000.000,2024-07-13 23:12:42.641
BTC,BUY,0.0050,9400000.000,2024-07-13 23:12:42.641
BTC,BUY,0.0050,9400000.000,2024-07-13 23:12:42.641
BTC,BUY,0.0087,9400000.000,2024-07-13 23:12:42.641
BTC,BUY,0.0013,9400000.000,2024-07-13 23:12:44.669
BTC,BUY,0.0001,9400000.000,2024-07-13 23:12:44.669
BTC,BUY,0.0001,9400000.000,2024-07-13 23:12:44.669
BTC,BUY,0.0100,9400000.000,2024-07-13 23:12:44.669
BTC,BUY,0.0085,9400000.000,2024-07-13 23:12:44.669
BTC,BUY,0.0024,9400000.000,2024-07-13 23:12:44.772
BTC,BUY,0.0011,9400000.000,2024-07-13 23:12:44.772
BTC,BUY,0.0002,9400000.000,2024-07-13 23:12:44.772
BTC,BUY,0.0001,9400033.000,2024-07-13 23:12:44.772
BTC,BUY,0.0010,9405965.000,2024-07-13 23:12:44.772
BTC,BUY,0.0152,9408778.000,2024-07-13 23:12:44.772
BTC,SELL,0.0020,9408125.000,2024-07-13 23:12:48.022
BTC,BUY,0.0003,9410000.000,2024-07-13 23:12:48.555
BTC,BUY,0.0037,9410000.000,2024-07-13 23:12:48.555
BTC,SELL,0.0100,9409100.000,2024-07-13 23:12:50.506
BTC,SELL,0.0002,9409290.000,2024-07-13 23:12:53.332
BTC,BUY,0.0070,9410000.000,2024-07-13 23:12:53.698
BTC,SELL,0.0100,9409090.000,2024-07-13 23:12:57.436
BTC,BUY,0.0002,9405180.000,2024-07-13 23:13:03.451
BTC,SELL,0.0100,9404321.000,2024-07-13 23:13:09.443
BTC,BUY,0.0002,9405000.000,2024-07-13 23:13:13.557
BTC,BUY,0.0009,9408320.000,2024-07-13 23:13:13.557
BTC,BUY,0.0193,9410000.000,2024-07-13 23:13:19.054
BTC,BUY,0.0001,9410000.000,2024-07-13 23:13:19.054
BTC,BUY,0.0001,9410000.000,2024-07-13 23:13:19.054
BTC,BUY,0.0005,9410000.000,2024-07-13 23:13:19.054
BTC,BUY,0.0003,9410000.000,2024-07-13 23:13:19.127
BTC,BUY,0.0003,9410000.000,2024-07-13 23:13:19.330
BTC,BUY,0.0537,9416085.000,2024-07-13 23:13:19.988
BTC,BUY,0.0863,9416110.000,2024-07-13 23:13:19.988
BTC,BUY,0.0091,9416110.000,2024-07-13 23:13:20.347
BTC,SELL,0.0001,9413330.000,2024-07-13 23:13:20.452
BTC,SELL,0.0009,9411740.000,2024-07-13 23:13:20.452
BTC,SELL,0.0004,9411210.000,2024-07-13 23:13:20.907
BTC,SELL,0.0010,9411741.000,2024-07-13 23:13:21.354
BTC,SELL,0.0010,9411745.000,2024-07-13 23:13:21.517
BTC,SELL,0.0020,9411836.000,2024-07-13 23:13:21.651
BTC,SELL,0.0010,9411836.000,2024-07-13 23:13:21.798
BTC,BUY,0.0010,9417420.000,2024-07-13 23:13:22.108
BTC,BUY,0.0010,9420000.000,2024-07-13 23:13:22.108
BTC,BUY,0.0010,9420000.000,2024-07-13 23:13:23.277
BTC,BUY,0.0010,9420000.000,2024-07-13 23:13:23.454
BTC,BUY,0.0010,9420000.000,2024-07-13 23:13:24.409
BTC,BUY,0.0004,9420000.000,2024-07-13 23:13:24.804
BTC,BUY,0.0010,9420000.000,2024-07-13 23:13:25.625
BTC,BUY,0.0046,9420000.000,2024-07-13 23:13:28.041
BTC,BUY,0.0003,9420000.000,2024-07-13 23:13:28.041
BTC,BUY,0.0001,9420000.000,2024-07-13 23:13:28.041
BTC,BUY,0.0001,9420000.000,2024-07-13 23:13:28.041
BTC,BUY,0.0249,9420000.000,2024-07-13 23:13:28.041
BTC,BUY,0.1360,9420000.000,2024-07-13 23:13:28.215
BTC,BUY,0.0001,9420000.000,2024-07-13 23:13:28.215
BTC,BUY,0.0010,9423000.000,2024-07-13 23:13:38.511
BTC,BUY,0.0090,9423333.000,2024-07-13 23:13:39.384
BTC,BUY,0.0010,9428876.000,2024-07-13 23:13:39.384
BTC,BUY,0.0003,9430000.000,2024-07-13 23:13:41.434
BTC,BUY,0.0053,9430000.000,2024-07-13 23:13:41.434
BTC,BUY,0.0001,9428900.000,2024-07-13 23:13:42.409
BTC,BUY,0.0047,9430000.000,2024-07-13 23:13:42.409
BTC,BUY,0.0020,9430000.000,2024-07-13 23:13:42.409
BTC,BUY,0.0001,9430000.000,2024-07-13 23:13:42.409
BTC,BUY,0.0031,9430000.000,2024-07-13 23:13:42.409
BTC,BUY,0.0069,9430000.000,2024-07-13 23:13:43.919
BTC,SELL,0.0024,9430016.000,2024-07-13 23:13:58.717
BTC,SELL,0.0001,9430016.000,2024-07-13 23:14:06.149
BTC,SELL,0.0002,9430018.000,2024-07-13 23:14:07.524
BTC,BUY,0.0001,9430013.000,2024-07-13 23:14:15.759
BTC,BUY,0.0001,9430013.000,2024-07-13 23:14:18.145
BTC,SELL,0.0840,9430008.000,2024-07-13 23:14:20.498
BTC,SELL,0.0001,9430000.000,2024-07-13 23:14:20.498
BTC,SELL,0.1000,9430000.000,2024-07-13 23:14:20.498
BTC,SELL,0.0259,9429823.000,2024-07-13 23:14:20.498
BTC,SELL,0.0855,9428700.000,2024-07-13 23:14:21.382
BTC,SELL,0.0150,9421180.000,2024-07-13 23:14:31.600
BTC,BUY,0.0002,9421367.000,2024-07-13 23:14:46.302
BTC,BUY,0.0002,9425000.000,2024-07-13 23:14:52.489
BTC,BUY,0.0498,9429917.000,2024-07-13 23:14:52.489
BTC,BUY,0.0001,9430039.000,2024-07-13 23:14:56.303
BTC,BUY,0.0101,9431303.000,2024-07-13 23:14:59.672
BTC,BUY,0.0001,9431304.000,2024-07-13 23:14:59.672
BTC,SELL,0.0040,9431310.000,2024-07-13 23:15:00.574
BTC,BUY,0.0040,9434117.000,2024-07-13 23:15:02.899
BTC,SELL,0.0100,9427780.000,2024-07-13 23:15:14.606
BTC,BUY,0.0050,9423528.000,2024-07-13 23:15:18.604
BTC,BUY,0.0010,9424159.000,2024-07-13 23:15:18.604
BTC,BUY,0.0125,9424560.000,2024-07-13 23:15:18.604
BTC,BUY,0.0300,9424577.000,2024-07-13 23:15:18.604
BTC,BUY,0.0015,9427038.000,2024-07-13 23:15:18.604
BTC,SELL,0.0100,9426319.000,2024-07-13 23:15:24.321
BTC,SELL,0.0050,9426319.000,2024-07-13 23:15:24.619
BTC,SELL,0.0050,9425520.000,2024-07-13 23:15:26.116
BTC,SELL,0.0050,9424142.000,2024-07-13 23:15:27.629
BTC,SELL,0.0001,9424142.000,2024-07-13 23:15:28.253
BTC,SELL,0.0269,9422257.000,2024-07-13 23:15:29.889
BTC,SELL,0.0011,9420000.000,2024-07-13 23:15:44.111
BTC,SELL,0.0001,9420000.000,2024-07-13 23:15:44.111
BTC,SELL,0.0188,9419934.000,2024-07-13 23:15:44.111
BTC,SELL,0.0150,9419934.000,2024-07-13 23:15:44.187
BTC,SELL,0.0050,9419934.000,2024-07-13 23:15:45.464
BTC,SELL,0.0100,9418568.000,2024-07-13 23:15:50.359
BTC,BUY,0.0009,9417350.000,2024-07-13 23:16:24.775
BTC,SELL,0.0050,9417015.000,2024-07-13 23:16:41.593
BTC,BUY,0.0080,9415837.000,2024-07-13 23:16:52.571
BTC,SELL,0.0010,9415832.000,2024-07-13 23:16:52.618
BTC,BUY,0.0100,9415837.000,2024-07-13 23:16:52.723
BTC,BUY,0.0001,9417075.000,2024-07-13 23:17:00.534
BTC,BUY,0.1000,9418348.000,2024-07-13 23:17:04.039
BTC,BUY,0.0700,9419998.000,2024-07-13 23:17:04.039
BTC,BUY,0.0001,9420000.000,2024-07-13 23:17:04.039
BTC,BUY,0.0299,9421363.000,2024-07-13 23:17:04.039
BTC,BUY,0.0005,9424600.000,2024-07-13 23:17:14.240
BTC,BUY,0.0500,9424600.000,2024-07-13 23:17:14.242
BTC,BUY,0.0020,9422647.000,2024-07-13 23:17:20.154
BTC,BUY,0.0005,9421333.000,2024-07-13 23:17:24.556
BTC,BUY,0.0006,9426278.000,2024-07-13 23:17:40.007
BTC,SELL,0.0050,9427200.000,2024-07-13 23:18:03.507
BTC,BUY,0.0210,9430000.000,2024-07-13 23:18:25.029
BTC,BUY,0.0470,9430000.000,2024-07-13 23:18:26.015
BTC,BUY,0.0320,9430000.000,2024-07-13 23:18:26.871
BTC,BUY,0.0125,9432400.000,2024-07-13 23:18:26.871
BTC,BUY,0.0001,9433954.000,2024-07-13 23:18:26.871
BTC,BUY,0.0083,9435000.000,2024-07-13 23:18:26.871
BTC,BUY,0.0050,9435000.000,2024-07-13 23:18:30.685
BTC,BUY,0.0137,9435000.000,2024-07-13 23:18:30.687
BTC,BUY,0.0050,9435000.000,2024-07-13 23:18:32.135
BTC,BUY,0.0400,9435000.000,2024-07-13 23:18:32.296
BTC,BUY,0.0100,9435000.000,2024-07-13 23:18:32.666
BTC,BUY,0.0050,9435000.000,2024-07-13 23:18:32.668
BTC,BUY,0.0100,9435000.000,2024-07-13 23:18:33.654
BTC,BUY,0.0030,9435000.000,2024-07-13 23:18:33.656
BTC,BUY,0.0002,9435000.000,2024-07-13 23:18:33.656
BTC,BUY,0.0003,9439360.000,2024-07-13 23:18:33.674
BTC,BUY,0.0003,9440000.000,2024-07-13 23:18:33.674
BTC,BUY,0.0001,9440000.000,2024-07-13 23:18:33.674
BTC,BUY,0.0001,9440000.000,2024-07-13 23:18:33.674
BTC,BUY,0.0010,9440332.000,2024-07-13 23:18:33.674
BTC,BUY,0.0001,9441122.000,2024-07-13 23:18:33.674
BTC,BUY,0.0026,9443000.000,2024-07-13 23:18:33.674
BTC,BUY,0.0005,9444000.000,2024-07-13 23:18:33.674
BTC,SELL,0.0010,9443999.000,2024-07-13 23:18:34.406
BTC,SELL,0.0004,9443999.000,2024-07-13 23:18:34.814
BTC,SELL,0.0010,9443999.000,2024-07-13 23:18:35.265
BTC,SELL,0.0010,9443999.000,2024-07-13 23:18:35.564
BTC,BUY,0.0020,9444000.000,2024-07-13 23:18:35.676
BTC,SELL,0.0010,9443999.000,2024-07-13 23:18:35.683
BTC,BUY,0.0050,9444000.000,2024-07-13 23:18:36.006
BTC,SELL,0.0020,9443999.000,2024-07-13 23:18:36.035
BTC,BUY,0.0010,9444000.000,2024-07-13 23:18:36.401
BTC,BUY,0.0004,9444000.000,2024-07-13 23:18:36.790
BTC,BUY,0.0010,9444000.000,2024-07-13 23:18:37.270
BTC,BUY,0.0010,9444000.000,2024-07-13 23:18:37.520
BTC,BUY,0.0010,9444000.000,2024-07-13 23:18:41.646
BTC,BUY,0.0064,9440924.000,2024-07-13 23:19:01.419
BTC,BUY,0.0136,9443950.000,2024-07-13 23:19:01.419
BTC,SELL,0.0018,9432000.000,2024-07-13 23:19:12.392
BTC,BUY,0.0010,9435299.000,2024-07-13 23:19:15.395
BTC,SELL,0.0100,9434130.000,2024-07-13 23:19:27.927
BTC,BUY,0.0036,9432832.000,2024-07-13 23:19:57.911
BTC,BUY,0.0005,9436554.000,2024-07-13 23:20:04.462
BTC,SELL,0.0200,9432946.000,2024-07-13 23:20:30.911
BTC,SELL,0.0200,9432946.000,2024-07-13 23:20:31.436
BTC,SELL,0.0200,9431830.000,2024-07-13 23:20:33.970
BTC,SELL,0.0200,9431830.000,2024-07-13 23:20:34.464
BTC,SELL,0.0200,9431830.000,2024-07-13 23:20:34.585
BTC,BUY,0.0100,9430001.000,2024-07-13 23:20:41.556
BTC,BUY,0.0050,9430001.000,2024-07-13 23:20:41.556
BTC,BUY,0.0014,9430001.000,2024-07-13 23:21:25.714
BTC,SELL,0.0001,9430000.000,2024-07-13 23:21:28.575
BTC,SELL,0.0011,9430000.000,2024-07-13 23:21:28.575
BTC,SELL,0.0057,9427520.000,2024-07-13 23:21:28.575
BTC,SELL,0.0031,9427345.000,2024-07-13 23:21:28.575
BTC,SELL,0.0010,9425622.000,2024-07-13 23:21:28.708
BTC,SELL,0.0100,9425622.000,2024-07-13 23:21:29.136
BTC,SELL,0.0535,9424336.000,2024-07-13 23:21:38.877
BTC,SELL,0.0010,9424336.000,2024-07-13 23:21:38.950
BTC,BUY,0.0100,9424321.000,2024-07-13 23:21:42.456
BTC,SELL,0.0100,9423760.000,2024-07-13 23:21:44.113
BTC,SELL,0.0025,9423760.000,2024-07-13 23:21:44.553
BTC,SELL,0.0375,9423003.000,2024-07-13 23:21:44.553
BTC,SELL,0.0625,9423003.000,2024-07-13 23:21:44.595
BTC,BUY,0.0003,9421671.000,2024-07-13 23:21:47.435
BTC,BUY,0.0004,9421671.000,2024-07-13 23:21:49.362
BTC,BUY,0.0002,9422000.000,2024-07-13 23:22:21.957
BTC,SELL,0.0200,9420034.000,2024-07-13 23:22:29.713
BTC,SELL,0.0001,9420000.000,2024-07-13 23:22:31.895
BTC,SELL,0.0199,9417567.000,2024-07-13 23:22:31.895
BTC,BUY,0.0001,9416558.000,2024-07-13 23:22:38.885
BTC,SELL,0.0100,9420999.000,2024-07-13 23:23:06.744
BTC,SELL,0.0200,9420999.000,2024-07-13 23:23:08.162
BTC,SELL,0.0002,9420141.000,2024-07-13 23:23:33.555
BTC,SELL,0.0001,9420000.000,2024-07-13 23:23:33.555
BTC,SELL,0.0347,9416487.000,2024-07-13 23:23:33.555
BTC,SELL,0.0200,9420141.000,2024-07-13 23:23:35.771
BTC,SELL,0.0200,9420141.000,2024-07-13 23:23:36.472
BTC,SELL,0.0200,9420141.000,2024-07-13 23:23:37.966
BTC,SELL,0.0200,9420141.000,2024-07-13 23:23:38.656
BTC,SELL,0.0050,9420141.000,2024-07-13 23:23:39.375
BTC,SELL,0.0150,9420141.000,2024-07-13 23:23:40.062
BTC,SELL,0.0001,9420000.000,2024-07-13 23:23:40.062
BTC,SELL,0.0002,9415000.000,2024-07-13 23:23:40.062
BTC,SELL,0.0047,9414800.000,2024-07-13 23:23:40.062
BTC,SELL,0.0050,9414800.000,2024-07-13 23:23:40.415
BTC,SELL,0.0028,9414800.000,2024-07-13 23:23:40.837
BTC,SELL,0.0072,9414763.000,2024-07-13 23:23:40.837
BTC,BUY,0.0002,9412034.000,2024-07-13 23:23:55.696
BTC,BUY,0.0093,9410504.000,2024-07-13 23:24:44.504
BTC,BUY,0.0001,9414286.000,2024-07-13 23:25:02.095
BTC,SELL,0.0011,9410000.000,2024-07-13 23:25:22.121
BTC,SELL,0.0001,9410000.000,2024-07-13 23:25:22.121
BTC,SELL,0.0001,9410000.000,2024-07-13 23:25:22.175
BTC,SELL,0.1000,9407687.000,2024-07-13 23:25:22.175
BTC,SELL,0.0700,9402455.000,2024-07-13 23:25:22.175
BTC,SELL,0.0299,9402292.000,2024-07-13 23:25:22.175
BTC,SELL,0.0400,9401165.000,2024-07-13 23:25:22.175
BTC,SELL,0.1000,9403641.000,2024-07-13 23:25:27.516
BTC,SELL,0.0200,9403100.000,2024-07-13 23:25:33.287
BTC,SELL,0.0050,9403100.000,2024-07-13 23:25:33.328
BTC,SELL,0.0011,9400000.000,2024-07-13 23:25:45.037
BTC,SELL,0.0017,9400000.000,2024-07-13 23:25:45.037
BTC,SELL,0.0200,9400000.000,2024-07-13 23:25:45.551
BTC,SELL,0.0173,9400000.000,2024-07-13 23:25:45.845
BTC,SELL,0.0003,9400000.000,2024-07-13 23:25:45.845
BTC,SELL,0.0024,9400000.000,2024-07-13 23:25:45.845
BTC,SELL,0.0076,9400000.000,2024-07-13 23:25:52.534
BTC,SELL,0.0002,9399899.000,2024-07-13 23:25:58.866
BTC,SELL,0.0299,9396317.000,2024-07-13 23:25:58.866
BTC,SELL,0.0300,9390664.000,2024-07-13 23:26:31.023
BTC,SELL,0.0011,9390000.000,2024-07-13 23:27:13.570
BTC,SELL,0.0004,9390000.000,2024-07-13 23:27:13.570
BTC,SELL,0.0010,9390000.000,2024-07-13 23:27:13.570
BTC,SELL,0.0075,9387736.000,2024-07-13 23:27:13.570
BTC,SELL,0.0001,9386175.000,2024-07-13 23:27:14.350
BTC,SELL,0.0001,9383882.000,2024-07-13 23:27:14.350
BTC,SELL,0.0198,9383168.000,2024-07-13 23:27:14.350
BTC,SELL,0.0200,9382534.000,2024-07-13 23:27:39.990
BTC,SELL,0.0050,9381840.000,2024-07-13 23:27:47.512
BTC,BUY,0.0002,9380281.000,2024-07-13 23:28:29.173
BTC,SELL,0.0004,9380000.000,2024-07-13 23:28:57.292
BTC,SELL,0.0196,9380000.000,2024-07-13 23:28:57.292
BTC,SELL,0.0200,9380000.000,2024-07-13 23:28:57.455
BTC,SELL,0.0100,9380000.000,2024-07-13 23:29:01.398
BTC,SELL,0.0004,9380000.000,2024-07-13 23:29:09.676
BTC,BUY,0.0006,9379920.000,2024-07-13 23:29:40.801
BTC,BUY,0.0005,9380000.000,2024-07-13 23:30:02.955
BTC,BUY,0.0020,9380000.000,2024-07-13 23:30:10.641
BTC,BUY,0.0001,9380000.000,2024-07-13 23:30:14.260
BTC,SELL,0.0100,9383454.000,2024-07-13 23:30:23.983
BTC,SELL,0.0200,9383454.000,2024-07-13 23:30:24.276
BTC,SELL,0.0200,9383454.000,2024-07-13 23:30:24.487
BTC,BUY,0.0002,9383454.000,2024-07-13 23:30:29.174
BTC,BUY,0.0001,9383119.000,2024-07-13 23:30:42.042
BTC,SELL,0.0001,9383589.000,2024-07-13 23:31:18.962
BTC,SELL,0.0002,9383589.000,2024-07-13 23:31:18.962
BTC,SELL,0.0097,9381076.000,2024-07-13 23:31:18.962
BTC,SELL,0.0001,9380000.000,2024-07-13 23:31:20.384
BTC,SELL,0.0498,9379295.000,2024-07-13 23:31:20.384
BTC,BUY,0.0001,9376846.000,2024-07-13 23:31:33.918
BTC,BUY,0.0200,9380182.000,2024-07-13 23:32:08.980
BTC,SELL,0.0002,9381119.000,2024-07-13 23:32:32.476
BTC,SELL,0.0098,9380065.000,2024-07-13 23:32:32.476
BTC,SELL,0.0100,9380148.000,2024-07-13 23:32:34.711
BTC,SELL,0.0100,9379930.000,2024-07-13 23:32:45.512
BTC,SELL,0.0100,9379930.000,2024-07-13 23:32:45.670
BTC,SELL,0.0100,9379930.000,2024-07-13 23:32:46.177
BTC,SELL,0.0300,9379930.000,2024-07-13 23:32:46.211
BTC,SELL,0.0100,9379930.000,2024-07-13 23:32:46.288
BTC,SELL,0.0100,9376980.000,2024-07-13 23:32:50.366
BTC,SELL,0.0100,9376980.000,2024-07-13 23:32:50.749
BTC,SELL,0.0100,9376980.000,2024-07-13 23:32:51.269
BTC,SELL,0.0100,9376980.000,2024-07-13 23:32:51.368
BTC,SELL,0.0100,9376980.000,2024-07-13 23:32:51.890
BTC,SELL,0.0500,9376980.000,2024-07-13 23:32:52.431
BTC,BUY,0.0001,9372360.000,2024-07-13 23:33:38.028
BTC,SELL,0.0001,9372359.000,2024-07-13 23:33:53.583
BTC,SELL,0.0010,9372355.000,2024-07-13 23:33:53.583
BTC,SELL,0.0010,9372355.000,2024-07-13 23:33:53.583
BTC,SELL,0.0001,9372290.000,2024-07-13 23:33:53.583
BTC,SELL,0.0004,9370000.000,2024-07-13 23:33:53.583
BTC,SELL,0.0011,9370000.000,2024-07-13 23:33:53.583
BTC,SELL,0.0001,9370000.000,2024-07-13 23:33:53.583
BTC,SELL,0.0125,9369360.000,2024-07-13 23:33:53.583
BTC,SELL,0.0137,9367341.000,2024-07-13 23:33:53.583
BTC,BUY,0.0011,9372360.000,2024-07-13 23:33:58.452
BTC,BUY,0.0700,9372360.000,2024-07-13 23:34:00.142
BTC,BUY,0.0300,9372360.000,2024-07-13 23:34:00.142
BTC,BUY,0.0001,9372360.000,2024-07-13 23:35:26.292
BTC,BUY,0.0001,9370617.000,2024-07-13 23:36:50.455
BTC,SELL,0.0100,9370000.000,2024-07-13 23:36:59.369
BTC,SELL,0.0050,9368000.000,2024-07-13 23:36:59.537
BTC,SELL,0.0050,9368000.000,2024-07-13 23:37:00.756
BTC,SELL,0.0010,9367784.000,2024-07-13 23:37:00.756
BTC,SELL,0.0001,9367074.000,2024-07-13 23:37:28.204
BTC,SELL,0.0002,9367074.000,2024-07-13 23:37:28.204
BTC,SELL,0.0124,9365787.000,2024-07-13 23:37:29.845
BTC,SELL,0.0050,9365787.000,2024-07-13 23:37:29.848
BTC,SELL,0.0124,9365787.000,2024-07-13 23:37:30.032
BTC,SELL,0.0702,9365787.000,2024-07-13 23:37:30.403
BTC,SELL,0.0004,9360000.000,2024-07-13 23:37:30.502
BTC,SELL,0.0011,9360000.000,2024-07-13 23:37:30.502
BTC,BUY,0.0001,9365788.000,2024-07-13 23:37:30.520
BTC,BUY,0.0960,9359900.000,2024-07-13 23:37:33.552
BTC,BUY,0.0119,9362640.000,2024-07-13 23:38:51.981
BTC,BUY,0.0053,9364320.000,2024-07-13 23:38:53.432
BTC,SELL,0.0002,9365000.000,2024-07-13 23:40:07.030
BTC,SELL,0.0048,9363580.000,2024-07-13 23:40:07.030
BTC,SELL,0.0050,9368414.000,2024-07-13 23:40:24.683
BTC,SELL,0.0002,9362600.000,2024-07-13 23:40:42.079
BTC,BUY,0.0065,9368319.000,2024-07-13 23:41:01.864
BTC,BUY,0.0072,9368640.000,2024-07-13 23:41:36.496
BTC,BUY,0.0041,9368692.000,2024-07-13 23:41:37.370
BTC,BUY,0.0001,9370000.000,2024-07-13 23:41:40.172
BTC,BUY,0.0125,9371840.000,2024-07-13 23:41:40.172
BTC,BUY,0.0300,9371911.000,2024-07-13 23:41:40.172
BTC,SELL,0.0108,9372000.000,2024-07-13 23:43:45.783
BTC,BUY,0.0161,9365808.000,2024-07-13 23:44:06.507
BTC,BUY,0.0540,9365808.000,2024-07-13 23:44:06.559
BTC,BUY,0.0060,9366320.000,2024-07-13 23:44:19.441
BTC,BUY,0.0004,9363369.000,2024-07-13 23:44:57.554
BTC,BUY,0.0017,9365001.000,2024-07-13 23:46:20.781
BTC,SELL,0.0001,9360000.000,2024-07-13 23:48:56.916
BTC,SELL,0.0001,9360000.000,2024-07-13 23:48:56.916
BTC,SELL,0.0001,9360000.000,2024-07-13 23:48:59.750
BTC,BUY,0.0030,9355931.000,2024-07-13 23:49:31.356
BTC,SELL,0.0001,9355930.000,2024-07-13 23:49:59.382
BTC,SELL,0.0002,9352808.000,2024-07-13 23:49:59.382
BTC,SELL,0.0050,9357201.000,2024-07-13 23:50:09.910
BTC,BUY,0.0010,9351138.000,2024-07-13 23:50:52.066
BTC,SELL,0.0004,9350000.000,2024-07-13 23:50:54.388
BTC,SELL,0.0046,9350000.000,2024-07-13 23:50:54.388
BTC,BUY,0.0010,9350001.000,2024-07-13 23:51:00.428
BTC,SELL,0.0054,9350000.000,2024-07-13 23:52:10.324
BTC,SELL,0.0003,9350000.000,2024-07-13 23:52:10.324
BTC,SELL,0.0001,9350000.000,2024-07-13 23:52:10.324
BTC,SELL,0.1000,9344423.000,2024-07-13 23:52:18.414
BTC,SELL,0.0001,9341250.000,2024-07-13 23:53:10.395
BTC,BUY,0.0001,9350499.000,2024-07-13 23:53:27.790
BTC,BUY,0.0001,9354247.000,2024-07-13 23:53:43.792
BTC,BUY,0.0050,9353663.000,2024-07-13 23:53:53.409
BTC,SELL,0.0100,9353398.000,2024-07-13 23:54:00.909
BTC,SELL,0.0050,9353398.000,2024-07-13 23:54:01.156
BTC,BUY,0.0005,9350001.000,2024-07-13 23:54:07.478
BTC,SELL,0.0001,9350000.000,2024-07-13 23:54:10.813
BTC,SELL,0.0001,9349889.000,2024-07-13 23:54:25.512
BTC,SELL,0.0001,9345000.000,2024-07-13 23:54:41.469
BTC,SELL,0.0001,9346352.000,2024-07-13 23:54:56.878
BTC,SELL,0.0001,9343996.000,2024-07-13 23:55:18.802
BTC,SELL,0.0001,9345684.000,2024-07-13 23:55:34.397
BTC,SELL,0.0001,9349696.000,2024-07-13 23:55:54.244
BTC,BUY,0.0005,9355346.000,2024-07-13 23:56:21.475
BTC,BUY,0.0005,9355349.000,2024-07-13 23:56:30.195
BTC,BUY,0.0095,9355350.000,2024-07-13 23:56:30.195
BTC,BUY,0.1000,9353437.000,2024-07-13 23:56:54.885
BTC,BUY,0.0100,9353437.000,2024-07-13 23:56:54.885
BTC,BUY,0.0001,9355636.000,2024-07-14 00:00:46.613
BTC,BUY,0.0004,9361053.000,2024-07-14 00:00:46.613
BTC,BUY,0.0700,9360849.000,2024-07-14 00:00:56.063
BTC,BUY,0.0200,9359112.000,2024-07-14 00:01:18.273
BTC,BUY,0.0080,9361001.000,2024-07-14 00:01:29.580
BTC,BUY,0.0010,9363761.000,2024-07-14 00:01:54.112
BTC,BUY,0.0010,9364398.000,2024-07-14 00:02:02.489
BTC,BUY,0.0001,9364661.000,2024-07-14 00:03:24.494
BTC,BUY,0.0002,9365000.000,2024-07-14 00:03:24.494
BTC,BUY,0.0001,9372354.000,2024-07-14 00:03:24.494
BTC,BUY,0.0002,9372301.000,2024-07-14 00:04:35.949
BTC,BUY,0.0048,9372360.000,2024-07-14 00:04:35.949
BTC,BUY,0.0001,9370000.000,2024-07-14 00:04:38.916
BTC,SELL,0.0010,9370200.000,2024-07-14 00:05:08.342
BTC,SELL,0.0111,9368100.000,2024-07-14 00:05:58.293
BTC,SELL,0.0125,9368080.000,2024-07-14 00:05:58.293
BTC,SELL,0.0500,9368000.000,2024-07-14 00:05:58.293
BTC,SELL,0.0555,9367192.000,2024-07-14 00:05:58.293
BTC,BUY,0.0001,9372360.000,2024-07-14 00:06:11.210
BTC,SELL,0.0050,9368800.000,2024-07-14 00:06:23.845
BTC,SELL,0.0020,9368850.000,2024-07-14 00:06:39.411
BTC,SELL,0.0100,9368850.000,2024-07-14 00:06:39.652
BTC,SELL,0.0230,9369086.000,2024-07-14 00:06:45.229
BTC,SELL,0.0050,9369000.000,2024-07-14 00:06:45.229
BTC,SELL,0.0030,9369250.000,2024-07-14 00:06:50.778
BTC,BUY,0.0002,9370000.000,2024-07-14 00:06:52.345
BTC,BUY,0.0030,9370000.000,2024-07-14 00:06:52.345
BTC,BUY,0.0002,9372360.000,2024-07-14 00:07:13.274
BTC,BUY,0.0002,9372360.000,2024-07-14 00:07:36.355
BTC,BUY,0.0010,9372360.000,2024-07-14 00:07:43.317
BTC,BUY,0.0007,9372360.000,2024-07-14 00:07:52.932
BTC,BUY,0.0050,9372360.000,2024-07-14 00:08:14.162
BTC,BUY,0.0060,9372360.000,2024-07-14 00:08:14.552
BTC,BUY,0.0001,9372360.000,2024-07-14 00:08:31.838
BTC,BUY,0.0018,9372360.000,2024-07-14 00:08:55.688
BTC,BUY,0.0002,9373835.000,2024-07-14 00:08:55.688
BTC,BUY,0.0002,9375000.000,2024-07-14 00:08:55.688
BTC,BUY,0.0002,9376239.000,2024-07-14 00:08:55.688
BTC,BUY,0.0065,9377280.000,2024-07-14 00:08:55.688
BTC,BUY,0.0011,9380000.000,2024-07-14 00:08:55.688
BTC,BUY,0.0039,9380000.000,2024-07-14 00:09:42.914
BTC,BUY,0.0011,9380000.000,2024-07-14 00:09:42.914
BTC,BUY,0.0006,9379999.000,2024-07-14 00:10:58.438
BTC,BUY,0.0089,9380000.000,2024-07-14 00:12:09.262
BTC,BUY,0.0111,9380000.000,2024-07-14 00:12:09.262
BTC,BUY,0.0200,9380000.000,2024-07-14 00:12:10.367
BTC,BUY,0.0001,9380000.000,2024-07-14 00:12:24.256
BTC,BUY,0.0075,9380000.000,2024-07-14 00:12:43.315
BTC,BUY,0.0001,9380000.000,2024-07-14 00:12:49.561
BTC,BUY,0.0213,9380000.000,2024-07-14 00:12:50.241
BTC,BUY,0.0123,9380000.000,2024-07-14 00:12:50.436
BTC,BUY,0.0050,9380000.000,2024-07-14 00:12:57.784
BTC,BUY,0.0057,9380000.000,2024-07-14 00:12:57.865
BTC,BUY,0.0050,9380000.000,2024-07-14 00:12:58.277
BTC,BUY,0.0050,9380000.000,2024-07-14 00:13:06.221
BTC,BUY,0.0050,9380000.000,2024-07-14 00:13:06.477
BTC,BUY,0.0050,9380000.000,2024-07-14 00:13:07.520
BTC,BUY,0.0011,9380000.000,2024-07-14 00:13:08.026
BTC,BUY,0.0050,9380000.000,2024-07-14 00:13:08.517
BTC,BUY,0.0050,9380000.000,2024-07-14 00:13:09.543
BTC,BUY,0.0064,9380000.000,2024-07-14 00:13:27.259
BTC,BUY,0.0100,9380000.000,2024-07-14 00:13:27.262
BTC,BUY,0.0100,9380000.000,2024-07-14 00:13:27.264
BTC,BUY,0.0200,9380000.000,2024-07-14 00:13:27.792
BTC,BUY,0.0100,9380000.000,2024-07-14 00:13:28.277
BTC,BUY,0.0200,9380000.000,2024-07-14 00:13:28.281
BTC,BUY,0.0094,9380000.000,2024-07-14 00:13:30.057
BTC,BUY,0.0004,9381861.000,2024-07-14 00:13:30.057
BTC,BUY,0.0001,9383606.000,2024-07-14 00:13:30.057
BTC,BUY,0.0001,9385000.000,2024-07-14 00:13:30.057
BTC,BUY,0.0003,9390000.000,2024-07-14 00:13:53.310
BTC,BUY,0.0008,9390000.000,2024-07-14 00:14:33.455
BTC,BUY,0.0002,9390000.000,2024-07-14 00:14:33.455
BTC,BUY,0.0002,9390000.000,2024-07-14 00:15:32.962
BTC,SELL,0.0300,9391255.000,2024-07-14 00:15:59.322
BTC,BUY,0.0001,9391256.000,2024-07-14 00:16:26.589
BTC,BUY,0.0011,9400000.000,2024-07-14 00:16:28.722
BTC,BUY,0.0004,9400000.000,2024-07-14 00:16:28.722
BTC,BUY,0.0100,9400000.000,2024-07-14 00:16:28.722
BTC,BUY,0.0003,9400000.000,2024-07-14 00:16:28.722
BTC,BUY,0.0300,9400000.000,2024-07-14 00:16:28.722
BTC,BUY,0.0424,9400000.000,2024-07-14 00:16:28.722
BTC,BUY,0.0001,9402524.000,2024-07-14 00:16:37.992
BTC,SELL,0.0400,9408801.000,2024-07-14 00:16:51.252
BTC,SELL,0.0100,9408801.000,2024-07-14 00:16:55.770
BTC,BUY,0.0004,9410000.000,2024-07-14 00:17:08.965
BTC,BUY,0.0002,9406917.000,2024-07-14 00:18:29.886
BTC,BUY,0.0998,9406917.000,2024-07-14 00:18:30.850
BTC,BUY,0.0002,9408030.000,2024-07-14 00:18:30.850
BTC,SELL,0.0019,9400850.000,2024-07-14 00:18:39.963
BTC,SELL,0.0005,9400850.000,2024-07-14 00:19:54.934
BTC,SELL,0.0008,9400850.000,2024-07-14 00:19:58.905
BTC,SELL,0.0087,9400850.000,2024-07-14 00:20:00.259
BTC,SELL,0.0002,9390362.000,2024-07-14 00:20:08.524
BTC,SELL,0.0005,9390000.000,2024-07-14 00:20:44.094
BTC,BUY,0.0011,9390000.000,2024-07-14 00:21:33.532
BTC,BUY,0.0100,9390000.000,2024-07-14 00:21:42.104
BTC,BUY,0.0002,9390000.000,2024-07-14 00:21:42.657
BTC,BUY,0.0200,9390000.000,2024-07-14 00:21:42.813
BTC,BUY,0.0100,9390000.000,2024-07-14 00:21:43.350
BTC,BUY,0.0082,9390000.000,2024-07-14 00:21:43.354
BTC,BUY,0.0002,9390000.000,2024-07-14 00:21:43.354
BTC,BUY,0.0016,9391870.000,2024-07-14 00:21:43.354
BTC,BUY,0.0002,9395000.000,2024-07-14 00:21:48.986
BTC,BUY,0.0112,9402557.000,2024-07-14 00:21:48.986
BTC,SELL,0.0100,9402651.000,2024-07-14 00:22:14.471
BTC,BUY,0.0002,9405000.000,2024-07-14 00:22:19.072
BTC,BUY,0.0394,9408794.000,2024-07-14 00:22:19.072
BTC,BUY,0.0604,9408939.000,2024-07-14 00:22:19.072
BTC,BUY,0.0100,9401842.000,2024-07-14 00:24:44.968
BTC,BUY,0.0091,9401842.000,2024-07-14 00:24:44.968
BTC,BUY,0.0690,9401842.000,2024-07-14 00:24:44.968
BTC,BUY,0.0119,9401843.000,2024-07-14 00:24:44.968
BTC,SELL,0.0200,9400483.000,2024-07-14 00:24:45.015
BTC,BUY,0.0030,9402021.000,2024-07-14 00:25:03.217
BTC,SELL,0.0017,9400000.000,2024-07-14 00:26:25.193
BTC,BUY,0.0010,9400001.000,2024-07-14 00:26:31.637
BTC,SELL,0.0083,9400000.000,2024-07-14 00:28:25.414
BTC,SELL,0.0117,9398899.000,2024-07-14 00:28:25.414
BTC,SELL,0.0001,9397975.000,2024-07-14 00:28:39.715
BTC,SELL,0.0010,9395000.000,2024-07-14 00:28:44.382
BTC,SELL,0.0080,9390000.000,2024-07-14 00:29:41.470
BTC,SELL,0.0002,9390000.000,2024-07-14 00:29:41.470
BTC,BUY,0.0900,9379760.000,2024-07-14 00:30:24.247
BTC,SELL,0.0001,9379000.000,2024-07-14 00:30:34.968
BTC,SELL,0.0199,9377444.000,2024-07-14 00:30:34.968
BTC,BUY,0.0090,9375199.000,2024-07-14 00:30:35.982
BTC,SELL,0.0200,9375198.000,2024-07-14 00:30:36.501
BTC,SELL,0.0100,9376807.000,2024-07-14 00:31:30.430
BTC,SELL,0.0050,9376807.000,2024-07-14 00:31:30.540
BTC,SELL,0.0050,9376807.000,2024-07-14 00:31:31.024
BTC,SELL,0.0100,9376807.000,2024-07-14 00:31:32.120
BTC,SELL,0.0050,9373360.000,2024-07-14 00:31:33.045
BTC,BUY,0.0001,9372065.000,2024-07-14 00:31:48.119
BTC,BUY,0.0001,9372064.000,2024-07-14 00:31:49.080
BTC,SELL,0.0060,9371460.000,2024-07-14 00:33:09.005
BTC,BUY,0.0001,9383310.000,2024-07-14 00:33:41.663
BTC,BUY,0.0086,9388502.000,2024-07-14 00:33:41.663
BTC,BUY,0.0100,9388450.000,2024-07-14 00:34:14.310
BTC,BUY,0.0026,9388667.000,2024-07-14 00:35:43.165
BTC,BUY,0.0001,9392825.000,2024-07-14 00:36:32.752
BTC,BUY,0.0003,9393367.000,2024-07-14 00:37:26.818
BTC,SELL,0.0100,9393222.000,2024-07-14 00:38:16.845
BTC,BUY,0.0090,9394200.000,2024-07-14 00:38:22.519
BTC,BUY,0.0090,9391997.000,2024-07-14 00:38:26.483
BTC,BUY,0.0015,9390024.000,2024-07-14 00:38:50.043
BTC,BUY,0.0015,9391222.000,2024-07-14 00:39:08.664
BTC,BUY,0.0002,9394226.000,2024-07-14 00:39:35.067
BTC,BUY,0.1000,9396049.000,2024-07-14 00:40:34.963
BTC,BUY,0.0700,9396642.000,2024-07-14 00:40:34.963
BTC,BUY,0.1300,9396750.000,2024-07-14 00:40:34.963
BTC,BUY,0.0500,9400850.000,2024-07-14 00:41:18.410
BTC,BUY,0.0100,9402000.000,2024-07-14 00:42:02.633
BTC,BUY,0.0100,9402000.000,2024-07-14 00:42:19.441
BTC,BUY,0.0100,9402000.000,2024-07-14 00:42:19.441
BTC,BUY,0.0070,9401081.000,2024-07-14 00:42:37.452
BTC,BUY,0.0010,9400851.000,2024-07-14 00:42:45.432
BTC,BUY,0.0053,9400851.000,2024-07-14 00:43:00.308
BTC,SELL,0.0005,9400850.000,2024-07-14 00:43:01.517
BTC,SELL,0.0003,9400850.000,2024-07-14 00:43:01.517
BTC,SELL,0.0192,9399797.000,2024-07-14 00:43:01.517
BTC,BUY,0.0005,9397091.000,2024-07-14 00:43:08.016
BTC,BUY,0.0005,9392435.000,2024-07-14 00:43:55.930
BTC,SELL,0.0166,9397294.000,2024-07-14 00:44:41.093
BTC,SELL,0.0434,9397294.000,2024-07-14 00:44:41.093
BTC,BUY,0.0400,9400500.000,2024-07-14 00:45:01.539
BTC,BUY,0.0400,9397893.000,2024-07-14 00:45:25.124
BTC,SELL,0.0005,9398446.000,2024-07-14 00:46:22.768
BTC,BUY,0.0001,9402000.000,2024-07-14 00:47:17.066
BTC,BUY,0.0050,9402000.000,2024-07-14 00:48:35.477
BTC,BUY,0.0050,9402000.000,2024-07-14 00:48:35.835
BTC,BUY,0.0001,9402000.000,2024-07-14 00:48:46.474
BTC,BUY,0.0002,9402000.000,2024-07-14 00:48:52.897
BTC,BUY,0.0046,9402000.000,2024-07-14 00:48:53.478
BTC,BUY,0.0050,9410000.000,2024-07-14 00:49:31.420
BTC,BUY,0.0014,9410000.000,2024-07-14 00:49:39.480
BTC,BUY,0.0309,9410000.000,2024-07-14 00:49:43.065
BTC,BUY,0.0010,9410000.000,2024-07-14 00:49:43.065
BTC,BUY,0.0061,9410000.000,2024-07-14 00:49:43.065
BTC,BUY,0.0010,9410000.000,2024-07-14 00:49:43.142
BTC,BUY,0.0029,9410000.000,2024-07-14 00:50:01.477
BTC,BUY,0.0002,9410000.000,2024-07-14 00:50:01.477
BTC,BUY,0.0010,9415000.000,2024-07-14 00:51:04.591
BTC,BUY,0.0002,9415000.000,2024-07-14 00:51:04.591
BTC,BUY,0.0700,9419996.000,2024-07-14 00:51:04.591
BTC,BUY,0.0011,9420000.000,2024-07-14 00:51:04.591
BTC,BUY,0.0004,9420000.000,2024-07-14 00:51:04.591
BTC,BUY,0.0273,9421690.000,2024-07-14 00:51:04.591
BTC,BUY,0.0001,9419618.000,2024-07-14 00:51:09.830
BTC,SELL,0.0009,9423280.000,2024-07-14 00:51:32.449
BTC,BUY,0.0140,9423281.000,2024-07-14 00:51:32.596
BTC,SELL,0.0008,9422440.000,2024-07-14 00:51:38.350
BTC,SELL,0.0100,9415760.000,2024-07-14 00:52:31.678
BTC,SELL,0.0050,9415590.000,2024-07-14 00:52:51.928
BTC,SELL,0.0100,9415590.000,2024-07-14 00:52:52.123
BTC,SELL,0.0050,9415590.000,2024-07-14 00:52:53.433
BTC,SELL,0.0050,9412629.000,2024-07-14 00:52:53.936
BTC,SELL,0.0200,9412629.000,2024-07-14 00:52:54.985
BTC,SELL,0.0427,9410277.000,2024-07-14 00:53:07.347
BTC,BUY,0.1000,9410278.000,2024-07-14 00:53:08.768
BTC,BUY,0.0270,9410278.000,2024-07-14 00:53:08.768
BTC,BUY,0.0040,9416747.000,2024-07-14 00:53:49.562
BTC,SELL,0.0010,9418190.000,2024-07-14 00:54:55.371
BTC,BUY,0.0001,9420000.000,2024-07-14 00:55:03.326
BTC,BUY,0.0010,9422275.000,2024-07-14 00:55:08.473
BTC,SELL,0.0055,9423650.000,2024-07-14 00:55:44.832
BTC,BUY,0.0002,9425000.000,2024-07-14 00:56:25.038
BTC,BUY,0.0001,9428594.000,2024-07-14 00:56:36.595
BTC,BUY,0.0011,9430000.000,2024-07-14 00:56:36.595
BTC,BUY,0.0003,9430000.000,2024-07-14 00:56:36.595
BTC,BUY,0.0001,9430000.000,2024-07-14 00:56:40.968
BTC,BUY,0.0010,9430000.000,2024-07-14 00:56:40.968
BTC,BUY,0.0004,9430000.000,2024-07-14 00:57:08.968
BTC,SELL,0.0062,9429999.000,2024-07-14 00:57:16.238
BTC,BUY,0.0012,9430000.000,2024-07-14 00:57:46.457
BTC,BUY,0.0050,9430000.000,2024-07-14 00:58:15.794
BTC,BUY,0.0013,9430000.000,2024-07-14 00:58:15.954
BTC,BUY,0.0050,9430000.000,2024-07-14 00:58:16.284
BTC,BUY,0.0050,9430000.000,2024-07-14 00:58:16.794
BTC,BUY,0.0061,9430000.000,2024-07-14 00:58:36.608
BTC,BUY,0.0002,9430921.000,2024-07-14 00:58:36.608
BTC,BUY,0.0037,9431840.000,2024-07-14 00:58:36.608
BTC,BUY,0.0088,9431840.000,2024-07-14 00:58:42.148
BTC,BUY,0.0001,9433581.000,2024-07-14 00:58:42.148
BTC,BUY,0.0001,9435000.000,2024-07-14 00:58:42.148
BTC,BUY,0.0001,9440000.000,2024-07-14 00:58:55.862
BTC,SELL,0.0800,9439696.000,2024-07-14 00:59:03.600
BTC,SELL,0.1000,9439650.000,2024-07-14 00:59:03.600
BTC,SELL,0.0200,9439601.000,2024-07-14 00:59:03.600
BTC,BUY,0.0010,9440000.000,2024-07-14 00:59:10.768
BTC,BUY,0.0003,9440000.000,2024-07-14 00:59:10.768
BTC,BUY,0.0100,9440000.000,2024-07-14 00:59:10.768
BTC,SELL,0.0050,9440000.000,2024-07-14 00:59:10.772
BTC,SELL,0.0004,9442862.000,2024-07-14 00:59:25.931
BTC,SELL,0.0011,9440080.000,2024-07-14 00:59:34.109
BTC,BUY,0.0002,9440001.000,2024-07-14 00:59:59.644
BTC,SELL,0.0007,9443605.000,2024-07-14 01:00:16.892
BTC,BUY,0.0001,9443281.000,2024-07-14 01:00:21.005
BTC,SELL,0.0105,9440160.000,2024-07-14 01:00:28.073
BTC,BUY,0.0002,9440001.000,2024-07-14 01:00:47.311
BTC,SELL,0.0100,9440000.000,2024-07-14 01:00:49.019
BTC,SELL,0.0130,9440000.000,2024-07-14 01:01:03.778
BTC,SELL,0.0107,9440000.000,2024-07-14 01:01:57.840
BTC,SELL,0.0643,9438002.000,2024-07-14 01:01:57.840
BTC,BUY,0.0031,9444000.000,2024-07-14 01:02:26.056
BTC,BUY,0.0010,9444000.000,2024-07-14 01:02:26.056
BTC,BUY,0.0010,9445000.000,2024-07-14 01:02:26.056
BTC,BUY,0.0002,9445000.000,2024-07-14 01:02:26.056
BTC,BUY,0.0700,9449211.000,2024-07-14 01:02:26.056
BTC,BUY,0.0247,9449685.000,2024-07-14 01:02:26.056
BTC,SELL,0.0008,9449409.000,2024-07-14 01:02:30.123
BTC,SELL,0.1000,9445150.000,2024-07-14 01:02:35.512
BTC,SELL,0.0021,9445133.000,2024-07-14 01:02:35.512
BTC,BUY,0.0050,9449950.000,2024-07-14 01:02:41.290
BTC,BUY,0.0001,9449950.000,2024-07-14 01:02:48.406
BTC,BUY,0.0020,9449950.000,2024-07-14 01:03:10.317
BTC,BUY,0.0002,9449950.000,2024-07-14 01:03:11.781
BTC,BUY,0.0009,9449901.000,2024-07-14 01:03:38.915
BTC,BUY,0.0001,9449901.000,2024-07-14 01:03:39.161
BTC,SELL,0.0028,9449900.000,2024-07-14 01:03:41.377
BTC,BUY,0.0025,9449900.000,2024-07-14 01:03:41.734
BTC,BUY,0.0500,9449803.000,2024-07-14 01:03:42.741
BTC,SELL,0.0050,9449000.000,2024-07-14 01:03:43.917
BTC,BUY,0.0010,9449001.000,2024-07-14 01:03:48.537
BTC,SELL,0.0100,9449000.000,2024-07-14 01:03:48.998
BTC,SELL,0.0050,9449000.000,2024-07-14 01:03:49.002
BTC,SELL,0.0050,9449000.000,2024-07-14 01:03:50.317
BTC,SELL,0.0693,9449000.000,2024-07-14 01:03:58.425
BTC,SELL,0.0057,9449000.000,2024-07-14 01:03:58.640
BTC,BUY,0.0100,9448994.000,2024-07-14 01:03:58.653
BTC,SELL,0.0030,9446720.000,2024-07-14 01:04:06.905
BTC,BUY,0.0003,9450000.000,2024-07-14 01:04:28.826
BTC,BUY,0.0100,9450000.000,2024-07-14 01:04:28.826
BTC,BUY,0.0003,9450000.000,2024-07-14 01:04:28.826
BTC,BUY,0.0100,9450000.000,2024-07-14 01:04:28.826
BTC,BUY,0.0001,9450000.000,2024-07-14 01:04:28.826
BTC,BUY,0.0093,9450000.000,2024-07-14 01:04:28.826
BTC,BUY,0.0007,9450000.000,2024-07-14 01:04:36.717
BTC,BUY,0.0005,9450000.000,2024-07-14 01:04:36.717
BTC,BUY,0.0003,9450000.000,2024-07-14 01:04:36.717
BTC,BUY,0.0028,9450000.000,2024-07-14 01:04:36.717
BTC,BUY,0.0011,9450000.000,2024-07-14 01:04:36.717
BTC,BUY,0.0046,9450000.000,2024-07-14 01:04:36.717
BTC,SELL,0.0010,9446800.000,2024-07-14 01:04:44.205
BTC,BUY,0.0030,9449920.000,2024-07-14 01:05:03.376
BTC,BUY,0.0020,9450000.000,2024-07-14 01:05:10.362
BTC,BUY,0.0010,9450000.000,2024-07-14 01:05:15.043
BTC,SELL,0.0050,9445161.000,2024-07-14 01:05:40.921
BTC,SELL,0.0010,9445161.000,2024-07-14 01:05:41.244
BTC,SELL,0.0200,9445161.000,2024-07-14 01:05:41.590
BTC,SELL,0.0400,9445161.000,2024-07-14 01:05:41.595
BTC,SELL,0.0340,9445161.000,2024-07-14 01:05:41.702
BTC,SELL,0.0010,9441162.000,2024-07-14 01:05:44.031
BTC,BUY,0.0005,9439084.000,2024-07-14 01:05:45.181
BTC,BUY,0.0003,9440751.000,2024-07-14 01:05:55.446
BTC,SELL,0.0050,9438864.000,2024-07-14 01:06:00.262
BTC,BUY,0.0040,9435612.000,2024-07-14 01:06:10.017
BTC,SELL,0.0005,9435423.000,2024-07-14 01:06:21.489
BTC,BUY,0.0060,9435424.000,2024-07-14 01:06:22.931
BTC,BUY,0.0040,9435438.000,2024-07-14 01:06:22.931
BTC,SELL,0.0001,9434922.000,2024-07-14 01:06:26.559
BTC,BUY,0.0001,9435300.000,2024-07-14 01:06:41.213
BTC,SELL,0.0533,9434922.000,2024-07-14 01:06:49.995
BTC,SELL,0.0008,9434922.000,2024-07-14 01:06:51.799
BTC,BUY,0.0001,9434923.000,2024-07-14 01:07:12.222
BTC,SELL,0.0158,9434922.000,2024-07-14 01:07:26.744
BTC,SELL,0.0122,9434510.000,2024-07-14 01:07:26.744
BTC,BUY,0.0001,9434060.000,2024-07-14 01:07:31.507
BTC,SELL,0.0001,9432009.000,2024-07-14 01:07:33.972
BTC,BUY,0.0010,9434060.000,2024-07-14 01:08:22.017
BTC,BUY,0.0125,9444000.000,2024-07-14 01:08:47.381
BTC,BUY,0.0002,9446243.000,2024-07-14 01:08:47.381
BTC,BUY,0.0173,9447233.000,2024-07-14 01:08:47.381
BTC,BUY,0.0040,9448500.000,2024-07-14 01:08:53.442
BTC,BUY,0.0007,9447540.000,2024-07-14 01:08:59.778
BTC,BUY,0.0070,9446262.000,2024-07-14 01:09:13.049
BTC,SELL,0.0050,9445600.000,2024-07-14 01:09:31.488
BTC,SELL,0.0048,9445040.000,2024-07-14 01:09:33.112
BTC,SELL,0.0050,9445001.000,2024-07-14 01:09:34.186
BTC,SELL,0.0360,9445001.000,2024-07-14 01:09:34.312
BTC,SELL,0.0050,9445001.000,2024-07-14 01:09:35.004
BTC,SELL,0.0411,9445001.000,2024-07-14 01:09:35.095
BTC,SELL,0.0060,9445001.000,2024-07-14 01:09:35.920
BTC,SELL,0.0050,9445001.000,2024-07-14 01:09:36.062
BTC,SELL,0.0019,9445001.000,2024-07-14 01:09:36.104
BTC,BUY,0.0150,9445001.000,2024-07-14 01:09:37.551
BTC,SELL,0.0002,9435000.000,2024-07-14 01:10:08.350
BTC,SELL,0.0027,9433360.000,2024-07-14 01:10:08.350
BTC,SELL,0.0318,9433309.000,2024-07-14 01:10:08.350
BTC,SELL,0.0050,9432009.000,2024-07-14 01:10:30.601
BTC,BUY,0.0001,9432010.000,2024-07-14 01:10:33.756
BTC,SELL,0.0400,9432009.000,2024-07-14 01:10:34.182
BTC,SELL,0.0050,9432009.000,2024-07-14 01:10:35.726
BTC,SELL,0.0150,9432009.000,2024-07-14 01:10:35.912
BTC,SELL,0.0050,9432009.000,2024-07-14 01:10:36.264
BTC,SELL,0.0050,9432009.000,2024-07-14 01:10:36.771
BTC,SELL,0.0050,9432009.000,2024-07-14 01:10:37.299
BTC,SELL,0.0050,9432009.000,2024-07-14 01:10:39.324
BTC,SELL,0.0019,9432009.000,2024-07-14 01:10:40.822
BTC,SELL,0.0100,9432009.000,2024-07-14 01:10:41.533
BTC,SELL,0.0031,9432009.000,2024-07-14 01:10:47.239
BTC,SELL,0.0069,9430000.000,2024-07-14 01:10:47.239
BTC,SELL,0.0014,9430000.000,2024-07-14 01:10:47.976
BTC,SELL,0.0017,9430000.000,2024-07-14 01:10:48.786
BTC,SELL,0.0002,9425000.000,2024-07-14 01:10:53.458
BTC,BUY,0.0099,9420001.000,2024-07-14 01:11:08.788
BTC,BUY,0.0100,9420001.000,2024-07-14 01:11:08.788
BTC,BUY,0.0700,9421784.000,2024-07-14 01:11:08.788
BTC,BUY,0.0050,9423232.000,2024-07-14 01:11:08.788
BTC,BUY,0.0530,9423942.000,2024-07-14 01:11:08.788
BTC,BUY,0.0020,9425000.000,2024-07-14 01:11:08.788
BTC,BUY,0.0300,9425001.000,2024-07-14 01:11:08.788
BTC,BUY,0.0601,9425520.000,2024-07-14 01:11:08.788
BTC,SELL,0.0011,9420000.000,2024-07-14 01:11:19.717
BTC,SELL,0.0039,9420000.000,2024-07-14 01:11:19.717
BTC,BUY,0.0001,9420001.000,2024-07-14 01:11:24.932
BTC,BUY,0.0009,9422780.000,2024-07-14 01:11:36.960
BTC,BUY,0.0001,9422780.000,2024-07-14 01:11:45.260
BTC,BUY,0.0010,9423306.000,2024-07-14 01:12:52.367
BTC,BUY,0.0001,9423900.000,2024-07-14 01:14:08.031
BTC,SELL,0.0050,9420000.000,2024-07-14 01:14:15.230
BTC,SELL,0.0015,9420000.000,2024-07-14 01:14:29.216
BTC,BUY,0.0098,9422759.000,2024-07-14 01:16:08.849
BTC,BUY,0.0082,9422784.000,2024-07-14 01:16:08.849
BTC,BUY,0.0100,9420001.000,2024-07-14 01:16:20.569
BTC,BUY,0.0100,9420001.000,2024-07-14 01:16:20.569
BTC,BUY,0.0950,9420001.000,2024-07-14 01:16:20.569
BTC,BUY,0.0005,9420001.000,2024-07-14 01:16:22.972
BTC,SELL,0.0050,9420000.000,2024-07-14 01:16:28.639
BTC,SELL,0.0026,9420000.000,2024-07-14 01:16:31.970
BTC,SELL,0.0500,9420000.000,2024-07-14 01:16:34.842
BTC,SELL,0.0050,9420000.000,2024-07-14 01:16:45.340
BTC,SELL,0.0050,9420000.000,2024-07-14 01:16:45.580
BTC,SELL,0.0050,9420000.000,2024-07-14 01:16:46.374
BTC,SELL,0.0050,9420000.000,2024-07-14 01:16:47.398
BTC,SELL,0.0100,9420000.000,2024-07-14 01:16:48.889
BTC,SELL,0.0020,9420000.000,2024-07-14 01:16:48.909
BTC,SELL,0.0030,9420000.000,2024-07-14 01:16:48.909
BTC,SELL,0.0005,9420000.000,2024-07-14 01:16:49.672
BTC,SELL,0.0050,9420000.000,2024-07-14 01:16:52.468
BTC,SELL,0.0010,9420000.000,2024-07-14 01:16:54.145
BTC,SELL,0.0005,9420000.000,2024-07-14 01:16:56.141
BTC,SELL,0.0002,9415000.000,2024-07-14 01:16:57.989
BTC,SELL,0.0005,9410150.000,2024-07-14 01:17:03.468
BTC,BUY,0.0288,9413330.000,2024-07-14 01:17:09.757
BTC,BUY,0.0243,9413330.000,2024-07-14 01:17:10.078
BTC,SELL,0.0095,9413430.000,2024-07-14 01:18:04.832
BTC,SELL,0.0050,9411238.000,2024-07-14 01:18:04.985
BTC,SELL,0.0095,9410150.000,2024-07-14 01:18:04.985
BTC,SELL,0.0011,9410000.000,2024-07-14 01:18:05.615
BTC,SELL,0.0003,9410000.000,2024-07-14 01:18:05.615
BTC,SELL,0.0202,9407946.000,2024-07-14 01:18:05.615
BTC,SELL,0.0050,9402017.000,2024-07-14 01:18:06.792
BTC,SELL,0.0024,9402017.000,2024-07-14 01:18:07.512
BTC,SELL,0.0001,9401552.000,2024-07-14 01:18:12.969
BTC,BUY,0.0189,9402140.000,2024-07-14 01:19:26.664
BTC,BUY,0.0100,9402140.000,2024-07-14 01:19:31.992
BTC,BUY,0.0211,9402140.000,2024-07-14 01:19:33.112
BTC,BUY,0.0700,9407815.000,2024-07-14 01:19:33.112
BTC,BUY,0.0089,9408624.000,2024-07-14 01:19:33.112
BTC,BUY,0.0120,9406312.000,2024-07-14 01:19:45.114
BTC,SELL,0.0009,9406310.000,2024-07-14 01:19:46.604
BTC,SELL,0.0050,9406310.000,2024-07-14 01:19:47.436
BTC,SELL,0.0002,9406272.000,2024-07-14 01:19:47.923
BTC,SELL,0.0048,9402255.000,2024-07-14 01:19:47.923
BTC,SELL,0.0050,9402255.000,2024-07-14 01:19:48.413
BTC,SELL,0.0002,9402255.000,2024-07-14 01:20:01.814
BTC,BUY,0.0043,9400001.000,2024-07-14 01:20:19.848
BTC,SELL,0.0001,9400000.000,2024-07-14 01:20:48.755
BTC,SELL,0.0001,9400000.000,2024-07-14 01:20:48.755
BTC,BUY,0.0001,9400001.000,2024-07-14 01:21:02.636
BTC,SELL,0.1000,9407266.000,2024-07-14 01:23:11.997
BTC,SELL,0.0090,9406650.000,2024-07-14 01:23:29.271
BTC,SELL,0.0160,9406550.000,2024-07-14 01:23:29.271
BTC,BUY,0.1000,9402857.000,2024-07-14 01:25:16.612
BTC,BUY,0.0026,9403950.000,2024-07-14 01:25:24.793
BTC,BUY,0.0001,9409044.000,2024-07-14 01:26:54.688
BTC,BUY,0.0005,9410000.000,2024-07-14 01:28:03.861
BTC,BUY,0.0001,9412833.000,2024-07-14 01:30:27.411
BTC,BUY,0.0001,9415234.000,2024-07-14 01:30:27.486
BTC,BUY,0.0026,9414246.000,2024-07-14 01:30:38.006
BTC,BUY,0.0001,9415234.000,2024-07-14 01:32:44.344
BTC,BUY,0.0014,9419035.000,2024-07-14 01:32:45.715
BTC,BUY,0.0250,9420000.000,2024-07-14 01:33:33.238
BTC,SELL,0.0008,9419100.000,2024-07-14 01:33:42.526
BTC,BUY,0.0092,9419600.000,2024-07-14 01:33:43.331
BTC,BUY,0.0001,9414125.000,2024-07-14 01:33:49.126
BTC,SELL,0.0019,9410000.000,2024-07-14 01:34:07.419
BTC,BUY,0.0007,9410006.000,2024-07-14 01:34:20.785
BTC,SELL,0.1000,9415816.000,2024-07-14 01:34:27.149
BTC,SELL,0.0010,9416263.000,2024-07-14 01:34:33.099
BTC,BUY,0.0250,9418810.000,2024-07-14 01:35:18.786
BTC,SELL,0.0100,9419800.000,2024-07-14 01:35:26.821
BTC,BUY,0.0010,9420000.000,2024-07-14 01:35:45.595
BTC,BUY,0.0100,9420000.000,2024-07-14 01:35:48.468
BTC,SELL,0.0001,9419920.000,2024-07-14 01:36:26.229
BTC,BUY,0.0001,9420000.000,2024-07-14 01:36:29.864
BTC,BUY,0.0001,9420000.000,2024-07-14 01:37:41.662
BTC,BUY,0.0020,9421000.000,2024-07-14 01:38:09.571
BTC,BUY,0.0100,9421000.000,2024-07-14 01:38:16.926
BTC,BUY,0.0021,9421000.000,2024-07-14 01:38:18.304
BTC,BUY,0.0155,9421000.000,2024-07-14 01:38:20.906
BTC,BUY,0.0124,9421000.000,2024-07-14 01:38:21.181
BTC,BUY,0.0109,9421000.000,2024-07-14 01:38:21.270
BTC,BUY,0.0109,9421000.000,2024-07-14 01:38:21.272
BTC,BUY,0.0530,9421000.000,2024-07-14 01:38:22.083
BTC,BUY,0.0060,9421000.000,2024-07-14 01:38:22.139
BTC,BUY,0.0112,9421000.000,2024-07-14 01:38:22.140
BTC,BUY,0.0149,9421000.000,2024-07-14 01:38:22.272
BTC,BUY,0.0050,9421000.000,2024-07-14 01:38:31.417
BTC,BUY,0.0050,9421000.000,2024-07-14 01:38:31.883
BTC,BUY,0.0050,9421000.000,2024-07-14 01:39:08.235
BTC,BUY,0.0002,9425000.000,2024-07-14 01:39:15.771
BTC,BUY,0.0001,9425543.000,2024-07-14 01:39:15.771
BTC,BUY,0.0001,9427562.000,2024-07-14 01:39:15.771
BTC,BUY,0.0006,9427600.000,2024-07-14 01:39:15.771
BTC,BUY,0.0001,9427600.000,2024-07-14 01:39:27.328
BTC,SELL,0.0600,9427641.000,2024-07-14 01:40:33.274
BTC,BUY,0.0180,9429744.000,2024-07-14 01:40:43.232
BTC,BUY,0.0001,9431304.000,2024-07-14 01:41:17.992
BTC,BUY,0.0001,9432305.000,2024-07-14 01:41:17.992
BTC,BUY,0.0598,9434151.000,2024-07-14 01:41:17.992
BTC,BUY,0.0001,9434418.000,2024-07-14 01:41:19.130
BTC,SELL,0.0082,9433033.000,2024-07-14 01:41:25.708
BTC,SELL,0.0124,9432480.000,2024-07-14 01:41:25.708
BTC,SELL,0.0300,9432415.000,2024-07-14 01:41:25.708
BTC,SELL,0.0575,9430595.000,2024-07-14 01:41:25.708
BTC,BUY,0.0001,9430541.000,2024-07-14 01:41:34.190
BTC,SELL,0.0001,9436217.000,2024-07-14 01:41:48.272
BTC,SELL,0.0700,9430505.000,2024-07-14 01:42:22.567
BTC,SELL,0.0300,9429635.000,2024-07-14 01:42:22.567
BTC,BUY,0.0030,9433316.000,2024-07-14 01:42:34.970
BTC,SELL,0.0013,9429490.000,2024-07-14 01:42:37.511
BTC,BUY,0.0003,9429530.000,2024-07-14 01:42:51.193
BTC,BUY,0.0001,9434315.000,2024-07-14 01:43:20.020
BTC,BUY,0.0100,9436117.000,2024-07-14 01:45:05.976
BTC,SELL,0.0008,9436000.000,2024-07-14 01:46:28.028
BTC,SELL,0.0007,9436000.000,2024-07-14 01:46:35.547
BTC,SELL,0.0170,9430819.000,2024-07-14 01:46:38.330
BTC,SELL,0.0001,9428681.000,2024-07-14 01:46:54.744
BTC,BUY,0.0100,9428767.000,2024-07-14 01:50:01.176
BTC,BUY,0.0001,9426700.000,2024-07-14 01:50:10.203
BTC,SELL,0.0050,9422157.000,2024-07-14 01:50:23.050
BTC,SELL,0.0533,9426401.000,2024-07-14 01:53:00.500
BTC,BUY,0.0001,9430840.000,2024-07-14 01:53:28.668
BTC,BUY,0.0100,9431205.000,2024-07-14 01:53:38.169
BTC,SELL,0.0002,9433101.000,2024-07-14 01:54:24.232
BTC,BUY,0.0009,9436117.000,2024-07-14 01:54:27.030
BTC,BUY,0.0250,9435450.000,2024-07-14 01:56:00.942
BTC,BUY,0.0100,9436117.000,2024-07-14 01:56:17.056
BTC,BUY,0.0500,9435846.000,2024-07-14 01:56:43.801
BTC,BUY,0.0001,9435920.000,2024-07-14 01:57:01.486
BTC,BUY,0.0005,9432480.000,2024-07-14 01:57:07.140
BTC,BUY,0.0100,9432640.000,2024-07-14 01:57:09.966
BTC,BUY,0.0350,9432240.000,2024-07-14 01:57:35.307
BTC,BUY,0.0025,9432969.000,2024-07-14 01:57:43.751
BTC,SELL,0.0001,9432218.000,2024-07-14 01:58:01.045
BTC,BUY,0.0025,9432245.000,2024-07-14 01:58:04.976
BTC,BUY,0.0025,9433430.000,2024-07-14 01:58:30.991
BTC,BUY,0.0010,9434700.000,2024-07-14 01:59:24.281
BTC,BUY,0.0001,9434700.000,2024-07-14 01:59:24.768
BTC,BUY,0.0007,9434700.000,2024-07-14 01:59:26.020
BTC,SELL,0.0001,9430401.000,2024-07-14 02:00:02.529
BTC,BUY,0.0091,9432245.000,2024-07-14 02:00:09.598
BTC,SELL,0.0010,9432244.000,2024-07-14 02:00:22.220
BTC,BUY,0.0001,9432245.000,2024-07-14 02:00:22.478
BTC,BUY,0.0001,9432245.000,2024-07-14 02:00:58.836
BTC,BUY,0.0016,9432245.000,2024-07-14 02:01:01.374
BTC,BUY,0.0484,9436117.000,2024-07-14 02:01:01.374
BTC,BUY,0.0025,9436117.000,2024-07-14 02:01:16.798
BTC,BUY,0.0040,9436117.000,2024-07-14 02:01:26.773
BTC,BUY,0.0011,9436117.000,2024-07-14 02:02:10.168
BTC,BUY,0.0001,9436117.000,2024-07-14 02:02:23.980
BTC,SELL,0.0010,9434000.000,2024-07-14 02:03:04.213
BTC,BUY,0.0010,9431798.000,2024-07-14 02:03:17.590
BTC,BUY,0.0490,9432431.000,2024-07-14 02:03:17.590
BTC,BUY,0.0200,9430309.000,2024-07-14 02:04:11.610
BTC,SELL,0.0031,9430308.000,2024-07-14 02:04:19.149
BTC,BUY,0.0005,9422343.000,2024-07-14 02:04:24.599
BTC,BUY,0.0300,9427229.000,2024-07-14 02:05:27.430
BTC,BUY,0.0010,9425806.000,2024-07-14 02:05:43.890
BTC,SELL,0.0684,9417939.000,2024-07-14 02:06:37.993
BTC,BUY,0.0001,9418354.000,2024-07-14 02:06:42.510
BTC,SELL,0.0136,9418498.000,2024-07-14 02:06:54.261
BTC,BUY,0.0280,9413063.000,2024-07-14 02:07:25.815
BTC,SELL,0.0011,9412358.000,2024-07-14 02:08:36.609
BTC,BUY,0.0050,9419883.000,2024-07-14 02:10:07.066
BTC,BUY,0.0002,9420585.000,2024-07-14 02:11:26.730
BTC,BUY,0.0030,9418262.000,2024-07-14 02:11:37.566
BTC,SELL,0.0532,9414438.000,2024-07-14 02:12:51.278
BTC,SELL,0.0015,9412888.000,2024-07-14 02:14:56.629
BTC,SELL,0.0050,9419795.000,2024-07-14 02:18:02.007
BTC,SELL,0.0012,9419795.000,2024-07-14 02:18:11.018
BTC,SELL,0.0005,9419795.000,2024-07-14 02:18:11.634
BTC,SELL,0.0033,9419795.000,2024-07-14 02:18:17.684
BTC,SELL,0.0011,9419795.000,2024-07-14 02:18:17.684
BTC,SELL,0.0002,9415000.000,2024-07-14 02:18:35.808
BTC,SELL,0.0021,9410000.000,2024-07-14 02:19:45.520
BTC,SELL,0.0400,9406631.000,2024-07-14 02:20:19.770
BTC,SELL,0.0010,9406631.000,2024-07-14 02:20:19.831
BTC,SELL,0.0004,9406000.000,2024-07-14 02:21:04.766
BTC,SELL,0.0048,9406000.000,2024-07-14 02:21:07.962
BTC,SELL,0.0050,9403840.000,2024-07-14 02:21:14.817
BTC,SELL,0.0075,9403840.000,2024-07-14 02:21:23.436
BTC,SELL,0.0002,9400860.000,2024-07-14 02:21:42.668
BTC,SELL,0.0008,9400860.000,2024-07-14 02:21:42.738
BTC,SELL,0.0002,9400000.000,2024-07-14 02:21:42.738
BTC,SELL,0.0001,9400000.000,2024-07-14 02:21:51.992
BTC,SELL,0.0002,9400000.000,2024-07-14 02:21:54.244
BTC,BUY,0.0012,9402400.000,2024-07-14 02:22:45.385
BTC,BUY,0.0008,9402474.000,2024-07-14 02:22:45.385
BTC,BUY,0.0009,9402611.000,2024-07-14 02:22:47.510
BTC,SELL,0.0005,9400000.000,2024-07-14 02:24:04.366
BTC,SELL,0.0003,9400000.000,2024-07-14 02:24:04.366
BTC,SELL,0.0003,9400000.000,2024-07-14 02:24:04.366
BTC,SELL,0.0039,9400000.000,2024-07-14 02:24:04.366
BTC,SELL,0.0001,9400000.000,2024-07-14 02:24:05.767
BTC,SELL,0.0050,9400000.000,2024-07-14 02:24:05.940
BTC,SELL,0.0010,9400000.000,2024-07-14 02:24:06.230
BTC,SELL,0.0010,9400000.000,2024-07-14 02:24:06.230
BTC,SELL,0.0001,9400000.000,2024-07-14 02:24:06.230
BTC,SELL,0.0002,9400000.000,2024-07-14 02:24:06.230
BTC,SELL,0.0095,9400000.000,2024-07-14 02:24:06.230
BTC,SELL,0.0012,9400000.000,2024-07-14 02:24:06.444
BTC,SELL,0.0005,9400000.000,2024-07-14 02:24:06.444
BTC,SELL,0.0033,9400000.000,2024-07-14 02:24:06.444
BTC,SELL,0.0067,9400000.000,2024-07-14 02:24:13.374
BTC,SELL,0.0002,9400000.000,2024-07-14 02:24:13.374
BTC,SELL,0.0053,9399900.000,2024-07-14 02:24:26.546
BTC,SELL,0.0002,9399900.000,2024-07-14 02:24:26.546
BTC,SELL,0.0001,9395900.000,2024-07-14 02:24:28.718
BTC,SELL,0.0001,9394436.000,2024-07-14 02:24:28.718
BTC,SELL,0.0001,9391647.000,2024-07-14 02:24:28.718
BTC,SELL,0.0005,9391450.000,2024-07-14 02:24:28.718
BTC,SELL,0.0600,9391222.000,2024-07-14 02:24:28.718
BTC,SELL,0.0001,9391027.000,2024-07-14 02:24:28.718
BTC,SELL,0.0167,9390679.000,2024-07-14 02:24:28.718
BTC,SELL,0.0004,9390000.000,2024-07-14 02:24:28.718
BTC,SELL,0.0011,9390000.000,2024-07-14 02:24:28.718
BTC,SELL,0.0002,9390000.000,2024-07-14 02:24:28.718
BTC,SELL,0.1000,9389512.000,2024-07-14 02:24:28.718
BTC,SELL,0.0700,9388656.000,2024-07-14 02:24:28.718
BTC,SELL,0.0507,9388653.000,2024-07-14 02:24:28.718
BTC,SELL,0.0010,9388653.000,2024-07-14 02:24:28.847
BTC,SELL,0.0001,9386928.000,2024-07-14 02:24:30.044
BTC,BUY,0.0100,9389040.000,2024-07-14 02:24:36.695
BTC,SELL,0.0025,9389145.000,2024-07-14 02:25:10.715
BTC,SELL,0.0001,9386927.000,2024-07-14 02:25:10.715
BTC,SELL,0.0174,9386025.000,2024-07-14 02:25:10.715
BTC,SELL,0.0002,9389395.000,2024-07-14 02:25:53.170
BTC,BUY,0.0171,9391012.000,2024-07-14 02:25:58.971
BTC,BUY,0.0100,9391012.000,2024-07-14 02:25:59.337
BTC,BUY,0.0100,9391012.000,2024-07-14 02:26:00.360
BTC,BUY,0.0003,9391347.000,2024-07-14 02:27:05.181
BTC,BUY,0.0125,9391545.000,2024-07-14 02:27:10.591
BTC,SELL,0.0012,9391157.000,2024-07-14 02:27:38.981
BTC,SELL,0.0004,9391157.000,2024-07-14 02:27:45.001
BTC,SELL,0.0063,9391157.000,2024-07-14 02:27:47.869
BTC,BUY,0.0003,9391158.000,2024-07-14 02:27:48.582
BTC,SELL,0.0021,9391157.000,2024-07-14 02:27:48.993
BTC,SELL,0.0050,9390258.000,2024-07-14 02:27:49.483
BTC,SELL,0.0050,9390258.000,2024-07-14 02:27:49.534
BTC,SELL,0.0005,9388651.000,2024-07-14 02:27:50.785
BTC,SELL,0.0005,9388651.000,2024-07-14 02:28:05.413
BTC,SELL,0.0050,9386000.000,2024-07-14 02:28:11.890
BTC,SELL,0.0050,9386000.000,2024-07-14 02:28:12.196
BTC,SELL,0.0060,9385600.000,2024-07-14 02:28:12.249
BTC,SELL,0.0027,9385600.000,2024-07-14 02:28:12.970
BTC,SELL,0.0005,9385600.000,2024-07-14 02:28:24.987
BTC,BUY,0.0001,9385601.000,2024-07-14 02:28:34.519
BTC,SELL,0.0004,9385600.000,2024-07-14 02:28:47.621
BTC,BUY,0.0299,9385601.000,2024-07-14 02:28:47.840
BTC,BUY,0.0401,9385601.000,2024-07-14 02:28:47.840
BTC,SELL,0.0014,9385600.000,2024-07-14 02:28:51.944
BTC,SELL,0.0002,9385000.000,2024-07-14 02:29:23.990
BTC,SELL,0.0001,9383688.000,2024-07-14 02:29:23.990
BTC,SELL,0.0007,9380732.000,2024-07-14 02:29:23.990
BTC,BUY,0.0025,9380960.000,2024-07-14 02:29:46.710
BTC,BUY,0.0325,9381000.000,2024-07-14 02:29:46.710
BTC,BUY,0.1000,9380950.000,2024-07-14 02:29:47.498
BTC,SELL,0.0001,9380731.000,2024-07-14 02:29:53.042
BTC,SELL,0.0004,9380000.000,2024-07-14 02:29:53.042
BTC,SELL,0.0001,9380000.000,2024-07-14 02:29:53.042
BTC,SELL,0.0700,9376143.000,2024-07-14 02:29:53.042
BTC,SELL,0.0020,9373915.000,2024-07-14 02:29:53.042
BTC,SELL,0.0100,9373219.000,2024-07-14 02:29:53.042
BTC,SELL,0.0174,9373218.000,2024-07-14 02:29:53.042
BTC,BUY,0.0010,9380470.000,2024-07-14 02:30:12.859
BTC,BUY,0.0017,9378394.000,2024-07-14 02:30:17.183
BTC,BUY,0.0010,9378394.000,2024-07-14 02:30:18.211
BTC,BUY,0.0100,9379120.000,2024-07-14 02:30:20.233
BTC,BUY,0.0010,9379120.000,2024-07-14 02:30:21.175
BTC,BUY,0.0145,9379120.000,2024-07-14 02:30:21.685
BTC,BUY,0.0010,9380881.000,2024-07-14 02:30:22.840
BTC,BUY,0.0050,9380881.000,2024-07-14 02:30:24.998
BTC,BUY,0.0060,9384710.000,2024-07-14 02:30:25.084
BTC,BUY,0.0001,9385200.000,2024-07-14 02:30:38.202
BTC,BUY,0.0010,9385770.000,2024-07-14 02:31:42.861
BTC,BUY,0.0010,9386300.000,2024-07-14 02:32:32.810
BTC,BUY,0.0002,9386830.000,2024-07-14 02:32:40.842
BTC,SELL,0.0040,9385500.000,2024-07-14 02:32:51.012
BTC,SELL,0.1000,9385500.000,2024-07-14 02:32:51.012
BTC,BUY,0.0010,9385000.000,2024-07-14 02:32:52.893
BTC,BUY,0.0154,9385000.000,2024-07-14 02:33:25.307
BTC,BUY,0.1000,9385000.000,2024-07-14 02:33:34.359
BTC,BUY,0.0500,9385000.000,2024-07-14 02:33:34.786
BTC,BUY,0.0050,9385000.000,2024-07-14 02:33:35.634
BTC,BUY,0.0321,9385000.000,2024-07-14 02:33:35.732
BTC,BUY,0.1000,9385000.000,2024-07-14 02:33:35.768
BTC,BUY,0.0500,9385000.000,2024-07-14 02:33:37.280
BTC,BUY,0.0107,9385000.000,2024-07-14 02:33:37.542
BTC,BUY,0.0250,9385000.000,2024-07-14 02:33:38.764
BTC,BUY,0.0050,9385000.000,2024-07-14 02:33:40.214
BTC,BUY,0.0050,9385000.000,2024-07-14 02:33:40.711
BTC,BUY,0.0009,9385000.000,2024-07-14 02:33:41.228
BTC,BUY,0.0001,9385000.000,2024-07-14 02:33:42.431
BTC,BUY,0.0532,9385000.000,2024-07-14 02:33:42.696
BTC,BUY,0.0100,9385000.000,2024-07-14 02:33:43.030
BTC,BUY,0.0532,9385000.000,2024-07-14 02:33:43.088
BTC,BUY,0.0008,9385000.000,2024-07-14 02:33:43.291
BTC,BUY,0.0198,9385000.000,2024-07-14 02:33:43.827
BTC,BUY,0.0100,9385000.000,2024-07-14 02:33:44.342
BTC,BUY,0.0100,9385000.000,2024-07-14 02:33:45.192
BTC,BUY,0.0100,9385000.000,2024-07-14 02:33:46.407
BTC,BUY,0.0100,9385000.000,2024-07-14 02:33:47.219
BTC,BUY,0.0200,9385000.000,2024-07-14 02:33:49.480
BTC,BUY,0.0100,9385000.000,2024-07-14 02:33:49.483
BTC,BUY,0.0050,9385000.000,2024-07-14 02:33:49.878
BTC,BUY,0.0100,9385000.000,2024-07-14 02:33:49.910
BTC,BUY,0.0200,9385000.000,2024-07-14 02:33:51.366
BTC,BUY,0.0050,9385000.000,2024-07-14 02:33:51.394
BTC,BUY,0.0100,9385000.000,2024-07-14 02:33:51.397
BTC,BUY,0.0050,9385000.000,2024-07-14 02:33:52.400
BTC,BUY,0.0100,9385000.000,2024-07-14 02:33:52.542
BTC,BUY,0.0003,9385000.000,2024-07-14 02:34:08.767
BTC,BUY,0.0050,9385000.000,2024-07-14 02:34:36.221
BTC,BUY,0.0050,9385000.000,2024-07-14 02:34:36.666
BTC,BUY,0.0100,9385000.000,2024-07-14 02:34:57.023
BTC,BUY,0.0090,9385000.000,2024-07-14 02:35:19.954
BTC,BUY,0.0050,9385000.000,2024-07-14 02:35:33.030
BTC,BUY,0.0050,9385000.000,2024-07-14 02:35:33.430
BTC,BUY,0.0100,9385000.000,2024-07-14 02:35:33.788
BTC,BUY,0.0050,9385000.000,2024-07-14 02:35:34.550
BTC,BUY,0.0050,9385000.000,2024-07-14 02:35:35.546
BTC,BUY,0.0050,9385000.000,2024-07-14 02:35:36.551
BTC,BUY,0.0500,9385000.000,2024-07-14 02:35:36.797
BTC,BUY,0.0050,9385000.000,2024-07-14 02:35:37.555
BTC,BUY,0.0050,9385000.000,2024-07-14 02:35:39.127
BTC,BUY,0.0050,9385000.000,2024-07-14 02:35:39.629
BTC,BUY,0.0004,9385000.000,2024-07-14 02:35:39.819
BTC,BUY,0.0050,9385000.000,2024-07-14 02:35:40.642
BTC,BUY,0.0050,9385000.000,2024-07-14 02:35:41.643
BTC,BUY,0.0050,9385000.000,2024-07-14 02:35:44.194
BTC,BUY,0.0020,9385000.000,2024-07-14 02:35:44.720
BTC,BUY,0.0095,9385000.000,2024-07-14 02:35:51.417
BTC,BUY,0.0050,9383024.000,2024-07-14 02:36:16.390
BTC,SELL,0.0100,9383023.000,2024-07-14 02:36:16.863
BTC,SELL,0.0040,9383022.000,2024-07-14 02:36:16.863
BTC,BUY,0.0020,9384640.000,2024-07-14 02:36:36.742
BTC,SELL,0.0001,9384999.000,2024-07-14 02:37:44.468
BTC,BUY,0.0001,9385000.000,2024-07-14 02:37:44.757
BTC,BUY,0.0009,9386593.000,2024-07-14 02:37:44.757
BTC,BUY,0.0050,9386967.000,2024-07-14 02:37:46.762
BTC,BUY,0.0100,9386959.000,2024-07-14 02:40:52.918
BTC,BUY,0.0104,9386960.000,2024-07-14 02:40:52.918
BTC,BUY,0.0196,9387038.000,2024-07-14 02:40:52.918
BTC,BUY,0.0005,9387040.000,2024-07-14 02:41:22.445
BTC,SELL,0.0002,9380000.000,2024-07-14 02:42:46.605
BTC,BUY,0.0050,9380001.000,2024-07-14 02:42:53.925
BTC,SELL,0.0019,9380000.000,2024-07-14 02:43:58.963
BTC,SELL,0.0079,9380000.000,2024-07-14 02:44:48.722
BTC,SELL,0.0022,9379087.000,2024-07-14 02:44:48.722
BTC,SELL,0.0002,9379087.000,2024-07-14 02:46:32.532
BTC,BUY,0.0009,9379088.000,2024-07-14 02:46:38.803
BTC,BUY,0.0003,9379088.000,2024-07-14 02:46:41.256
BTC,BUY,0.0001,9379088.000,2024-07-14 02:46:45.012
BTC,SELL,0.0021,9379087.000,2024-07-14 02:48:56.965
BTC,BUY,0.0001,9379399.000,2024-07-14 02:49:42.414
BTC,BUY,0.0002,9382036.000,2024-07-14 02:51:08.021
BTC,BUY,0.0125,9382036.000,2024-07-14 02:51:08.076
BTC,BUY,0.0001,9382581.000,2024-07-14 02:51:19.583
BTC,SELL,0.0025,9379087.000,2024-07-14 02:52:03.242
BTC,SELL,0.0019,9375000.000,2024-07-14 02:53:55.578
BTC,BUY,0.0100,9377290.000,2024-07-14 02:54:36.733
BTC,BUY,0.0001,9376572.000,2024-07-14 02:56:26.248
BTC,BUY,0.0001,9378683.000,2024-07-14 02:56:47.361
BTC,BUY,0.0050,9382060.000,2024-07-14 02:59:03.630
BTC,BUY,0.0002,9384710.000,2024-07-14 03:00:03.887
BTC,BUY,0.0011,9385240.000,2024-07-14 03:00:07.053
BTC,BUY,0.0011,9386092.000,2024-07-14 03:00:07.145
BTC,BUY,0.0021,9386300.000,2024-07-14 03:00:26.175
BTC,BUY,0.0001,9386300.000,2024-07-14 03:00:26.286
BTC,BUY,0.0010,9387360.000,2024-07-14 03:00:28.713
BTC,BUY,0.0050,9387890.000,2024-07-14 03:05:21.657
BTC,BUY,0.0050,9388420.000,2024-07-14 03:05:22.224
BTC,BUY,0.0001,9390341.000,2024-07-14 03:06:00.452
BTC,BUY,0.0002,9391988.000,2024-07-14 03:06:00.452
BTC,BUY,0.1000,9392333.000,2024-07-14 03:06:00.452
BTC,BUY,0.0002,9395000.000,2024-07-14 03:06:00.452
BTC,BUY,0.0001,9395901.000,2024-07-14 03:06:00.452
BTC,BUY,0.0001,9396262.000,2024-07-14 03:06:00.452
BTC,BUY,0.0179,9396900.000,2024-07-14 03:06:00.452
BTC,BUY,0.0481,9396900.000,2024-07-14 03:06:00.752
BTC,BUY,0.0001,9395000.000,2024-07-14 03:06:00.968
BTC,BUY,0.0050,9392494.000,2024-07-14 03:06:01.849
BTC,BUY,0.0050,9392494.000,2024-07-14 03:06:02.362
BTC,BUY,0.0050,9392494.000,2024-07-14 03:06:02.875
BTC,BUY,0.0050,9392494.000,2024-07-14 03:06:03.391
BTC,BUY,0.0950,9393655.000,2024-07-14 03:06:06.936
BTC,BUY,0.0050,9393655.000,2024-07-14 03:06:07.048
BTC,BUY,0.0050,9394623.000,2024-07-14 03:06:08.557
BTC,BUY,0.0050,9394623.000,2024-07-14 03:06:09.060
BTC,BUY,0.0050,9394623.000,2024-07-14 03:06:09.579
BTC,BUY,0.0850,9394623.000,2024-07-14 03:06:09.928
BTC,BUY,0.0050,9395987.000,2024-07-14 03:06:11.348
BTC,BUY,0.0050,9395987.000,2024-07-14 03:06:12.091
BTC,BUY,0.0050,9395987.000,2024-07-14 03:06:13.127
BTC,BUY,0.0050,9396383.000,2024-07-14 03:06:13.630
BTC,BUY,0.0050,9396383.000,2024-07-14 03:06:14.932
BTC,BUY,0.0100,9396854.000,2024-07-14 03:06:26.625
BTC,BUY,0.0005,9397288.000,2024-07-14 03:06:40.412
BTC,BUY,0.0001,9398624.000,2024-07-14 03:07:11.145
BTC,BUY,0.0049,9402730.000,2024-07-14 03:07:11.145
BTC,BUY,0.0001,9402730.000,2024-07-14 03:07:11.229
BTC,BUY,0.0050,9403790.000,2024-07-14 03:08:27.725
BTC,SELL,0.0011,9403916.000,2024-07-14 03:09:07.935
BTC,BUY,0.0020,9406970.000,2024-07-14 03:09:19.375
BTC,BUY,0.0360,9409620.000,2024-07-14 03:09:28.548
BTC,BUY,0.0002,9410150.000,2024-07-14 03:09:35.798
BTC,BUY,0.0050,9410680.000,2024-07-14 03:09:46.502
BTC,BUY,0.0001,9416510.000,2024-07-14 03:10:45.260
BTC,SELL,0.0008,9411307.000,2024-07-14 03:10:51.598
BTC,SELL,0.0007,9411307.000,2024-07-14 03:10:56.954
BTC,BUY,0.0050,9411739.000,2024-07-14 03:11:06.673
BTC,SELL,0.0030,9405621.000,2024-07-14 03:11:24.960
BTC,BUY,0.0002,9405622.000,2024-07-14 03:11:29.611
BTC,BUY,0.0098,9407500.000,2024-07-14 03:11:29.611
BTC,SELL,0.0030,9405616.000,2024-07-14 03:11:30.462
BTC,SELL,0.0254,9405628.000,2024-07-14 03:11:33.995
BTC,SELL,0.0060,9405621.000,2024-07-14 03:11:33.995
BTC,SELL,0.0126,9405208.000,2024-07-14 03:11:33.995
BTC,BUY,0.0050,9405000.000,2024-07-14 03:12:04.640
BTC,BUY,0.0010,9405000.000,2024-07-14 03:12:34.456
BTC,BUY,0.0040,9405110.000,2024-07-14 03:12:34.456
BTC,BUY,0.0020,9405910.000,2024-07-14 03:12:50.410
BTC,BUY,0.0010,9406970.000,2024-07-14 03:13:06.644
BTC,BUY,0.0002,9401000.000,2024-07-14 03:14:13.525
BTC,SELL,0.0125,9400000.000,2024-07-14 03:14:46.801
BTC,SELL,0.0373,9399922.000,2024-07-14 03:14:46.801
BTC,SELL,0.0034,9398739.000,2024-07-14 03:14:46.801
BTC,BUY,0.0001,9398693.000,2024-07-14 03:14:50.161
BTC,BUY,0.0100,9399042.000,2024-07-14 03:15:12.109
BTC,BUY,0.0001,9399467.000,2024-07-14 03:15:21.363
BTC,BUY,0.0002,9400000.000,2024-07-14 03:15:56.733
BTC,BUY,0.0001,9399475.000,2024-07-14 03:18:32.584
BTC,BUY,0.0002,9397031.000,2024-07-14 03:20:33.668
BTC,BUY,0.0026,9395001.000,2024-07-14 03:22:24.190
BTC,BUY,0.0074,9397430.000,2024-07-14 03:22:24.190
BTC,BUY,0.0001,9395892.000,2024-07-14 03:23:16.154
BTC,BUY,0.0100,9396370.000,2024-07-14 03:25:04.429
BTC,BUY,0.0100,9396803.000,2024-07-14 03:25:17.481
BTC,SELL,0.0002,9395000.000,2024-07-14 03:25:36.010
BTC,BUY,0.0002,9394835.000,2024-07-14 03:25:48.091
BTC,BUY,0.0144,9394926.000,2024-07-14 03:27:29.731
BTC,BUY,0.0008,9397430.000,2024-07-14 03:27:38.456
BTC,SELL,0.0002,9398786.000,2024-07-14 03:30:16.113
BTC,SELL,0.0006,9398562.000,2024-07-14 03:30:16.113
BTC,BUY,0.0001,9399020.000,2024-07-14 03:30:50.242
BTC,BUY,0.0001,9397975.000,2024-07-14 03:31:45.400
BTC,BUY,0.0001,9398478.000,2024-07-14 03:33:52.287
BTC,BUY,0.0010,9397750.000,2024-07-14 03:35:23.023
BTC,SELL,0.0011,9397000.000,2024-07-14 03:37:36.466
BTC,BUY,0.0011,9397430.000,2024-07-14 03:39:03.777
BTC,BUY,0.0001,9397960.000,2024-07-14 03:41:36.918
BTC,BUY,0.0012,9398251.000,2024-07-14 03:42:28.338
BTC,BUY,0.0050,9397001.000,2024-07-14 03:42:56.246
BTC,BUY,0.0002,9397105.000,2024-07-14 03:43:54.589
BTC,BUY,0.0010,9396501.000,2024-07-14 03:45:03.681
BTC,BUY,0.0022,9396501.000,2024-07-14 03:46:20.772
BTC,BUY,0.0010,9396501.000,2024-07-14 03:48:41.679
BTC,BUY,0.0050,9396620.000,2024-07-14 03:51:06.973
BTC,BUY,0.0100,9396501.000,2024-07-14 03:51:30.705
BTC,BUY,0.0001,9396501.000,2024-07-14 03:51:31.168
BTC,BUY,0.0050,9396501.000,2024-07-14 03:52:07.100
BTC,BUY,0.0002,9396501.000,2024-07-14 03:52:56.820
BTC,BUY,0.0001,9396501.000,2024-07-14 03:53:23.198
BTC,SELL,0.0002,9396500.000,2024-07-14 03:53:24.813
BTC,SELL,0.0005,9396500.000,2024-07-14 03:53:24.813
BTC,SELL,0.0024,9396146.000,2024-07-14 03:53:24.813
BTC,SELL,0.0069,9390001.000,2024-07-14 03:53:24.813
BTC,BUY,0.0069,9391069.000,2024-07-14 03:54:23.578
BTC,BUY,0.0088,9391600.000,2024-07-14 03:54:23.578
BTC,BUY,0.0001,9394250.000,2024-07-14 03:54:44.423
BTC,BUY,0.0020,9397430.000,2024-07-14 03:55:27.824
BTC,BUY,0.0001,9397960.000,2024-07-14 03:56:32.819
BTC,SELL,0.0001,9398000.000,2024-07-14 03:57:10.528
BTC,BUY,0.0050,9400000.000,2024-07-14 03:59:11.581
BTC,BUY,0.0005,9399999.000,2024-07-14 04:00:17.945
BTC,BUY,0.0001,9399486.000,2024-07-14 04:00:26.322
BTC,BUY,0.0001,9398691.000,2024-07-14 04:00:53.544
BTC,BUY,0.0002,9399787.000,2024-07-14 04:03:44.391
BTC,BUY,0.0100,9400000.000,2024-07-14 04:03:47.852
BTC,BUY,0.0200,9400000.000,2024-07-14 04:03:49.950
BTC,BUY,0.0100,9400000.000,2024-07-14 04:03:50.441
BTC,BUY,0.0050,9400000.000,2024-07-14 04:03:52.446
BTC,BUY,0.0050,9400000.000,2024-07-14 04:03:52.446
BTC,BUY,0.0050,9400000.000,2024-07-14 04:04:07.715
BTC,BUY,0.0050,9403041.000,2024-07-14 04:04:07.715
BTC,SELL,0.0100,9403040.000,2024-07-14 04:04:56.616
BTC,BUY,0.0001,9400047.000,2024-07-14 04:05:11.387
BTC,BUY,0.0009,9403344.000,2024-07-14 04:05:12.217
BTC,BUY,0.0100,9400255.000,2024-07-14 04:05:19.019
BTC,BUY,0.0002,9402521.000,2024-07-14 04:05:20.774
BTC,SELL,0.0010,9404779.000,2024-07-14 04:05:44.531
BTC,SELL,0.0001,9404245.000,2024-07-14 04:05:53.917
BTC,BUY,0.0005,9404783.000,2024-07-14 04:06:37.318
BTC,SELL,0.0009,9404245.000,2024-07-14 04:07:27.112
BTC,SELL,0.0200,9404244.000,2024-07-14 04:07:27.112
BTC,SELL,0.0071,9402008.000,2024-07-14 04:07:27.112
BTC,BUY,0.0001,9407776.000,2024-07-14 04:08:12.483
BTC,BUY,0.0001,9408277.000,2024-07-14 04:08:12.483
BTC,BUY,0.0001,9409027.000,2024-07-14 04:08:12.483
BTC,BUY,0.0037,9409767.000,2024-07-14 04:08:12.483
BTC,BUY,0.0002,9409969.000,2024-07-14 04:08:54.731
BTC,BUY,0.0001,9410680.000,2024-07-14 04:08:54.731
BTC,BUY,0.1000,9410777.000,2024-07-14 04:08:54.731
BTC,BUY,0.0001,9411280.000,2024-07-14 04:08:54.731
BTC,BUY,0.0071,9411831.000,2024-07-14 04:08:54.731
BTC,BUY,0.0206,9413011.000,2024-07-14 04:08:54.731
BTC,BUY,0.1719,9414920.000,2024-07-14 04:08:54.731
BTC,BUY,0.0120,9418560.000,2024-07-14 04:10:42.679
BTC,BUY,0.0011,9420000.000,2024-07-14 04:10:46.818
