symbol,side,size,price,timestamp
ETH,BUY,0.5561,560252.000,2024-07-01 21:17:11.059
ETH,BUY,0.2839,560252.000,2024-07-01 21:17:11.059
ETH,SELL,0.0700,560000.000,2024-07-01 21:25:01.337
ETH,SELL,0.2772,560000.000,2024-07-01 21:25:01.858
ETH,SELL,0.1000,560000.000,2024-07-01 21:25:03.250
ETH,SELL,1.5528,560000.000,2024-07-01 21:25:04.041
ETH,SELL,0.0998,559589.000,2024-07-01 21:25:04.041
ETH,SELL,0.0202,559589.000,2024-07-01 21:25:04.519
ETH,SELL,0.0100,559460.000,2024-07-01 21:25:04.519
ETH,SELL,0.0698,559382.000,2024-07-01 21:25:04.519
ETH,SELL,0.0700,559382.000,2024-07-01 21:26:27.531
ETH,SELL,0.1000,559382.000,2024-07-01 21:26:28.657
ETH,SELL,0.3205,559382.000,2024-07-01 21:26:35.257
ETH,SELL,0.1795,559381.000,2024-07-01 21:26:35.257
ETH,BUY,0.0200,559382.000,2024-07-01 21:26:51.747
ETH,SELL,0.0005,559381.000,2024-07-01 21:26:56.011
ETH,SELL,0.0100,559350.000,2024-07-01 21:26:56.581
ETH,BUY,0.5601,559266.000,2024-07-01 21:36:14.946
ETH,BUY,1.0000,559266.000,2024-07-01 21:36:14.946
ETH,BUY,0.2000,559350.000,2024-07-01 21:36:14.946
ETH,BUY,1.5100,559364.000,2024-07-01 21:36:14.946
ETH,BUY,0.0100,559373.000,2024-07-01 21:36:14.946
ETH,BUY,4.0000,559439.000,2024-07-01 21:36:14.946
ETH,BUY,0.0200,559554.000,2024-07-01 21:36:18.189
ETH,SELL,0.1000,559497.000,2024-07-01 21:36:27.550
ETH,SELL,0.5000,559497.000,2024-07-01 21:37:20.730
ETH,SELL,0.5000,559497.000,2024-07-01 21:37:45.523
ETH,BUY,1.0000,559498.000,2024-07-01 21:37:59.145
ETH,BUY,4.0000,559526.000,2024-07-01 21:37:59.145
ETH,BUY,4.0000,559555.000,2024-07-01 21:37:59.145
ETH,BUY,4.0000,559613.000,2024-07-01 21:37:59.145
ETH,BUY,4.0000,559642.000,2024-07-01 21:37:59.145
ETH,SELL,0.1000,559642.000,2024-07-01 21:38:00.436
ETH,SELL,0.0820,559642.000,2024-07-01 21:38:02.228
ETH,BUY,1.0000,559282.000,2024-07-01 21:40:34.928
ETH,BUY,0.0100,559302.000,2024-07-01 21:40:34.928
ETH,BUY,4.0000,559642.000,2024-07-01 21:40:34.928
ETH,BUY,0.2000,559725.000,2024-07-01 21:40:34.928
ETH,BUY,4.0000,559729.000,2024-07-01 21:40:34.928
ETH,SELL,0.2000,559750.000,2024-07-01 21:40:36.102
ETH,SELL,0.5000,559750.000,2024-07-01 21:40:36.440
ETH,SELL,0.0603,559750.000,2024-07-01 21:40:37.635
ETH,SELL,1.9998,559750.000,2024-07-01 21:40:39.775
ETH,SELL,0.6437,559750.000,2024-07-01 21:40:41.718
ETH,SELL,1.9998,559750.000,2024-07-01 21:40:44.764
ETH,SELL,0.8369,559750.000,2024-07-01 21:40:48.813
ETH,SELL,0.5853,559750.000,2024-07-01 21:40:50.841
ETH,SELL,0.1000,559750.000,2024-07-01 21:40:51.143
ETH,SELL,0.0125,559750.000,2024-07-01 21:40:58.317
ETH,SELL,0.1000,559750.000,2024-07-01 21:40:58.811
ETH,SELL,0.1000,559750.000,2024-07-01 21:40:58.966
ETH,SELL,0.5000,559750.000,2024-07-01 21:41:01.816
ETH,SELL,0.2000,559750.000,2024-07-01 21:41:22.396
ETH,SELL,0.5000,559750.000,2024-07-01 21:41:26.383
ETH,SELL,1.9998,559750.000,2024-07-01 21:41:30.303
ETH,SELL,0.1000,559750.000,2024-07-01 21:41:44.762
ETH,BUY,0.4652,559751.000,2024-07-01 21:41:59.618
ETH,BUY,3.5348,559816.000,2024-07-01 21:41:59.618
ETH,BUY,0.0100,559336.000,2024-07-01 21:43:06.399
ETH,BUY,0.0200,559439.000,2024-07-01 21:43:08.747
ETH,BUY,1.3570,559468.000,2024-07-01 21:43:10.789
ETH,BUY,0.5607,559467.000,2024-07-01 21:44:12.559
ETH,BUY,4.0000,559497.000,2024-07-01 21:44:12.559
ETH,BUY,2.8900,559613.000,2024-07-01 21:44:12.559
ETH,BUY,4.0000,559700.000,2024-07-01 21:44:12.559
ETH,BUY,0.1436,559707.000,2024-07-01 21:44:37.287
ETH,BUY,0.2564,559729.000,2024-07-01 21:44:37.287
ETH,BUY,0.0100,559529.000,2024-07-01 21:45:36.982
ETH,BUY,0.0400,559758.000,2024-07-01 21:45:36.982
ETH,SELL,0.1000,559120.000,2024-07-01 21:47:03.150
ETH,BUY,4.0000,559207.000,2024-07-01 21:48:14.497
ETH,BUY,4.0000,559439.000,2024-07-01 21:48:14.497
ETH,BUY,0.0100,559473.000,2024-07-01 21:48:14.497
ETH,BUY,8.0000,559526.000,2024-07-01 21:48:14.497
ETH,BUY,4.0000,559642.000,2024-07-01 21:48:14.497
ETH,BUY,0.0200,559671.000,2024-07-01 21:48:18.685
ETH,BUY,0.0100,559323.000,2024-07-01 21:48:33.407
ETH,BUY,0.0100,559393.000,2024-07-01 21:48:43.422
ETH,BUY,4.0000,559410.000,2024-07-01 21:48:43.422
ETH,BUY,4.0000,559497.000,2024-07-01 21:48:43.422
ETH,BUY,4.0000,559526.000,2024-07-01 21:48:43.422
ETH,BUY,4.0000,559613.000,2024-07-01 21:48:43.422
ETH,BUY,0.0200,559700.000,2024-07-01 21:48:46.710
ETH,BUY,0.0300,559729.000,2024-07-01 21:49:40.765
ETH,SELL,0.0300,559120.000,2024-07-01 21:50:00.949
ETH,SELL,0.0300,559000.000,2024-07-01 21:50:00.997
ETH,SELL,0.0050,559000.000,2024-07-01 21:50:01.112
ETH,SELL,0.0050,558675.000,2024-07-01 21:50:01.112
ETH,SELL,0.2000,558675.000,2024-07-01 21:50:01.295
ETH,SELL,0.0100,558675.000,2024-07-01 21:50:01.313
ETH,BUY,0.0100,558587.000,2024-07-01 21:50:29.575
ETH,BUY,0.2150,558639.000,2024-07-01 21:50:29.575
ETH,BUY,4.0000,558714.000,2024-07-01 21:50:29.575
ETH,BUY,4.0000,558801.000,2024-07-01 21:50:29.575
ETH,BUY,4.0000,558830.000,2024-07-01 21:50:29.575
ETH,BUY,0.0400,558917.000,2024-07-01 21:50:30.582
ETH,BUY,0.0448,559120.000,2024-07-01 21:52:28.310
ETH,BUY,4.0000,559178.000,2024-07-01 21:53:23.672
ETH,BUY,0.1000,559265.000,2024-07-01 21:54:24.919
ETH,BUY,0.0100,559265.000,2024-07-01 21:56:12.167
ETH,BUY,0.4900,559323.000,2024-07-01 21:56:12.167
ETH,BUY,0.0200,559410.000,2024-07-01 21:56:14.676
ETH,BUY,0.0100,559403.000,2024-07-01 21:56:25.009
ETH,BUY,0.0083,559468.000,2024-07-01 21:56:25.009
ETH,BUY,0.2320,559555.000,2024-07-01 21:58:26.177
ETH,BUY,0.0100,559497.000,2024-07-01 21:58:27.209
ETH,BUY,0.0170,559246.000,2024-07-01 22:00:30.393
ETH,BUY,0.0270,559323.000,2024-07-01 22:00:33.697
ETH,BUY,0.3000,559352.000,2024-07-01 22:04:45.864
ETH,BUY,0.0100,559381.000,2024-07-01 22:17:58.518
ETH,BUY,0.0110,559293.000,2024-07-01 22:18:44.017
ETH,BUY,0.0890,559410.000,2024-07-01 22:18:44.017
ETH,BUY,0.0110,559439.000,2024-07-01 22:18:46.680
ETH,SELL,0.0180,558752.000,2024-07-01 22:21:34.933
ETH,SELL,0.0820,558525.000,2024-07-01 22:21:34.933
ETH,SELL,0.1000,558525.000,2024-07-01 22:21:35.150
ETH,SELL,0.1000,558525.000,2024-07-01 22:21:35.885
ETH,SELL,0.2000,558525.000,2024-07-01 22:21:36.053
ETH,SELL,0.0791,558525.000,2024-07-01 22:21:36.376
ETH,SELL,0.0179,558454.000,2024-07-01 22:21:37.737
ETH,SELL,0.1000,558454.000,2024-07-01 22:21:37.737
ETH,SELL,0.0100,558320.000,2024-07-01 22:21:37.737
ETH,SELL,0.0930,558125.000,2024-07-01 22:21:37.737
ETH,SELL,0.3287,558027.000,2024-07-01 22:23:06.704
ETH,SELL,0.0700,558000.000,2024-07-01 22:23:07.855
ETH,SELL,0.1080,558000.000,2024-07-01 22:23:08.100
ETH,SELL,0.0200,557700.000,2024-07-01 22:23:08.100
ETH,SELL,1.0000,557151.000,2024-07-01 22:23:08.100
ETH,SELL,0.0720,557150.000,2024-07-01 22:23:08.100
ETH,SELL,0.1000,557150.000,2024-07-01 22:23:08.513
ETH,SELL,0.0100,557000.000,2024-07-01 22:23:39.319
ETH,SELL,0.0100,557000.000,2024-07-01 22:23:39.319
ETH,SELL,0.0100,556942.000,2024-07-01 22:23:40.339
ETH,BUY,0.0200,556980.000,2024-07-01 22:23:41.277
ETH,SELL,0.0700,556800.000,2024-07-01 22:24:04.654
ETH,SELL,0.1000,556800.000,2024-07-01 22:24:04.741
ETH,SELL,0.8300,556800.000,2024-07-01 22:24:05.183
ETH,SELL,0.1000,556700.000,2024-07-01 22:24:05.532
ETH,SELL,0.1000,556700.000,2024-07-01 22:24:05.796
ETH,SELL,0.2987,556700.000,2024-07-01 22:24:06.207
ETH,SELL,0.1000,556700.000,2024-07-01 22:24:06.272
ETH,SELL,1.5013,556700.000,2024-07-01 22:24:06.357
ETH,SELL,0.0100,556500.000,2024-07-01 22:24:06.357
ETH,SELL,0.0100,556000.000,2024-07-01 22:24:06.695
ETH,SELL,0.0100,556000.000,2024-07-01 22:24:06.695
ETH,SELL,0.0100,556000.000,2024-07-01 22:24:06.695
ETH,SELL,0.8000,555647.000,2024-07-01 22:24:06.695
ETH,SELL,0.2000,555647.000,2024-07-01 22:24:07.305
ETH,SELL,0.0500,555646.000,2024-07-01 22:24:07.305
ETH,SELL,0.3188,555567.000,2024-07-01 22:24:07.305
ETH,SELL,0.2456,555567.000,2024-07-01 22:24:08.024
ETH,SELL,0.2691,555567.000,2024-07-01 22:24:08.519
ETH,SELL,0.1000,555555.000,2024-07-01 22:24:08.519
ETH,SELL,0.0370,555400.000,2024-07-01 22:24:08.519
ETH,SELL,0.0478,555111.000,2024-07-01 22:24:08.519
ETH,SELL,0.0500,555111.000,2024-07-01 22:24:08.777
ETH,SELL,0.4158,555111.000,2024-07-01 22:24:09.533
ETH,SELL,0.0500,555111.000,2024-07-01 22:24:09.729
ETH,SELL,0.0500,555111.000,2024-07-01 22:24:09.921
ETH,SELL,0.1000,555111.000,2024-07-01 22:24:10.336
ETH,SELL,0.0100,555111.000,2024-07-01 22:24:11.103
ETH,SELL,0.0300,555111.000,2024-07-01 22:24:11.207
ETH,SELL,0.0464,555111.000,2024-07-01 22:24:11.360
ETH,SELL,0.0121,555000.000,2024-07-01 22:24:11.360
ETH,SELL,0.0100,555000.000,2024-07-01 22:24:11.360
ETH,SELL,0.2515,555000.000,2024-07-01 22:24:11.360
ETH,SELL,0.0100,555000.000,2024-07-01 22:24:12.699
ETH,SELL,0.7385,555000.000,2024-07-01 22:24:12.829
ETH,SELL,0.1000,555000.000,2024-07-01 22:24:12.829
ETH,SELL,0.0180,555000.000,2024-07-01 22:24:12.829
ETH,SELL,0.0100,555000.000,2024-07-01 22:24:12.829
ETH,SELL,0.0100,555000.000,2024-07-01 22:24:12.829
ETH,SELL,0.0100,555000.000,2024-07-01 22:24:12.829
ETH,SELL,0.3000,555000.000,2024-07-01 22:24:12.829
ETH,SELL,0.1000,554638.000,2024-07-01 22:24:13.489
ETH,SELL,0.0300,554638.000,2024-07-01 22:24:14.159
ETH,SELL,0.0177,554600.000,2024-07-01 22:24:14.404
ETH,SELL,0.0100,554600.000,2024-07-01 22:25:52.120
ETH,SELL,0.0093,554600.000,2024-07-01 22:25:52.298
ETH,SELL,0.0207,554600.000,2024-07-01 22:25:52.298
ETH,SELL,0.0100,554600.000,2024-07-01 22:25:52.541
ETH,BUY,0.0100,554601.000,2024-07-01 22:26:25.202
ETH,SELL,0.0100,554600.000,2024-07-01 22:26:45.590
ETH,SELL,0.0300,554600.000,2024-07-01 22:26:46.117
ETH,SELL,0.0100,554600.000,2024-07-01 22:26:46.273
ETH,SELL,0.0100,554600.000,2024-07-01 22:26:46.304
ETH,BUY,1.6200,554625.000,2024-07-01 22:27:09.985
ETH,BUY,1.6200,554654.000,2024-07-01 22:27:11.599
ETH,BUY,1.0000,554712.000,2024-07-01 22:27:13.435
ETH,BUY,0.6200,554741.000,2024-07-01 22:27:13.986
ETH,BUY,0.0300,554770.000,2024-07-01 22:27:14.642
ETH,BUY,0.0700,554885.000,2024-07-01 22:27:20.918
ETH,BUY,0.0200,554944.000,2024-07-01 22:27:27.630
ETH,BUY,0.0100,554998.000,2024-07-01 22:27:42.878
ETH,BUY,0.5000,554984.000,2024-07-01 22:28:01.644
ETH,BUY,0.0270,554601.000,2024-07-01 22:28:38.427
ETH,BUY,0.0200,554654.000,2024-07-01 22:29:45.042
ETH,BUY,0.1000,554683.000,2024-07-01 22:29:46.263
ETH,BUY,0.4000,554712.000,2024-07-01 22:30:03.059
ETH,BUY,0.0100,554641.000,2024-07-01 22:30:41.106
ETH,BUY,1.5000,554654.000,2024-07-01 22:34:40.441
ETH,BUY,0.1100,554712.000,2024-07-01 22:36:04.823
ETH,BUY,0.0700,555060.000,2024-07-01 22:39:39.888
ETH,BUY,0.0100,555116.000,2024-07-01 22:40:25.810
ETH,BUY,0.0341,555115.000,2024-07-01 22:40:30.144
ETH,BUY,0.0864,555117.000,2024-07-01 22:40:30.144
ETH,BUY,0.0884,555205.000,2024-07-01 22:40:30.144
ETH,BUY,0.0100,555200.000,2024-07-01 22:43:12.088
ETH,BUY,0.0100,555292.000,2024-07-01 22:43:12.088
ETH,BUY,0.1000,555408.000,2024-07-01 22:43:44.559
ETH,BUY,0.2000,555349.000,2024-07-01 22:45:52.398
ETH,BUY,0.0100,555437.000,2024-07-01 22:46:16.562
ETH,BUY,0.0180,555449.000,2024-07-01 22:46:28.317
ETH,BUY,0.0100,555466.000,2024-07-01 22:46:32.211
ETH,SELL,0.0200,555784.000,2024-07-01 22:48:40.592
ETH,BUY,1.0000,555755.000,2024-07-01 22:49:45.772
ETH,BUY,0.0286,555872.000,2024-07-01 22:53:27.221
ETH,BUY,0.0600,555903.000,2024-07-01 22:54:07.723
ETH,BUY,0.0100,555878.000,2024-07-01 22:55:03.352
ETH,BUY,0.2488,556046.000,2024-07-01 22:58:13.418
ETH,BUY,0.0700,556046.000,2024-07-01 22:58:13.450
ETH,BUY,0.0100,556104.000,2024-07-01 22:58:26.311
ETH,BUY,0.3200,556104.000,2024-07-01 22:58:26.312
ETH,BUY,0.0100,556104.000,2024-07-01 22:58:26.423
ETH,BUY,0.0700,556104.000,2024-07-01 22:58:26.424
ETH,BUY,0.4000,556162.000,2024-07-01 22:58:27.099
ETH,BUY,0.0300,556162.000,2024-07-01 22:58:27.129
ETH,BUY,0.2000,556162.000,2024-07-01 22:58:27.554
ETH,BUY,0.2000,556191.000,2024-07-01 22:58:32.345
ETH,BUY,0.4000,556278.000,2024-07-01 22:58:34.053
ETH,BUY,0.1000,556336.000,2024-07-01 22:59:22.663
ETH,BUY,0.0107,556315.000,2024-07-01 23:01:02.233
ETH,BUY,0.0107,556423.000,2024-07-01 23:01:05.686
ETH,BUY,0.0100,556481.000,2024-07-01 23:02:36.866
ETH,BUY,0.0200,556472.000,2024-07-01 23:05:01.114
ETH,SELL,0.0250,555615.000,2024-07-01 23:12:56.569
ETH,BUY,0.0544,555698.000,2024-07-01 23:13:07.341
ETH,BUY,0.0180,556046.000,2024-07-01 23:15:20.522
ETH,BUY,0.0125,555992.000,2024-07-01 23:18:10.895
ETH,BUY,0.1000,555932.000,2024-07-01 23:19:48.543
ETH,SELL,0.3104,555395.000,2024-07-01 23:20:47.997
ETH,BUY,0.0171,555356.000,2024-07-01 23:21:09.510
ETH,BUY,0.1127,555466.000,2024-07-01 23:21:09.510
ETH,BUY,0.0620,555495.000,2024-07-01 23:21:10.525
ETH,BUY,0.0171,555611.000,2024-07-01 23:21:12.690
ETH,SELL,0.0200,555475.000,2024-07-01 23:21:37.930
ETH,BUY,0.0161,555553.000,2024-07-01 23:22:21.741
ETH,BUY,0.0193,555503.000,2024-07-01 23:22:24.625
ETH,BUY,0.0148,555611.000,2024-07-01 23:22:24.625
ETH,BUY,0.0193,555673.000,2024-07-01 23:22:27.177
ETH,BUY,0.1272,555726.000,2024-07-01 23:28:05.850
ETH,BUY,0.0100,555284.000,2024-07-01 23:31:05.238
ETH,BUY,0.0910,555640.000,2024-07-01 23:31:55.593
ETH,SELL,0.1700,555454.000,2024-07-01 23:34:44.266
ETH,BUY,0.0700,555698.000,2024-07-01 23:36:54.184
ETH,BUY,0.1700,555843.000,2024-07-01 23:42:13.072
ETH,BUY,0.0130,555930.000,2024-07-01 23:42:56.573
ETH,BUY,0.0100,556029.000,2024-07-01 23:43:04.981
ETH,BUY,0.8400,556046.000,2024-07-01 23:43:04.981
ETH,BUY,0.0200,556101.000,2024-07-01 23:43:07.182
ETH,BUY,0.0110,556105.000,2024-07-01 23:43:09.539
ETH,SELL,0.4700,555798.000,2024-07-01 23:43:36.380
ETH,BUY,0.0179,555959.000,2024-07-01 23:47:10.510
ETH,BUY,0.0100,555835.000,2024-07-01 23:49:02.530
ETH,BUY,0.0700,555988.000,2024-07-01 23:52:54.522
ETH,BUY,0.3300,555988.000,2024-07-01 23:52:54.555
ETH,BUY,0.9000,556017.000,2024-07-01 23:53:03.185
ETH,BUY,1.8000,556001.000,2024-07-01 23:53:13.897
ETH,BUY,0.2722,556046.000,2024-07-01 23:53:29.092
ETH,BUY,0.0500,556046.000,2024-07-01 23:53:29.177
ETH,BUY,0.0500,556046.000,2024-07-01 23:53:29.272
ETH,BUY,0.2000,556046.000,2024-07-01 23:53:29.277
ETH,BUY,0.0700,556571.000,2024-07-01 23:56:31.307
ETH,BUY,0.3053,556597.000,2024-07-01 23:58:05.133
ETH,BUY,0.1600,556679.000,2024-07-01 23:58:15.473
ETH,BUY,0.0700,556513.000,2024-07-02 00:00:53.000
ETH,BUY,0.1000,556691.000,2024-07-02 00:01:12.822
ETH,BUY,0.9597,556681.000,2024-07-02 00:05:22.210
ETH,BUY,0.0403,556682.000,2024-07-02 00:05:22.210
ETH,BUY,0.6400,556449.000,2024-07-02 00:07:00.349
ETH,BUY,0.3600,556497.000,2024-07-02 00:07:00.349
ETH,SELL,0.0500,556497.000,2024-07-02 00:16:26.891
ETH,SELL,0.4493,556000.000,2024-07-02 00:19:05.196
ETH,BUY,0.0500,556000.000,2024-07-02 00:20:30.214
ETH,SELL,0.1000,556000.000,2024-07-02 00:20:55.618
ETH,BUY,0.0200,556365.000,2024-07-02 00:21:35.308
ETH,BUY,0.1000,556426.000,2024-07-02 00:24:30.907
ETH,BUY,0.1000,556771.000,2024-07-02 00:26:52.131
ETH,BUY,0.0400,556771.000,2024-07-02 00:26:52.676
ETH,SELL,0.0400,556731.000,2024-07-02 00:29:19.187
ETH,BUY,0.0500,556800.000,2024-07-02 00:29:26.298
ETH,SELL,0.0400,556618.000,2024-07-02 00:30:27.456
ETH,BUY,0.0300,556713.000,2024-07-02 00:31:05.250
ETH,BUY,0.0100,556800.000,2024-07-02 00:31:05.594
ETH,BUY,0.4000,556800.000,2024-07-02 00:31:05.595
ETH,BUY,0.0100,556800.000,2024-07-02 00:31:05.618
ETH,BUY,0.3200,556800.000,2024-07-02 00:31:06.100
ETH,BUY,0.2000,556887.000,2024-07-02 00:31:06.874
ETH,BUY,0.0900,556670.000,2024-07-02 00:34:49.367
ETH,BUY,0.0400,556683.000,2024-07-02 00:37:03.291
ETH,BUY,0.1000,556686.000,2024-07-02 00:37:03.291
ETH,BUY,0.6600,556687.000,2024-07-02 00:37:03.291
ETH,SELL,0.0100,556500.000,2024-07-02 00:37:41.251
ETH,SELL,0.0028,556365.000,2024-07-02 00:37:41.251
ETH,BUY,0.0100,556394.000,2024-07-02 00:37:52.995
ETH,SELL,0.0550,556400.000,2024-07-02 00:39:58.653
ETH,SELL,0.1124,556400.000,2024-07-02 00:39:58.653
ETH,SELL,0.2000,556430.000,2024-07-02 00:42:23.364
ETH,SELL,0.0149,556427.000,2024-07-02 00:42:23.364
ETH,BUY,0.0500,556481.000,2024-07-02 00:42:43.574
ETH,BUY,0.0192,556402.000,2024-07-02 00:44:02.760
ETH,BUY,0.1527,556454.000,2024-07-02 00:44:02.760
ETH,BUY,0.0400,556454.000,2024-07-02 00:44:02.760
ETH,BUY,0.0100,556539.000,2024-07-02 00:45:39.124
ETH,BUY,0.0200,556626.000,2024-07-02 00:47:57.858
ETH,BUY,0.2000,557119.000,2024-07-02 00:50:44.966
ETH,BUY,0.1100,557112.000,2024-07-02 00:51:31.412
ETH,BUY,0.2000,557175.000,2024-07-02 00:51:31.412
ETH,BUY,0.6900,557177.000,2024-07-02 00:51:31.412
ETH,BUY,0.0200,557175.000,2024-07-02 00:59:43.497
ETH,BUY,0.0100,557263.000,2024-07-02 01:01:05.639
ETH,BUY,0.2000,557107.000,2024-07-02 01:03:18.882
ETH,BUY,0.0750,557108.000,2024-07-02 01:06:13.399
ETH,SELL,0.0300,557107.000,2024-07-02 01:06:33.765
ETH,BUY,0.0106,556972.000,2024-07-02 01:07:12.581
ETH,BUY,0.0100,557061.000,2024-07-02 01:10:14.321
ETH,BUY,0.0100,557090.000,2024-07-02 01:12:04.010
ETH,BUY,0.0400,557134.000,2024-07-02 01:13:45.722
ETH,BUY,2.0000,557235.000,2024-07-02 01:14:59.383
ETH,BUY,0.0100,557322.000,2024-07-02 01:15:27.321
ETH,SELL,0.0181,557322.000,2024-07-02 01:20:42.254
ETH,SELL,0.0550,557350.000,2024-07-02 01:23:42.259
ETH,BUY,0.5750,557380.000,2024-07-02 01:25:01.980
ETH,BUY,2.0000,557438.000,2024-07-02 01:26:36.430
ETH,BUY,2.0000,557467.000,2024-07-02 01:27:01.344
ETH,BUY,2.0000,557554.000,2024-07-02 01:27:06.749
ETH,BUY,2.0000,557554.000,2024-07-02 01:27:13.925
ETH,BUY,2.0000,557554.000,2024-07-02 01:27:20.364
ETH,BUY,2.0000,557612.000,2024-07-02 01:27:27.252
ETH,BUY,0.6000,557641.000,2024-07-02 01:27:33.370
ETH,BUY,1.4000,557670.000,2024-07-02 01:27:33.370
ETH,BUY,2.0000,557699.000,2024-07-02 01:27:42.441
ETH,BUY,0.8700,557728.000,2024-07-02 01:27:50.575
ETH,BUY,0.1000,557733.000,2024-07-02 01:27:50.575
ETH,BUY,0.8700,557757.000,2024-07-02 01:27:50.575
ETH,BUY,0.1600,557800.000,2024-07-02 01:27:50.575
ETH,BUY,0.0200,557368.000,2024-07-02 01:28:24.281
ETH,BUY,0.0800,557368.000,2024-07-02 01:28:35.304
ETH,BUY,1.9200,557438.000,2024-07-02 01:28:35.304
ETH,SELL,1.0000,557352.000,2024-07-02 01:28:35.820
ETH,SELL,1.0000,557350.000,2024-07-02 01:28:35.820
ETH,BUY,2.0000,557438.000,2024-07-02 01:28:45.248
ETH,BUY,0.0800,557612.000,2024-07-02 01:32:53.792
ETH,BUY,0.0300,557699.000,2024-07-02 01:33:39.314
ETH,BUY,0.5000,557728.000,2024-07-02 01:33:59.441
ETH,BUY,0.0179,557756.000,2024-07-02 01:36:51.713
ETH,BUY,0.1621,557757.000,2024-07-02 01:36:51.713
ETH,SELL,0.0100,557872.000,2024-07-02 01:47:37.190
ETH,BUY,4.0000,557902.000,2024-07-02 01:48:23.760
ETH,BUY,0.2703,557902.000,2024-07-02 01:57:00.643
ETH,SELL,0.0897,557902.000,2024-07-02 02:02:02.651
ETH,BUY,0.9103,557902.000,2024-07-02 02:02:23.973
ETH,BUY,0.8697,557989.000,2024-07-02 02:02:23.973
ETH,BUY,0.0400,558018.000,2024-07-02 02:05:28.866
ETH,BUY,0.0100,558040.000,2024-07-02 02:09:55.781
ETH,BUY,1.0521,558076.000,2024-07-02 02:09:55.848
ETH,SELL,0.2000,558115.000,2024-07-02 02:12:33.745
ETH,SELL,0.9058,558111.000,2024-07-02 02:12:33.745
ETH,SELL,0.1000,558104.000,2024-07-02 02:12:33.745
ETH,SELL,1.0000,558025.000,2024-07-02 02:12:33.745
ETH,SELL,0.9442,558018.000,2024-07-02 02:12:33.745
ETH,BUY,0.1000,558079.000,2024-07-02 02:12:39.445
ETH,BUY,0.2200,558192.000,2024-07-02 02:12:39.445
ETH,BUY,0.0251,558192.000,2024-07-02 02:12:39.842
ETH,BUY,0.0300,558192.000,2024-07-02 02:12:40.132
ETH,BUY,0.0100,558192.000,2024-07-02 02:12:40.209
ETH,BUY,0.0100,558221.000,2024-07-02 02:12:40.472
ETH,BUY,0.4000,558221.000,2024-07-02 02:12:40.575
ETH,BUY,0.1500,558366.000,2024-07-02 02:13:56.726
ETH,BUY,0.0200,558395.000,2024-07-02 02:14:12.724
ETH,BUY,0.0100,558453.000,2024-07-02 02:14:31.470
ETH,BUY,0.9442,558370.000,2024-07-02 02:16:45.014
ETH,BUY,0.9058,558415.000,2024-07-02 02:16:45.014
ETH,BUY,4.0000,558482.000,2024-07-02 02:16:45.014
ETH,BUY,0.0100,558483.000,2024-07-02 02:17:06.421
ETH,BUY,0.1400,558483.000,2024-07-02 02:17:06.421
ETH,BUY,0.0500,558511.000,2024-07-02 02:18:48.189
ETH,BUY,0.0400,558598.000,2024-07-02 02:19:11.147
ETH,BUY,1.1590,558685.000,2024-07-02 02:19:40.251
ETH,BUY,0.1000,558682.000,2024-07-02 02:19:44.047
ETH,BUY,0.0100,558479.000,2024-07-02 02:27:14.918
ETH,SELL,0.0100,558173.000,2024-07-02 02:32:30.459
ETH,SELL,0.2782,558172.000,2024-07-02 02:33:32.477
ETH,BUY,0.0105,558245.000,2024-07-02 02:35:19.082
ETH,SELL,0.0682,558171.000,2024-07-02 02:37:31.320
ETH,SELL,0.5000,558171.000,2024-07-02 02:38:34.489
ETH,SELL,0.5000,558171.000,2024-07-02 02:38:52.737
ETH,BUY,0.1600,558172.000,2024-07-02 02:39:21.043
ETH,SELL,0.0768,558171.000,2024-07-02 02:39:24.073
ETH,SELL,0.0897,558171.000,2024-07-02 02:39:24.073
ETH,SELL,0.0335,558153.000,2024-07-02 02:39:24.073
ETH,SELL,0.0665,558153.000,2024-07-02 02:39:24.304
ETH,SELL,0.0035,558000.000,2024-07-02 02:39:24.304
ETH,SELL,0.0133,558000.000,2024-07-02 02:39:25.255
ETH,SELL,0.1000,558000.000,2024-07-02 02:39:25.622
ETH,SELL,0.0417,558000.000,2024-07-02 02:39:30.684
ETH,BUY,1.0000,558001.000,2024-07-02 02:40:11.882
ETH,BUY,0.0200,558001.000,2024-07-02 02:40:11.882
ETH,BUY,0.1895,558005.000,2024-07-02 02:40:11.882
ETH,BUY,0.0100,558023.000,2024-07-02 02:40:11.882
ETH,BUY,4.0000,558047.000,2024-07-02 02:40:11.882
ETH,BUY,0.7805,558123.000,2024-07-02 02:40:23.090
ETH,BUY,0.0100,558015.000,2024-07-02 02:42:58.988
ETH,BUY,0.1000,558098.000,2024-07-02 02:46:06.853
ETH,BUY,0.0200,558130.000,2024-07-02 02:50:34.431
ETH,BUY,0.0100,558151.000,2024-07-02 02:59:35.896
ETH,BUY,0.7000,558151.000,2024-07-02 03:00:00.672
ETH,BUY,0.1500,558221.000,2024-07-02 03:00:00.672
ETH,BUY,0.0179,558308.000,2024-07-02 03:00:08.322
ETH,BUY,5.0000,558337.000,2024-07-02 03:02:56.560
ETH,BUY,1.0000,558366.000,2024-07-02 03:03:18.082
ETH,BUY,0.0700,558395.000,2024-07-02 03:03:22.307
ETH,BUY,4.0000,558482.000,2024-07-02 03:03:48.161
ETH,BUY,0.0200,558511.000,2024-07-02 03:03:48.161
ETH,BUY,0.2782,558538.000,2024-07-02 03:03:48.161
ETH,BUY,1.2700,558656.000,2024-07-02 03:04:02.446
ETH,BUY,0.0812,558685.000,2024-07-02 03:04:02.446
ETH,BUY,0.0190,558714.000,2024-07-02 03:04:06.287
ETH,BUY,0.3217,558770.000,2024-07-02 03:07:45.148
ETH,BUY,0.0890,558747.000,2024-07-02 03:08:19.771
ETH,BUY,0.1765,558744.000,2024-07-02 03:08:24.959
ETH,SELL,0.1000,558916.000,2024-07-02 03:11:11.444
ETH,SELL,0.6000,558944.000,2024-07-02 03:12:34.094
ETH,SELL,0.0890,558910.000,2024-07-02 03:12:39.771
ETH,BUY,0.0820,559004.000,2024-07-02 03:14:16.643
ETH,BUY,0.3920,559057.000,2024-07-02 03:19:16.445
ETH,BUY,0.3098,559091.000,2024-07-02 03:19:16.445
ETH,SELL,0.0782,558745.000,2024-07-02 03:22:23.043
ETH,BUY,0.0305,558830.000,2024-07-02 03:24:37.709
ETH,BUY,0.0100,558946.000,2024-07-02 03:25:19.788
ETH,SELL,1.0000,558869.000,2024-07-02 03:25:28.197
ETH,SELL,0.6000,558867.000,2024-07-02 03:25:28.197
ETH,BUY,0.0100,559004.000,2024-07-02 03:26:44.608
ETH,BUY,0.3200,559004.000,2024-07-02 03:26:44.629
ETH,BUY,0.0100,559004.000,2024-07-02 03:26:44.708
ETH,BUY,0.4000,559004.000,2024-07-02 03:26:45.112
ETH,BUY,0.0100,559033.000,2024-07-02 03:27:25.451
ETH,BUY,0.2000,559033.000,2024-07-02 03:27:25.932
ETH,BUY,0.4000,559033.000,2024-07-02 03:27:26.554
ETH,BUY,0.3200,559062.000,2024-07-02 03:27:27.329
ETH,BUY,0.2000,559120.000,2024-07-02 03:27:30.032
ETH,BUY,0.0800,559091.000,2024-07-02 03:27:30.604
ETH,BUY,0.0100,559091.000,2024-07-02 03:27:30.687
ETH,BUY,0.2000,559120.000,2024-07-02 03:27:31.717
ETH,SELL,0.2000,558870.000,2024-07-02 03:27:57.633
ETH,SELL,0.7341,558870.000,2024-07-02 03:28:13.143
ETH,BUY,1.4000,559149.000,2024-07-02 03:29:53.057
ETH,BUY,0.1000,559178.000,2024-07-02 03:29:58.775
ETH,BUY,0.0400,559236.000,2024-07-02 03:30:04.633
ETH,BUY,0.0100,559265.000,2024-07-02 03:30:09.492
ETH,BUY,0.0100,559315.000,2024-07-02 03:32:15.029
ETH,BUY,0.0486,559379.000,2024-07-02 03:33:23.874
ETH,BUY,0.0100,559408.000,2024-07-02 03:33:48.283
ETH,BUY,0.2000,559411.000,2024-07-02 03:34:22.294
ETH,SELL,0.2878,559070.000,2024-07-02 03:35:18.142
ETH,BUY,0.0900,559091.000,2024-07-02 03:35:55.613
ETH,BUY,0.0383,559120.000,2024-07-02 03:36:39.422
ETH,BUY,0.0114,559120.000,2024-07-02 03:36:40.462
ETH,BUY,0.0140,559236.000,2024-07-02 03:37:43.762
ETH,BUY,2.0000,559323.000,2024-07-02 03:37:59.327
ETH,BUY,0.0123,559381.000,2024-07-02 03:37:59.717
ETH,BUY,2.0000,559381.000,2024-07-02 03:38:00.354
ETH,BUY,0.2000,559410.000,2024-07-02 03:38:04.914
ETH,BUY,2.0000,559439.000,2024-07-02 03:38:09.490
ETH,BUY,0.0100,559448.000,2024-07-02 03:38:17.369
ETH,BUY,1.0000,559468.000,2024-07-02 03:38:17.369
ETH,BUY,0.9900,559497.000,2024-07-02 03:38:17.369
ETH,BUY,2.0000,559526.000,2024-07-02 03:38:24.843
ETH,BUY,2.0000,559555.000,2024-07-02 03:38:33.808
ETH,BUY,0.5414,559605.000,2024-07-02 03:38:37.169
ETH,BUY,0.0782,559606.000,2024-07-02 03:38:37.169
ETH,BUY,1.3804,559613.000,2024-07-02 03:38:37.169
ETH,BUY,0.8119,559654.000,2024-07-02 03:38:42.379
ETH,BUY,1.1881,559671.000,2024-07-02 03:38:42.379
ETH,BUY,2.0000,559729.000,2024-07-02 03:38:47.097
ETH,BUY,2.0000,559874.000,2024-07-02 03:38:52.884
ETH,BUY,2.0000,559961.000,2024-07-02 03:38:57.433
ETH,BUY,2.0000,559990.000,2024-07-02 03:39:01.844
ETH,BUY,0.0121,560000.000,2024-07-02 03:39:06.468
ETH,BUY,0.0370,560000.000,2024-07-02 03:39:06.468
ETH,BUY,0.0100,560000.000,2024-07-02 03:39:06.468
ETH,BUY,0.0500,560000.000,2024-07-02 03:39:06.468
ETH,BUY,1.8909,560019.000,2024-07-02 03:39:06.468
ETH,BUY,0.2000,560019.000,2024-07-02 03:39:06.511
ETH,BUY,2.0000,560048.000,2024-07-02 03:39:11.162
ETH,BUY,0.0170,560077.000,2024-07-02 03:40:17.873
ETH,BUY,2.0000,560193.000,2024-07-02 03:40:50.296
ETH,BUY,2.0000,560280.000,2024-07-02 03:40:55.923
ETH,BUY,0.1000,560291.000,2024-07-02 03:40:59.832
ETH,BUY,1.9000,560309.000,2024-07-02 03:40:59.832
ETH,BUY,0.1800,560335.000,2024-07-02 03:41:03.540
ETH,BUY,1.8200,560338.000,2024-07-02 03:41:03.540
ETH,BUY,0.0108,560367.000,2024-07-02 03:43:32.171
ETH,BUY,0.2700,560396.000,2024-07-02 03:43:40.963
ETH,BUY,0.0100,560483.000,2024-07-02 03:44:07.760
ETH,SELL,0.0220,560337.000,2024-07-02 03:45:07.411
ETH,SELL,0.9780,560296.000,2024-07-02 03:45:07.411
ETH,SELL,0.0300,560076.000,2024-07-02 03:51:11.379
ETH,BUY,0.0800,560099.000,2024-07-02 03:51:23.152
ETH,SELL,0.1000,559783.000,2024-07-02 03:51:30.771
ETH,SELL,0.1000,559781.000,2024-07-02 03:51:31.737
ETH,BUY,0.2000,559787.000,2024-07-02 03:51:37.811
ETH,BUY,0.2000,559845.000,2024-07-02 03:51:49.960
ETH,SELL,1.6000,559570.000,2024-07-02 03:53:38.795
ETH,SELL,0.4000,559569.000,2024-07-02 03:53:38.795
ETH,BUY,0.0100,559584.000,2024-07-02 03:54:43.286
ETH,BUY,0.0100,559700.000,2024-07-02 03:54:45.098
ETH,BUY,0.0100,559772.000,2024-07-02 03:54:49.932
ETH,BUY,0.0480,559721.000,2024-07-02 03:58:17.234
ETH,BUY,0.0100,559710.000,2024-07-02 03:58:34.374
ETH,BUY,0.0152,559704.000,2024-07-02 03:58:43.137
ETH,BUY,0.1800,559606.000,2024-07-02 03:59:39.416
ETH,BUY,1.0000,559607.000,2024-07-02 03:59:53.236
ETH,BUY,3.6750,559642.000,2024-07-02 03:59:53.236
ETH,BUY,0.0100,559626.000,2024-07-02 04:00:08.440
ETH,SELL,0.0788,559434.000,2024-07-02 04:00:17.210
ETH,BUY,0.0493,559279.000,2024-07-02 04:02:23.115
ETH,BUY,0.0200,559237.000,2024-07-02 04:02:56.277
ETH,BUY,2.9350,559294.000,2024-07-02 04:04:31.823
ETH,BUY,0.0917,559410.000,2024-07-02 04:05:06.140
ETH,BUY,0.0400,559439.000,2024-07-02 04:07:20.067
ETH,BUY,0.0180,559348.000,2024-07-02 04:09:35.061
ETH,BUY,0.0100,559342.000,2024-07-02 04:09:44.202
ETH,BUY,0.3200,559318.000,2024-07-02 04:10:20.360
ETH,BUY,0.2668,559318.000,2024-07-02 04:10:20.438
ETH,BUY,0.7332,559410.000,2024-07-02 04:10:20.438
ETH,BUY,0.2000,559468.000,2024-07-02 04:10:21.249
ETH,BUY,0.4000,559468.000,2024-07-02 04:10:21.612
ETH,BUY,0.1000,559497.000,2024-07-02 04:10:22.085
ETH,BUY,0.4000,559526.000,2024-07-02 04:10:36.243
ETH,BUY,1.0000,559526.000,2024-07-02 04:10:36.376
ETH,BUY,0.0200,559526.000,2024-07-02 04:10:36.402
ETH,BUY,0.3200,559555.000,2024-07-02 04:10:37.175
ETH,BUY,0.1400,559555.000,2024-07-02 04:10:37.429
ETH,BUY,0.1000,559555.000,2024-07-02 04:10:37.893
ETH,BUY,0.2000,559584.000,2024-07-02 04:10:38.166
ETH,BUY,0.3400,559613.000,2024-07-02 04:10:43.757
ETH,BUY,0.2000,559642.000,2024-07-02 04:15:22.789
ETH,BUY,0.0200,559642.000,2024-07-02 04:15:22.974
ETH,BUY,0.4000,559700.000,2024-07-02 04:15:23.563
ETH,BUY,0.2000,559700.000,2024-07-02 04:15:23.837
ETH,BUY,0.4000,559816.000,2024-07-02 04:15:32.554
ETH,BUY,1.0000,559816.000,2024-07-02 04:15:32.810
ETH,BUY,0.2000,559816.000,2024-07-02 04:15:32.918
ETH,BUY,0.1000,559845.000,2024-07-02 04:15:34.353
ETH,BUY,0.2000,559903.000,2024-07-02 04:15:44.189
ETH,BUY,1.0000,559874.000,2024-07-02 04:15:44.297
ETH,BUY,0.3200,559874.000,2024-07-02 04:15:44.415
ETH,BUY,0.4000,559874.000,2024-07-02 04:15:44.451
ETH,BUY,0.2000,559990.000,2024-07-02 04:15:45.195
ETH,BUY,0.1000,560019.000,2024-07-02 04:15:46.421
ETH,BUY,0.3200,560077.000,2024-07-02 04:16:12.394
ETH,BUY,0.2000,560077.000,2024-07-02 04:16:12.606
ETH,BUY,1.0000,560077.000,2024-07-02 04:16:12.647
ETH,BUY,0.0500,560154.000,2024-07-02 04:16:13.402
ETH,BUY,0.2000,560154.000,2024-07-02 04:16:13.458
ETH,BUY,0.0140,560163.000,2024-07-02 04:16:25.917
ETH,BUY,1.5407,559905.000,2024-07-02 04:16:44.920
ETH,BUY,1.3943,560048.000,2024-07-02 04:17:53.705
ETH,BUY,0.1500,560135.000,2024-07-02 04:17:56.909
ETH,BUY,0.2500,560098.000,2024-07-02 04:19:23.084
ETH,BUY,0.1500,560193.000,2024-07-02 04:19:23.084
ETH,BUY,0.0500,560193.000,2024-07-02 04:19:23.086
ETH,BUY,0.2000,560193.000,2024-07-02 04:19:23.969
ETH,BUY,0.0300,560193.000,2024-07-02 04:19:24.304
ETH,BUY,0.2700,560280.000,2024-07-02 04:19:25.257
ETH,BUY,0.0300,560309.000,2024-07-02 04:20:29.415
ETH,SELL,0.0178,560337.000,2024-07-02 04:21:54.259
ETH,SELL,0.0998,560250.000,2024-07-02 04:22:00.007
ETH,SELL,0.1499,560250.000,2024-07-02 04:22:31.820
ETH,SELL,0.0976,560250.000,2024-07-02 04:25:56.754
ETH,BUY,0.0971,560280.000,2024-07-02 04:25:56.946
ETH,SELL,0.0127,560250.000,2024-07-02 04:25:58.015
ETH,SELL,0.0100,560000.000,2024-07-02 04:25:58.454
ETH,SELL,0.0743,559772.000,2024-07-02 04:25:58.454
ETH,BUY,0.0964,560338.000,2024-07-02 04:25:58.930
ETH,SELL,0.0963,560184.000,2024-07-02 04:26:12.793
ETH,BUY,0.0743,560453.000,2024-07-02 04:26:12.987
ETH,BUY,0.0215,560454.000,2024-07-02 04:26:12.987
ETH,SELL,0.0960,560233.000,2024-07-02 04:26:14.916
ETH,BUY,0.0954,560338.000,2024-07-02 04:26:15.881
ETH,SELL,0.0953,560262.000,2024-07-02 04:26:17.911
ETH,BUY,0.0953,560338.000,2024-07-02 04:26:18.885
ETH,SELL,0.0603,560246.000,2024-07-02 04:26:20.168
ETH,BUY,0.0600,560309.000,2024-07-02 04:26:20.925
ETH,SELL,0.0951,560246.000,2024-07-02 04:26:23.192
ETH,BUY,0.0943,560309.000,2024-07-02 04:26:23.963
ETH,SELL,0.0943,560283.000,2024-07-02 04:26:25.912
ETH,BUY,0.8000,560367.000,2024-07-02 04:26:37.441
ETH,BUY,0.1000,560396.000,2024-07-02 04:28:11.271
ETH,BUY,0.0900,560425.000,2024-07-02 04:35:47.312
ETH,SELL,0.0225,560206.000,2024-07-02 04:37:23.687
ETH,BUY,0.0267,560280.000,2024-07-02 04:38:45.017
ETH,BUY,0.1600,560274.000,2024-07-02 04:39:02.514
ETH,BUY,1.0750,560396.000,2024-07-02 04:40:32.056
ETH,BUY,0.0603,560295.000,2024-07-02 04:46:59.292
ETH,BUY,0.0859,560360.000,2024-07-02 04:46:59.292
ETH,BUY,0.0538,560425.000,2024-07-02 04:46:59.292
ETH,BUY,0.2000,560454.000,2024-07-02 04:47:14.857
ETH,BUY,0.1000,560480.000,2024-07-02 04:47:16.059
ETH,BUY,0.3000,560500.000,2024-07-02 04:47:29.700
ETH,BUY,0.1000,560500.000,2024-07-02 04:47:29.700
ETH,BUY,0.2200,560500.000,2024-07-02 04:47:30.206
ETH,BUY,0.1000,560512.000,2024-07-02 04:47:30.206
ETH,BUY,0.2000,560541.000,2024-07-02 04:47:31.939
ETH,BUY,0.4000,560570.000,2024-07-02 04:47:46.667
ETH,BUY,0.3200,560570.000,2024-07-02 04:47:47.077
ETH,BUY,0.4000,560599.000,2024-07-02 04:48:01.188
ETH,BUY,0.0800,560628.000,2024-07-02 04:48:02.074
ETH,SELL,0.4474,560112.000,2024-07-02 04:50:29.013
ETH,BUY,0.5677,560135.000,2024-07-02 04:55:24.416
ETH,BUY,0.2000,560164.000,2024-07-02 04:55:26.719
ETH,BUY,0.1131,560193.000,2024-07-02 04:55:33.534
ETH,BUY,0.1000,559758.000,2024-07-02 05:00:40.267
ETH,SELL,0.4033,559650.000,2024-07-02 05:01:41.623
ETH,BUY,0.0400,559671.000,2024-07-02 05:02:46.539
ETH,BUY,0.2000,559700.000,2024-07-02 05:02:48.805
ETH,BUY,0.0100,559681.000,2024-07-02 05:03:12.781
ETH,BUY,0.1000,559648.000,2024-07-02 05:03:47.735
ETH,SELL,0.0104,559646.000,2024-07-02 05:05:56.181
ETH,BUY,0.2000,559671.000,2024-07-02 05:06:47.697
ETH,BUY,0.3000,559700.000,2024-07-02 05:07:25.438
ETH,BUY,0.1600,559729.000,2024-07-02 05:08:01.689
ETH,BUY,0.4000,559758.000,2024-07-02 05:08:02.187
ETH,BUY,0.2000,559787.000,2024-07-02 05:08:04.241
ETH,BUY,0.1100,559816.000,2024-07-02 05:08:57.674
ETH,BUY,0.1404,559845.000,2024-07-02 05:08:57.674
ETH,BUY,0.0500,559874.000,2024-07-02 05:10:23.088
ETH,SELL,0.0269,559646.000,2024-07-02 05:11:39.855
ETH,BUY,0.0200,559671.000,2024-07-02 05:12:09.390
ETH,BUY,0.4000,559700.000,2024-07-02 05:12:39.124
ETH,BUY,1.0000,559700.000,2024-07-02 05:12:39.352
ETH,BUY,0.0100,559700.000,2024-07-02 05:12:39.998
ETH,BUY,0.1000,559700.000,2024-07-02 05:12:40.985
ETH,BUY,0.2000,559729.000,2024-07-02 05:12:41.394
ETH,BUY,0.0300,559758.000,2024-07-02 05:13:09.718
ETH,BUY,0.0200,559758.000,2024-07-02 05:13:09.914
ETH,BUY,1.0000,559758.000,2024-07-02 05:13:09.969
ETH,BUY,0.4000,559758.000,2024-07-02 05:13:10.097
ETH,BUY,0.0100,559787.000,2024-07-02 05:13:10.563
ETH,BUY,0.2000,559816.000,2024-07-02 05:13:11.386
ETH,BUY,0.4000,559845.000,2024-07-02 05:15:03.648
ETH,BUY,1.0000,559845.000,2024-07-02 05:15:03.884
ETH,BUY,0.2000,559874.000,2024-07-02 05:15:06.860
ETH,BUY,0.0200,559874.000,2024-07-02 05:15:07.392
ETH,BUY,0.4000,559903.000,2024-07-02 05:15:08.110
ETH,BUY,0.0200,559903.000,2024-07-02 05:15:08.185
ETH,BUY,1.8200,559903.000,2024-07-02 05:15:52.390
ETH,BUY,0.5700,559932.000,2024-07-02 05:15:52.390
ETH,BUY,0.1800,559961.000,2024-07-02 05:15:52.390
ETH,BUY,0.3650,559990.000,2024-07-02 05:15:52.390
ETH,BUY,0.4000,560000.000,2024-07-02 05:16:24.586
ETH,BUY,0.0190,560000.000,2024-07-02 05:16:25.314
ETH,BUY,0.0710,560019.000,2024-07-02 05:16:25.314
ETH,BUY,0.4000,560048.000,2024-07-02 05:17:56.077
ETH,BUY,0.1100,560077.000,2024-07-02 05:17:57.386
ETH,BUY,0.1000,560077.000,2024-07-02 05:17:57.669
ETH,BUY,0.0105,560134.000,2024-07-02 05:18:14.104
ETH,BUY,0.1395,560135.000,2024-07-02 05:18:14.104
ETH,BUY,0.0200,560149.000,2024-07-02 05:18:15.342
ETH,BUY,0.2000,560149.000,2024-07-02 05:18:15.943
ETH,BUY,0.0174,560094.000,2024-07-02 05:18:31.244
ETH,BUY,0.3826,560157.000,2024-07-02 05:18:31.244
ETH,SELL,0.0175,559747.000,2024-07-02 05:18:31.706
ETH,BUY,0.1600,559787.000,2024-07-02 05:18:32.812
ETH,BUY,0.8920,559816.000,2024-07-02 05:20:06.274
ETH,BUY,0.1700,559845.000,2024-07-02 05:23:01.101
ETH,BUY,0.0500,559932.000,2024-07-02 05:25:07.154
ETH,BUY,0.1800,559961.000,2024-07-02 05:25:31.089
ETH,BUY,0.1000,559990.000,2024-07-02 05:25:32.586
ETH,BUY,0.2000,560019.000,2024-07-02 05:25:34.078
ETH,BUY,0.4000,560048.000,2024-07-02 05:25:39.441
ETH,BUY,0.1000,560048.000,2024-07-02 05:25:40.329
ETH,BUY,0.0100,560077.000,2024-07-02 05:26:56.964
ETH,SELL,0.0313,559961.000,2024-07-02 05:27:43.172
ETH,BUY,0.0500,559990.000,2024-07-02 05:30:51.445
ETH,BUY,0.1700,560019.000,2024-07-02 05:31:58.567
ETH,BUY,0.6964,560048.000,2024-07-02 05:32:11.811
ETH,SELL,0.0120,559901.000,2024-07-02 05:35:54.749
ETH,SELL,0.0406,559901.000,2024-07-02 05:36:00.182
ETH,BUY,0.2300,559903.000,2024-07-02 05:36:47.534
ETH,BUY,0.1000,559932.000,2024-07-02 05:36:49.589
ETH,BUY,0.2000,559961.000,2024-07-02 05:36:50.992
ETH,SELL,0.0893,559645.000,2024-07-02 05:38:38.060
ETH,SELL,0.1000,559356.000,2024-07-02 05:38:38.060
ETH,SELL,0.1027,559355.000,2024-07-02 05:38:38.060
ETH,SELL,0.2000,559401.000,2024-07-02 05:40:09.365
ETH,SELL,1.3500,559343.000,2024-07-02 05:40:09.365
ETH,BUY,0.1000,559438.000,2024-07-02 05:42:06.149
ETH,BUY,0.1000,559439.000,2024-07-02 05:42:06.149
ETH,BUY,1.0000,559468.000,2024-07-02 05:42:06.745
ETH,BUY,0.1000,559526.000,2024-07-02 05:42:08.051
ETH,BUY,0.2000,559613.000,2024-07-02 05:42:08.874
ETH,BUY,0.0200,559518.000,2024-07-02 05:46:25.084
ETH,BUY,0.0175,559519.000,2024-07-02 05:49:19.492
ETH,BUY,0.1525,559520.000,2024-07-02 05:49:19.492
ETH,BUY,0.1250,559520.000,2024-07-02 05:49:36.514
ETH,BUY,0.1565,559526.000,2024-07-02 05:52:46.506
ETH,BUY,0.0900,559555.000,2024-07-02 05:54:09.901
ETH,BUY,0.0100,559555.000,2024-07-02 05:54:40.410
ETH,BUY,0.0200,559555.000,2024-07-02 05:54:41.756
ETH,BUY,0.3200,559550.000,2024-07-02 05:55:02.254
ETH,BUY,0.1800,559550.000,2024-07-02 05:55:02.622
ETH,BUY,0.8200,559613.000,2024-07-02 05:55:02.622
ETH,BUY,0.4000,559613.000,2024-07-02 05:55:02.966
ETH,BUY,0.1800,559642.000,2024-07-02 05:55:07.653
ETH,BUY,0.0116,559671.000,2024-07-02 05:57:01.191
ETH,BUY,0.1600,559671.000,2024-07-02 05:57:01.671
ETH,BUY,0.2000,559700.000,2024-07-02 05:57:02.462
ETH,BUY,1.3200,559729.000,2024-07-02 05:59:31.058
ETH,BUY,1.6150,559758.000,2024-07-02 05:59:31.058
ETH,BUY,0.0300,559787.000,2024-07-02 06:00:05.099
ETH,BUY,0.7400,559787.000,2024-07-02 06:00:05.301
ETH,BUY,0.2516,559845.000,2024-07-02 06:00:05.301
ETH,BUY,0.0800,559845.000,2024-07-02 06:00:06.066
ETH,BUY,0.2000,559845.000,2024-07-02 06:00:08.827
ETH,BUY,0.3500,559779.000,2024-07-02 06:02:00.472
ETH,BUY,0.0100,559780.000,2024-07-02 06:02:02.189
ETH,BUY,0.0400,559721.000,2024-07-02 06:02:11.450
ETH,BUY,0.4000,559728.000,2024-07-02 06:02:16.663
ETH,SELL,0.2000,559729.000,2024-07-02 06:04:51.492
ETH,BUY,0.2000,559505.000,2024-07-02 06:08:07.940
ETH,BUY,0.1500,559510.000,2024-07-02 06:08:07.940
ETH,BUY,0.3506,559519.000,2024-07-02 06:09:34.750
ETH,BUY,1.2494,559526.000,2024-07-02 06:09:34.750
ETH,BUY,0.1717,559526.000,2024-07-02 06:09:34.786
ETH,BUY,0.3489,559526.000,2024-07-02 06:09:34.811
ETH,BUY,0.6670,559555.000,2024-07-02 06:09:34.811
ETH,SELL,0.0496,559372.000,2024-07-02 06:09:41.613
ETH,BUY,0.0300,559410.000,2024-07-02 06:10:03.930
ETH,BUY,0.0100,559439.000,2024-07-02 06:10:09.397
ETH,SELL,0.0300,559371.000,2024-07-02 06:11:15.328
ETH,SELL,0.0700,559236.000,2024-07-02 06:11:16.719
ETH,SELL,0.0198,559236.000,2024-07-02 06:11:18.695
ETH,BUY,0.0100,559265.000,2024-07-02 06:11:34.402
ETH,SELL,0.0123,559236.000,2024-07-02 06:16:30.184
ETH,BUY,0.0100,559323.000,2024-07-02 06:20:04.098
ETH,BUY,2.9350,559352.000,2024-07-02 06:20:40.985
ETH,SELL,0.1000,559294.000,2024-07-02 06:22:29.587
ETH,BUY,0.1000,559352.000,2024-07-02 06:23:36.576
ETH,BUY,0.4000,559381.000,2024-07-02 06:24:11.504
ETH,BUY,0.4000,559410.000,2024-07-02 06:25:03.784
ETH,BUY,1.0000,559439.000,2024-07-02 06:25:04.276
ETH,BUY,0.2000,559468.000,2024-07-02 06:25:05.223
ETH,BUY,0.2700,559497.000,2024-07-02 06:25:52.109
ETH,SELL,0.3570,559468.000,2024-07-02 06:27:32.801
ETH,SELL,0.0522,559236.000,2024-07-02 06:27:33.826
ETH,BUY,0.0350,559240.000,2024-07-02 06:28:52.889
ETH,SELL,0.0101,559236.000,2024-07-02 06:29:01.263
ETH,SELL,0.0156,559236.000,2024-07-02 06:29:36.136
ETH,SELL,0.0104,559000.000,2024-07-02 06:32:51.759
ETH,SELL,0.9896,559000.000,2024-07-02 06:33:00.280
ETH,SELL,0.0190,558607.000,2024-07-02 06:33:53.558
ETH,BUY,0.0900,558627.000,2024-07-02 06:34:25.938
ETH,BUY,0.0130,558685.000,2024-07-02 06:35:01.572
ETH,BUY,0.0150,558714.000,2024-07-02 06:36:05.600
ETH,BUY,0.0500,558743.000,2024-07-02 06:36:31.857
ETH,BUY,0.1190,558611.000,2024-07-02 06:37:33.647
ETH,BUY,0.5000,558730.000,2024-07-02 06:37:33.647
ETH,BUY,2.3160,558772.000,2024-07-02 06:37:33.647
ETH,BUY,0.0485,558801.000,2024-07-02 06:38:10.121
ETH,SELL,0.0109,558603.000,2024-07-02 06:38:25.782
ETH,BUY,0.3200,558620.000,2024-07-02 06:40:23.684
ETH,BUY,0.1800,558620.000,2024-07-02 06:40:23.840
ETH,BUY,0.2200,558627.000,2024-07-02 06:40:23.840
ETH,BUY,0.1500,558656.000,2024-07-02 06:40:24.733
ETH,BUY,0.0500,558685.000,2024-07-02 06:40:24.733
ETH,BUY,0.4000,558714.000,2024-07-02 06:40:32.820
ETH,BUY,0.1400,558714.000,2024-07-02 06:40:33.416
ETH,SELL,0.0200,558603.000,2024-07-02 06:41:22.606
ETH,BUY,0.0180,558627.000,2024-07-02 06:44:12.990
ETH,BUY,0.0235,558627.000,2024-07-02 06:45:01.005
ETH,SELL,0.2000,558604.000,2024-07-02 06:45:17.482
ETH,BUY,0.0500,558627.000,2024-07-02 06:45:20.881
ETH,BUY,1.0000,558656.000,2024-07-02 06:47:10.660
ETH,BUY,0.0100,558685.000,2024-07-02 06:48:10.650
ETH,BUY,0.1900,558714.000,2024-07-02 06:48:10.650
ETH,BUY,0.4000,558714.000,2024-07-02 06:48:26.824
ETH,BUY,0.0700,558714.000,2024-07-02 06:51:21.949
ETH,BUY,0.3300,558714.000,2024-07-02 06:51:31.693
ETH,BUY,0.3200,558714.000,2024-07-02 06:51:32.243
ETH,BUY,0.2000,558710.000,2024-07-02 06:51:34.907
ETH,SELL,0.0130,558603.000,2024-07-02 06:53:59.750
ETH,SELL,0.0561,558603.000,2024-07-02 06:54:25.716
ETH,SELL,0.9898,558603.000,2024-07-02 06:54:25.716
ETH,SELL,0.0102,558603.000,2024-07-02 06:56:47.274
ETH,SELL,0.0100,558400.000,2024-07-02 06:57:26.249
ETH,SELL,0.0100,558400.000,2024-07-02 06:57:30.121
ETH,SELL,0.0100,558400.000,2024-07-02 06:57:31.672
ETH,SELL,1.0000,558404.000,2024-07-02 07:00:55.596
ETH,BUY,0.0400,558424.000,2024-07-02 07:01:25.368
ETH,BUY,0.0100,558450.000,2024-07-02 07:02:54.427
ETH,BUY,0.1000,558450.000,2024-07-02 07:03:29.058
ETH,SELL,0.0200,558400.000,2024-07-02 07:04:48.864
ETH,SELL,0.0108,558127.000,2024-07-02 07:05:08.680
ETH,SELL,0.2000,558147.000,2024-07-02 07:05:23.355
ETH,SELL,0.1000,558150.000,2024-07-02 07:05:26.326
ETH,SELL,0.2000,558153.000,2024-07-02 07:05:29.198
ETH,SELL,0.1000,558100.000,2024-07-02 07:05:53.991
ETH,SELL,0.1000,558100.000,2024-07-02 07:06:01.515
ETH,SELL,0.2209,558100.000,2024-07-02 07:06:26.274
ETH,SELL,0.0005,558100.000,2024-07-02 07:06:36.686
ETH,SELL,0.0115,558000.000,2024-07-02 07:06:36.686
ETH,SELL,0.0109,558000.000,2024-07-02 07:06:36.686
ETH,SELL,0.0391,558000.000,2024-07-02 07:06:39.206
ETH,SELL,0.2519,558000.000,2024-07-02 07:06:39.206
ETH,SELL,1.7481,558000.000,2024-07-02 07:06:39.715
ETH,SELL,0.0250,557625.000,2024-07-02 07:06:54.586
ETH,BUY,0.0180,557641.000,2024-07-02 07:06:58.800
ETH,SELL,0.5380,557600.000,2024-07-02 07:08:04.969
ETH,SELL,0.0500,557500.000,2024-07-02 07:08:36.218
ETH,SELL,0.0100,557333.000,2024-07-02 07:08:43.672
ETH,SELL,0.0060,557311.000,2024-07-02 07:08:43.672
ETH,SELL,0.0100,557311.000,2024-07-02 07:08:44.029
ETH,SELL,0.0500,557311.000,2024-07-02 07:08:44.150
ETH,SELL,0.6489,557311.000,2024-07-02 07:08:46.930
ETH,SELL,0.0001,557311.000,2024-07-02 07:08:46.983
ETH,SELL,0.0100,556931.000,2024-07-02 07:08:46.983
ETH,SELL,0.1000,556386.000,2024-07-02 07:08:46.983
ETH,SELL,0.1248,556385.000,2024-07-02 07:08:46.983
ETH,BUY,0.1000,556451.000,2024-07-02 07:08:49.188
ETH,BUY,1.3900,556452.000,2024-07-02 07:08:49.188
ETH,BUY,0.2000,556452.000,2024-07-02 07:08:49.291
ETH,BUY,0.4500,556452.000,2024-07-02 07:08:49.637
ETH,BUY,0.1000,556597.000,2024-07-02 07:08:50.746
ETH,BUY,0.0100,556684.000,2024-07-02 07:09:05.583
ETH,SELL,0.1000,556366.000,2024-07-02 07:09:36.362
ETH,SELL,0.0072,556365.000,2024-07-02 07:09:36.362
ETH,SELL,0.0928,556272.000,2024-07-02 07:09:36.362
ETH,BUY,0.0100,556538.000,2024-07-02 07:09:43.566
ETH,BUY,0.0330,556596.000,2024-07-02 07:09:49.980
ETH,BUY,0.0500,556654.000,2024-07-02 07:10:08.095
ETH,BUY,0.0200,556684.000,2024-07-02 07:10:22.647
ETH,BUY,0.3300,556771.000,2024-07-02 07:10:23.447
ETH,BUY,0.0100,556858.000,2024-07-02 07:10:24.315
ETH,BUY,0.1000,556887.000,2024-07-02 07:10:24.315
ETH,BUY,0.0927,556916.000,2024-07-02 07:10:33.276
ETH,BUY,0.0973,556916.000,2024-07-02 07:10:33.276
ETH,BUY,0.0242,556974.000,2024-07-02 07:10:34.967
ETH,BUY,0.0900,557003.000,2024-07-02 07:10:37.042
ETH,BUY,0.7230,557032.000,2024-07-02 07:10:40.108
ETH,BUY,0.2128,557090.000,2024-07-02 07:11:06.864
ETH,BUY,0.0400,557119.000,2024-07-02 07:11:16.159
ETH,BUY,0.4000,557119.000,2024-07-02 07:11:16.637
ETH,BUY,0.3200,557177.000,2024-07-02 07:11:18.082
ETH,BUY,1.6108,556924.000,2024-07-02 07:12:49.357
ETH,BUY,0.1967,556950.000,2024-07-02 07:12:49.357
ETH,BUY,0.0179,557063.000,2024-07-02 07:12:49.948
ETH,BUY,0.0179,557058.000,2024-07-02 07:13:09.927
ETH,BUY,0.1000,556857.000,2024-07-02 07:14:10.514
ETH,BUY,1.0000,556761.000,2024-07-02 07:16:21.960
ETH,BUY,0.0510,556760.000,2024-07-02 07:16:22.723
ETH,BUY,0.1821,556770.000,2024-07-02 07:17:42.000
ETH,BUY,0.0900,556771.000,2024-07-02 07:17:42.000
ETH,BUY,0.2000,556790.000,2024-07-02 07:17:42.000
ETH,BUY,0.0243,556829.000,2024-07-02 07:18:35.063
ETH,SELL,0.6200,556825.000,2024-07-02 07:20:26.131
ETH,BUY,0.1429,556887.000,2024-07-02 07:20:50.199
ETH,BUY,0.4000,556887.000,2024-07-02 07:20:51.144
ETH,BUY,0.8328,556887.000,2024-07-02 07:20:51.177
ETH,BUY,0.0400,556916.000,2024-07-02 07:20:52.102
ETH,BUY,0.2000,556945.000,2024-07-02 07:20:53.220
ETH,BUY,0.1000,556974.000,2024-07-02 07:20:55.104
ETH,BUY,0.4000,557000.000,2024-07-02 07:21:32.556
ETH,BUY,1.0000,557000.000,2024-07-02 07:21:32.950
ETH,BUY,0.0100,557000.000,2024-07-02 07:21:33.453
ETH,BUY,0.1000,557000.000,2024-07-02 07:21:34.533
ETH,BUY,0.5000,557000.000,2024-07-02 07:21:38.220
ETH,BUY,0.1000,557000.000,2024-07-02 07:21:50.715
ETH,BUY,0.1000,557000.000,2024-07-02 07:21:54.808
ETH,BUY,0.0319,557000.000,2024-07-02 07:21:55.080
ETH,BUY,0.5000,557000.000,2024-07-02 07:21:55.205
ETH,BUY,0.1000,557000.000,2024-07-02 07:21:57.420
ETH,BUY,1.4692,557000.000,2024-07-02 07:21:57.473
ETH,BUY,0.0100,557199.000,2024-07-02 07:22:56.467
ETH,BUY,0.1639,557206.000,2024-07-02 07:22:56.467
ETH,BUY,0.1809,557351.000,2024-07-02 07:24:07.421
ETH,BUY,1.8000,557409.000,2024-07-02 07:24:11.262
ETH,BUY,0.2000,557468.000,2024-07-02 07:24:23.159
ETH,BUY,0.0800,557413.000,2024-07-02 07:24:29.819
ETH,BUY,0.0100,556835.000,2024-07-02 07:31:54.382
ETH,SELL,0.8595,556792.000,2024-07-02 07:34:27.991
ETH,SELL,1.1892,556792.000,2024-07-02 07:34:28.713
ETH,SELL,1.9998,556792.000,2024-07-02 07:34:34.843
ETH,SELL,0.2000,556792.000,2024-07-02 07:34:36.991
ETH,SELL,0.2794,556792.000,2024-07-02 07:34:46.458
ETH,SELL,0.0120,556508.000,2024-07-02 07:39:43.251
ETH,BUY,0.0200,556568.000,2024-07-02 07:40:05.547
ETH,BUY,0.3800,556597.000,2024-07-02 07:40:59.134
ETH,BUY,0.4000,556626.000,2024-07-02 07:41:36.986
ETH,BUY,0.0100,556655.000,2024-07-02 07:41:42.431
ETH,BUY,3.5175,556684.000,2024-07-02 07:42:22.221
ETH,SELL,0.0100,556585.000,2024-07-02 07:46:15.796
ETH,SELL,0.2150,556258.000,2024-07-02 07:46:15.796
ETH,SELL,0.1000,556258.000,2024-07-02 07:46:15.833
ETH,SELL,0.1500,556258.000,2024-07-02 07:46:15.903
ETH,SELL,0.0199,556266.000,2024-07-02 07:46:21.692
ETH,BUY,0.0900,556307.000,2024-07-02 07:46:27.105
ETH,BUY,0.4000,556510.000,2024-07-02 07:47:53.984
ETH,SELL,0.0160,556511.000,2024-07-02 07:48:11.664
ETH,BUY,0.0807,556466.000,2024-07-02 07:54:26.772
ETH,SELL,0.0370,556445.000,2024-07-02 07:56:15.589
ETH,BUY,0.2001,556467.000,2024-07-02 07:56:38.307
ETH,BUY,0.1199,556481.000,2024-07-02 07:56:38.307
ETH,BUY,1.0000,556481.000,2024-07-02 07:56:38.424
ETH,BUY,0.4000,556481.000,2024-07-02 07:56:39.497
ETH,BUY,0.4024,556510.000,2024-07-02 07:56:52.046
ETH,BUY,0.2000,556539.000,2024-07-02 07:56:53.878
ETH,BUY,0.1807,556568.000,2024-07-02 07:57:08.263
ETH,BUY,0.0600,556597.000,2024-07-02 07:57:18.480
ETH,BUY,0.0200,556597.000,2024-07-02 07:57:26.643
ETH,BUY,0.5550,556626.000,2024-07-02 07:57:36.962
ETH,BUY,0.0179,556655.000,2024-07-02 07:59:09.901
ETH,BUY,0.2000,556655.000,2024-07-02 07:59:33.744
ETH,BUY,0.2000,556742.000,2024-07-02 08:01:07.559
ETH,BUY,0.1000,556771.000,2024-07-02 08:01:23.968
ETH,BUY,0.4000,556771.000,2024-07-02 08:01:24.094
ETH,SELL,0.1000,556799.000,2024-07-02 08:02:03.489
ETH,SELL,0.0648,556425.000,2024-07-02 08:02:03.489
ETH,BUY,0.1000,556510.000,2024-07-02 08:02:05.551
ETH,BUY,1.3000,556510.000,2024-07-02 08:02:05.861
ETH,BUY,0.7000,556655.000,2024-07-02 08:02:06.705
ETH,BUY,1.2000,556655.000,2024-07-02 08:02:07.020
ETH,BUY,0.1000,556655.000,2024-07-02 08:02:07.947
ETH,BUY,0.2000,556684.000,2024-07-02 08:02:34.275
ETH,BUY,0.0100,556713.000,2024-07-02 08:02:53.081
ETH,BUY,0.0100,556742.000,2024-07-02 08:02:53.081
ETH,BUY,0.3000,556800.000,2024-07-02 08:02:53.081
ETH,BUY,0.4000,556800.000,2024-07-02 08:02:53.083
ETH,BUY,0.0100,556713.000,2024-07-02 08:02:54.013
ETH,BUY,0.1900,556742.000,2024-07-02 08:02:54.013
ETH,BUY,0.0100,556800.000,2024-07-02 08:03:05.437
ETH,BUY,0.0100,556887.000,2024-07-02 08:03:23.129
ETH,SELL,1.9998,556611.000,2024-07-02 08:04:14.656
ETH,SELL,0.0319,556611.000,2024-07-02 08:04:17.033
ETH,SELL,0.0123,556611.000,2024-07-02 08:04:36.190
ETH,SELL,0.4899,556611.000,2024-07-02 08:04:45.817
ETH,SELL,0.0001,556611.000,2024-07-02 08:05:38.451
ETH,BUY,0.0500,556454.000,2024-07-02 08:07:11.938
ETH,SELL,0.0250,556152.000,2024-07-02 08:11:22.192
ETH,SELL,0.0076,556000.000,2024-07-02 08:11:22.192
ETH,SELL,1.9998,556000.000,2024-07-02 08:11:31.408
ETH,SELL,0.9925,556000.000,2024-07-02 08:11:38.078
ETH,SELL,0.0001,556000.000,2024-07-02 08:12:44.500
ETH,SELL,0.0166,555843.000,2024-07-02 08:12:57.683
ETH,SELL,0.0367,555843.000,2024-07-02 08:13:14.869
ETH,BUY,0.3200,555872.000,2024-07-02 08:14:29.101
ETH,BUY,0.4000,555872.000,2024-07-02 08:14:29.140
ETH,BUY,0.0100,555900.000,2024-07-02 08:15:45.100
ETH,BUY,0.1700,555920.000,2024-07-02 08:16:16.341
ETH,BUY,0.3198,555920.000,2024-07-02 08:16:16.464
ETH,BUY,0.0802,555930.000,2024-07-02 08:16:16.464
ETH,BUY,0.1000,556046.000,2024-07-02 08:16:18.187
ETH,BUY,0.4000,556075.000,2024-07-02 08:16:57.532
ETH,BUY,0.2000,556160.000,2024-07-02 08:16:58.386
ETH,BUY,0.0200,556220.000,2024-07-02 08:17:19.322
ETH,BUY,0.2800,556307.000,2024-07-02 08:17:19.322
ETH,BUY,0.2000,556423.000,2024-07-02 08:19:19.445
ETH,BUY,0.0553,556423.000,2024-07-02 08:19:22.969
ETH,BUY,1.0000,556481.000,2024-07-02 08:19:28.589
ETH,BUY,0.4000,556481.000,2024-07-02 08:19:29.603
ETH,BUY,0.0200,556568.000,2024-07-02 08:19:30.093
ETH,BUY,1.0000,556597.000,2024-07-02 08:21:28.436
ETH,BUY,0.2000,556626.000,2024-07-02 08:21:34.696
ETH,BUY,0.0100,556680.000,2024-07-02 08:22:28.236
ETH,BUY,0.4000,556770.000,2024-07-02 08:22:40.096
ETH,BUY,0.0100,556770.000,2024-07-02 08:22:44.087
ETH,BUY,0.8000,556829.000,2024-07-02 08:23:22.330
ETH,BUY,0.0600,556880.000,2024-07-02 08:23:37.293
ETH,BUY,0.0200,556880.000,2024-07-02 08:23:58.623
ETH,BUY,0.1800,557032.000,2024-07-02 08:23:58.623
ETH,BUY,0.4000,557119.000,2024-07-02 08:24:32.437
ETH,BUY,0.1000,557119.000,2024-07-02 08:24:33.737
ETH,BUY,1.4000,557206.000,2024-07-02 08:24:59.939
ETH,BUY,0.1000,557229.000,2024-07-02 08:25:06.027
ETH,BUY,0.0500,557229.000,2024-07-02 08:25:15.289
ETH,BUY,0.2000,557264.000,2024-07-02 08:26:57.600
ETH,SELL,0.5000,557266.000,2024-07-02 08:34:18.340
ETH,SELL,0.0100,557264.000,2024-07-02 08:36:03.264
ETH,SELL,0.0021,556505.000,2024-07-02 08:36:03.264
ETH,SELL,0.0961,556385.000,2024-07-02 08:41:53.412
ETH,SELL,0.2593,556383.000,2024-07-02 08:41:53.412
ETH,SELL,1.3507,556364.000,2024-07-02 08:41:53.598
ETH,SELL,0.1993,556362.000,2024-07-02 08:41:53.598
ETH,BUY,0.2000,556713.000,2024-07-02 08:43:14.845
ETH,BUY,1.4000,556829.000,2024-07-02 08:43:34.108
ETH,SELL,0.0200,556915.000,2024-07-02 08:43:37.380
ETH,BUY,0.1000,556945.000,2024-07-02 08:43:39.574
ETH,BUY,0.0400,556974.000,2024-07-02 08:43:55.108
ETH,BUY,0.0100,557032.000,2024-07-02 08:44:00.464
ETH,SELL,0.0300,557263.000,2024-07-02 08:46:16.069
ETH,BUY,0.0100,557260.000,2024-07-02 08:46:19.642
ETH,BUY,0.0800,557046.000,2024-07-02 08:51:51.678
ETH,BUY,0.0200,557077.000,2024-07-02 08:52:17.988
ETH,BUY,1.5099,556828.000,2024-07-02 08:54:17.972
ETH,BUY,0.5000,556830.000,2024-07-02 08:54:17.972
ETH,BUY,0.1993,556832.000,2024-07-02 08:54:17.972
ETH,BUY,0.2343,556972.000,2024-07-02 08:54:17.972
ETH,BUY,0.4500,557090.000,2024-07-02 08:54:17.972
ETH,SELL,0.0221,557090.000,2024-07-02 08:54:23.336
ETH,SELL,0.0326,557090.000,2024-07-02 08:54:24.391
ETH,SELL,0.0018,557090.000,2024-07-02 08:54:26.330
ETH,SELL,0.0248,556495.000,2024-07-02 08:54:26.330
ETH,BUY,0.0177,556539.000,2024-07-02 08:59:09.915
ETH,BUY,0.0100,556655.000,2024-07-02 09:00:10.950
ETH,BUY,0.1000,556684.000,2024-07-02 09:03:08.111
ETH,SELL,1.5500,556433.000,2024-07-02 09:04:48.662
ETH,BUY,0.0177,556539.000,2024-07-02 09:06:19.880
ETH,BUY,0.0177,556597.000,2024-07-02 09:06:29.889
ETH,BUY,0.0177,556771.000,2024-07-02 09:06:49.898
ETH,BUY,0.0179,556829.000,2024-07-02 09:07:30.002
ETH,BUY,0.0100,556974.000,2024-07-02 09:07:39.057
ETH,BUY,0.0179,557003.000,2024-07-02 09:07:49.990
ETH,BUY,1.4000,557206.000,2024-07-02 09:08:13.337
ETH,BUY,0.1000,557235.000,2024-07-02 09:08:18.279
ETH,BUY,0.0400,557293.000,2024-07-02 09:08:24.133
ETH,BUY,4.0000,557641.000,2024-07-02 09:11:03.205
ETH,BUY,1.9000,557728.000,2024-07-02 09:11:03.205
ETH,BUY,0.0500,557402.000,2024-07-02 09:14:53.246
ETH,BUY,1.2500,557713.000,2024-07-02 09:14:53.246
ETH,BUY,0.0200,557729.000,2024-07-02 09:15:39.346
ETH,BUY,0.1000,557729.000,2024-07-02 09:15:41.084
ETH,BUY,0.1000,557636.000,2024-07-02 09:18:00.227
ETH,BUY,0.0550,557636.000,2024-07-02 09:18:06.899
ETH,BUY,0.0100,557570.000,2024-07-02 09:20:39.744
ETH,BUY,0.0149,557568.000,2024-07-02 09:20:53.274
ETH,BUY,0.0051,557583.000,2024-07-02 09:20:53.274
ETH,SELL,1.0000,557064.000,2024-07-02 09:21:23.501
ETH,SELL,0.5400,557018.000,2024-07-02 09:21:23.501
ETH,BUY,0.5382,557264.000,2024-07-02 09:23:11.101
ETH,BUY,0.0340,557322.000,2024-07-02 09:25:21.523
ETH,BUY,0.0100,557409.000,2024-07-02 09:25:29.842
ETH,SELL,0.1000,557263.000,2024-07-02 09:34:00.744
ETH,SELL,0.1000,557256.000,2024-07-02 09:34:00.744
ETH,SELL,0.0333,557256.000,2024-07-02 09:34:00.877
ETH,BUY,0.0179,557322.000,2024-07-02 09:35:59.990
ETH,SELL,0.1000,557399.000,2024-07-02 09:37:15.211
ETH,SELL,0.0700,557355.000,2024-07-02 09:37:15.211
ETH,BUY,0.0178,557400.000,2024-07-02 09:42:49.978
ETH,BUY,0.0178,557400.000,2024-07-02 09:42:59.934
ETH,BUY,0.0178,557400.000,2024-07-02 09:43:09.903
ETH,BUY,0.0450,557400.000,2024-07-02 09:44:51.162
ETH,SELL,0.0780,557355.000,2024-07-02 09:45:17.426
ETH,BUY,0.0178,557400.000,2024-07-02 09:45:29.909
ETH,BUY,0.0178,557400.000,2024-07-02 09:45:59.915
ETH,BUY,0.0178,557400.000,2024-07-02 09:46:09.844
ETH,BUY,0.0178,557400.000,2024-07-02 09:46:20.004
ETH,BUY,0.0178,557400.000,2024-07-02 09:46:29.943
ETH,BUY,0.0178,557400.000,2024-07-02 09:46:39.953
ETH,BUY,0.0178,557400.000,2024-07-02 09:46:50.180
ETH,BUY,0.0178,557400.000,2024-07-02 09:47:00.057
ETH,BUY,0.0092,557400.000,2024-07-02 09:47:09.874
ETH,BUY,0.0086,557496.000,2024-07-02 09:47:09.874
ETH,BUY,0.1334,557621.000,2024-07-02 09:51:01.098
ETH,BUY,0.1866,557641.000,2024-07-02 09:51:01.098
ETH,BUY,0.3534,557641.000,2024-07-02 09:51:01.469
ETH,BUY,0.0466,557641.000,2024-07-02 09:51:01.469
ETH,BUY,0.6000,557726.000,2024-07-02 09:53:49.055
ETH,BUY,0.0100,557844.000,2024-07-02 09:56:33.184
ETH,BUY,1.8000,557873.000,2024-07-02 09:58:51.606
ETH,BUY,0.0100,557902.000,2024-07-02 10:01:14.167
ETH,BUY,0.0200,557794.000,2024-07-02 10:04:23.773
ETH,SELL,0.0174,557305.000,2024-07-02 10:06:19.261
ETH,BUY,0.0200,557378.000,2024-07-02 10:06:30.072
ETH,SELL,0.0186,557305.000,2024-07-02 10:09:13.071
ETH,SELL,0.0074,557300.000,2024-07-02 10:09:13.071
ETH,SELL,0.0182,557300.000,2024-07-02 10:09:24.762
ETH,SELL,0.2228,557300.000,2024-07-02 10:09:34.873
ETH,SELL,0.2516,557300.000,2024-07-02 10:09:36.028
ETH,SELL,0.0444,557000.000,2024-07-02 10:09:37.693
ETH,SELL,0.5056,557000.000,2024-07-02 10:09:37.735
ETH,SELL,0.0944,557000.000,2024-07-02 10:09:37.735
ETH,SELL,0.0117,557000.000,2024-07-02 10:10:09.197
ETH,SELL,0.5000,557000.000,2024-07-02 10:10:13.270
ETH,SELL,0.0228,557000.000,2024-07-02 10:10:35.040
ETH,SELL,0.1772,556756.000,2024-07-02 10:10:35.040
ETH,BUY,0.5000,557061.000,2024-07-02 10:14:38.850
ETH,BUY,0.2000,557090.000,2024-07-02 10:16:08.012
ETH,BUY,0.0300,557322.000,2024-07-02 10:17:34.521
ETH,BUY,1.0000,556867.000,2024-07-02 10:17:40.804
ETH,BUY,0.4000,557380.000,2024-07-02 10:17:40.964
ETH,BUY,0.3200,557380.000,2024-07-02 10:17:41.096
ETH,BUY,1.0000,556902.000,2024-07-02 10:17:43.608
ETH,BUY,0.0100,557409.000,2024-07-02 10:17:44.288
ETH,BUY,0.1000,556988.000,2024-07-02 10:17:47.400
ETH,BUY,0.1434,556988.000,2024-07-02 10:17:47.544
ETH,BUY,0.6100,556988.000,2024-07-02 10:17:50.935
ETH,BUY,0.6100,557007.000,2024-07-02 10:17:53.084
ETH,BUY,0.2000,557351.000,2024-07-02 10:17:57.338
ETH,BUY,1.0000,557380.000,2024-07-02 10:18:04.409
ETH,BUY,0.0100,557524.000,2024-07-02 10:20:23.691
ETH,BUY,0.0178,557524.000,2024-07-02 10:22:29.876
ETH,BUY,0.0273,557524.000,2024-07-02 10:22:32.087
ETH,BUY,0.3549,557524.000,2024-07-02 10:22:32.138
ETH,BUY,0.4263,557535.000,2024-07-02 10:22:32.138
ETH,BUY,0.4000,557535.000,2024-07-02 10:22:32.238
ETH,BUY,0.0178,557536.000,2024-07-02 10:22:50.002
ETH,BUY,0.7837,557540.000,2024-07-02 10:23:35.424
ETH,BUY,1.0163,557540.000,2024-07-02 10:23:35.424
ETH,BUY,0.0180,557541.000,2024-07-02 10:23:48.705
ETH,BUY,0.0300,557554.000,2024-07-02 10:33:11.763
ETH,BUY,0.0100,557960.000,2024-07-02 10:40:49.514
ETH,BUY,0.0100,558000.000,2024-07-02 10:40:57.118
ETH,BUY,0.0100,558000.000,2024-07-02 10:41:10.096
ETH,BUY,0.0235,558105.000,2024-07-02 10:41:10.096
ETH,BUY,0.1800,558161.000,2024-07-02 10:41:11.108
ETH,BUY,0.1000,558453.000,2024-07-02 10:41:44.330
ETH,BUY,0.0100,558453.000,2024-07-02 10:41:44.386
ETH,BUY,0.0200,558408.000,2024-07-02 10:42:20.210
ETH,BUY,0.0100,558250.000,2024-07-02 10:43:24.669
ETH,SELL,0.0829,558185.000,2024-07-02 10:44:40.173
ETH,BUY,0.0200,558289.000,2024-07-02 10:52:46.635
ETH,BUY,0.0180,558337.000,2024-07-02 10:56:14.634
ETH,BUY,0.2900,558170.000,2024-07-02 10:58:29.664
ETH,BUY,0.0200,558192.000,2024-07-02 11:05:40.550
ETH,SELL,0.2000,558191.000,2024-07-02 11:12:37.251
ETH,BUY,0.0100,558192.000,2024-07-02 11:13:02.918
ETH,SELL,0.0417,558191.000,2024-07-02 11:13:10.253
ETH,BUY,0.0200,558192.000,2024-07-02 11:15:06.437
ETH,BUY,0.0500,558192.000,2024-07-02 11:20:06.541
ETH,BUY,0.0100,558192.000,2024-07-02 11:23:03.661
ETH,SELL,0.1089,558191.000,2024-07-02 11:24:27.022
ETH,SELL,0.0911,557541.000,2024-07-02 11:24:27.022
ETH,BUY,1.6100,557670.000,2024-07-02 11:24:29.419
ETH,BUY,0.0179,557670.000,2024-07-02 11:24:29.916
ETH,BUY,0.0179,557757.000,2024-07-02 11:24:39.864
ETH,BUY,0.0179,557873.000,2024-07-02 11:25:19.939
ETH,BUY,0.2000,557989.000,2024-07-02 11:26:35.745
ETH,BUY,0.0600,558200.000,2024-07-02 11:30:32.285
ETH,BUY,0.1400,558200.000,2024-07-02 11:30:38.834
ETH,BUY,0.0178,558200.000,2024-07-02 11:30:59.886
ETH,BUY,0.0178,558200.000,2024-07-02 11:31:20.054
ETH,BUY,0.0178,558200.000,2024-07-02 11:31:29.968
ETH,BUY,0.0400,558200.000,2024-07-02 11:31:31.223
ETH,BUY,0.0178,558200.000,2024-07-02 11:31:39.883
ETH,BUY,0.0178,558200.000,2024-07-02 11:31:49.910
ETH,BUY,0.1000,558200.000,2024-07-02 11:37:27.397
ETH,BUY,0.1000,558200.000,2024-07-02 11:39:03.287
ETH,BUY,0.0100,558200.000,2024-07-02 11:41:43.469
ETH,BUY,0.2000,558200.000,2024-07-02 11:42:13.807
ETH,BUY,0.0178,558200.000,2024-07-02 11:42:29.920
ETH,BUY,0.0178,558200.000,2024-07-02 11:42:40.007
ETH,BUY,0.0178,558200.000,2024-07-02 11:43:10.056
ETH,BUY,0.0178,558200.000,2024-07-02 11:43:19.864
ETH,BUY,0.0178,558200.000,2024-07-02 11:43:29.897
ETH,BUY,0.0178,558200.000,2024-07-02 11:43:40.152
ETH,BUY,0.1000,558200.000,2024-07-02 11:43:45.002
ETH,BUY,0.1000,558200.000,2024-07-02 11:43:48.081
ETH,BUY,0.0178,558200.000,2024-07-02 11:44:09.946
ETH,BUY,0.0178,558200.000,2024-07-02 11:44:39.881
ETH,BUY,0.0178,558200.000,2024-07-02 11:44:50.298
ETH,BUY,0.2000,558200.000,2024-07-02 11:45:33.914
ETH,BUY,0.0500,558199.000,2024-07-02 11:46:44.164
ETH,BUY,0.0200,558200.000,2024-07-02 11:48:17.255
ETH,BUY,0.2280,558198.000,2024-07-02 11:51:35.678
ETH,BUY,0.8414,558200.000,2024-07-02 11:51:35.678
ETH,BUY,1.1306,558200.000,2024-07-02 11:51:35.678
ETH,BUY,0.4794,558186.000,2024-07-02 11:54:20.845
ETH,BUY,0.1072,558307.000,2024-07-02 11:54:20.845
ETH,BUY,0.4134,558308.000,2024-07-02 11:54:20.845
ETH,BUY,0.0200,558337.000,2024-07-02 11:57:31.256
ETH,BUY,0.0100,558400.000,2024-07-02 12:00:20.170
ETH,BUY,0.0100,558189.000,2024-07-02 12:06:05.190
ETH,BUY,0.0100,558219.000,2024-07-02 12:06:08.677
ETH,SELL,0.0199,557990.000,2024-07-02 12:08:48.072
ETH,SELL,0.1801,557989.000,2024-07-02 12:08:48.072
ETH,SELL,0.1000,557989.000,2024-07-02 12:08:48.620
ETH,SELL,0.1000,557989.000,2024-07-02 12:08:48.748
ETH,BUY,0.5000,557990.000,2024-07-02 12:09:54.952
ETH,BUY,0.4000,557990.000,2024-07-02 12:09:54.952
ETH,BUY,0.0350,557990.000,2024-07-02 12:11:19.819
ETH,SELL,0.0200,557989.000,2024-07-02 12:11:31.487
ETH,SELL,0.0100,557989.000,2024-07-02 12:11:36.002
ETH,BUY,0.0900,557990.000,2024-07-02 12:12:18.788
ETH,BUY,0.2600,557990.000,2024-07-02 12:12:18.788
ETH,BUY,0.0390,557990.000,2024-07-02 12:14:32.388
ETH,BUY,0.2400,558000.000,2024-07-02 12:14:32.388
ETH,BUY,0.0500,558005.000,2024-07-02 12:14:32.388
ETH,BUY,0.1500,558018.000,2024-07-02 12:14:32.388
ETH,BUY,0.0530,558020.000,2024-07-02 12:15:53.182
ETH,BUY,1.0000,558105.000,2024-07-02 12:19:04.692
ETH,BUY,0.0100,558010.000,2024-07-02 12:20:48.076
ETH,BUY,0.0360,558047.000,2024-07-02 12:21:33.184
ETH,BUY,0.0270,558061.000,2024-07-02 12:24:57.644
ETH,SELL,0.5000,558000.000,2024-07-02 12:26:26.990
ETH,BUY,0.0630,558001.000,2024-07-02 12:26:34.068
ETH,BUY,0.2920,558001.000,2024-07-02 12:26:34.068
ETH,BUY,0.1500,558001.000,2024-07-02 12:26:34.533
ETH,SELL,0.1000,558000.000,2024-07-02 12:26:49.129
ETH,SELL,0.0716,558000.000,2024-07-02 12:29:08.899
ETH,BUY,0.0500,557993.000,2024-07-02 12:31:29.681
ETH,BUY,0.0450,558018.000,2024-07-02 12:31:47.698
ETH,BUY,0.0100,558013.000,2024-07-02 12:32:51.740
ETH,SELL,0.0399,557989.000,2024-07-02 12:32:58.460
ETH,SELL,0.0381,557978.000,2024-07-02 12:32:58.460
ETH,BUY,0.0100,558018.000,2024-07-02 12:37:18.046
ETH,BUY,0.1000,558040.000,2024-07-02 12:37:19.247
ETH,BUY,0.0200,558076.000,2024-07-02 12:39:48.707
ETH,BUY,0.0500,558192.000,2024-07-02 12:40:40.592
ETH,BUY,0.2900,558221.000,2024-07-02 12:42:29.449
ETH,BUY,0.0170,558279.000,2024-07-02 12:43:39.925
ETH,BUY,0.0180,558300.000,2024-07-02 12:44:54.337
ETH,BUY,0.0100,558300.000,2024-07-02 12:45:45.106
ETH,BUY,0.0720,558300.000,2024-07-02 12:46:27.412
ETH,BUY,0.0381,558690.000,2024-07-02 12:46:27.412
ETH,BUY,0.0899,558714.000,2024-07-02 12:46:27.412
ETH,BUY,0.0100,558772.000,2024-07-02 12:47:25.401
ETH,BUY,0.0100,558801.000,2024-07-02 12:47:25.401
ETH,BUY,0.1000,558917.000,2024-07-02 12:47:46.688
ETH,BUY,1.4000,558946.000,2024-07-02 12:47:58.085
ETH,BUY,0.1000,558975.000,2024-07-02 12:48:03.001
ETH,BUY,0.0300,558907.000,2024-07-02 12:48:12.467
ETH,BUY,0.0100,558907.000,2024-07-02 12:48:17.497
ETH,SELL,0.0480,558396.000,2024-07-02 12:49:39.202
ETH,SELL,1.0000,558311.000,2024-07-02 12:49:39.202
ETH,SELL,0.2313,558299.000,2024-07-02 12:49:39.202
ETH,SELL,0.1300,558280.000,2024-07-02 12:49:39.202
ETH,SELL,0.1307,558278.000,2024-07-02 12:49:39.202
ETH,BUY,0.4000,558395.000,2024-07-02 12:50:16.533
ETH,BUY,0.2000,558395.000,2024-07-02 12:50:16.790
ETH,BUY,0.1307,558481.000,2024-07-02 12:50:18.073
ETH,BUY,0.1893,558482.000,2024-07-02 12:50:18.073
ETH,BUY,0.2000,558482.000,2024-07-02 12:50:18.082
ETH,BUY,0.1000,558182.000,2024-07-02 12:53:18.814
ETH,BUY,0.0400,558182.000,2024-07-02 12:53:18.814
ETH,BUY,0.0600,558214.000,2024-07-02 12:53:18.814
ETH,BUY,0.0280,558250.000,2024-07-02 12:55:13.505
ETH,BUY,0.0100,558279.000,2024-07-02 12:56:09.202
ETH,BUY,0.0100,558245.000,2024-07-02 13:00:30.394
ETH,BUY,0.0100,558230.000,2024-07-02 13:03:05.191
ETH,BUY,0.1800,558215.000,2024-07-02 13:04:28.431
ETH,BUY,0.6500,558218.000,2024-07-02 13:04:28.431
ETH,BUY,0.0180,558133.000,2024-07-02 13:08:49.805
ETH,BUY,1.0000,557307.000,2024-07-02 13:11:18.136
ETH,BUY,0.0179,557873.000,2024-07-02 13:11:40.035
ETH,BUY,0.0200,557902.000,2024-07-02 13:11:45.988
ETH,BUY,0.0179,558018.000,2024-07-02 13:12:09.893
ETH,BUY,0.0179,558047.000,2024-07-02 13:14:59.875
ETH,BUY,1.5200,558163.000,2024-07-02 13:21:37.558
ETH,BUY,0.0200,558221.000,2024-07-02 13:22:32.945
ETH,BUY,0.0200,558627.000,2024-07-02 13:26:37.901
ETH,BUY,1.0000,558563.000,2024-07-02 13:33:01.784
ETH,SELL,0.1000,558627.000,2024-07-02 13:33:26.579
ETH,SELL,0.1000,558627.000,2024-07-02 13:33:26.641
ETH,SELL,0.1000,558627.000,2024-07-02 13:33:27.177
ETH,SELL,0.1000,558627.000,2024-07-02 13:33:27.321
ETH,SELL,0.1000,558627.000,2024-07-02 13:33:28.268
ETH,SELL,0.0200,558627.000,2024-07-02 13:33:32.538
ETH,SELL,0.0100,558500.000,2024-07-02 13:33:35.850
ETH,SELL,0.0100,558500.000,2024-07-02 13:33:35.934
ETH,SELL,0.0480,558047.000,2024-07-02 13:33:36.607
ETH,SELL,0.1520,558047.000,2024-07-02 13:33:36.607
ETH,SELL,0.0100,558047.000,2024-07-02 13:33:36.919
ETH,SELL,0.0200,558047.000,2024-07-02 13:33:48.026
ETH,SELL,0.0300,558033.000,2024-07-02 13:33:48.026
ETH,SELL,0.2000,557525.000,2024-07-02 13:33:48.026
ETH,SELL,0.0100,557510.000,2024-07-02 13:33:48.026
ETH,SELL,0.0400,557369.000,2024-07-02 13:33:48.026
ETH,SELL,0.0269,557284.000,2024-07-02 13:33:59.529
ETH,BUY,0.0120,557019.000,2024-07-02 13:34:38.921
ETH,SELL,0.0900,557000.000,2024-07-02 13:36:45.276
ETH,SELL,0.0100,557000.000,2024-07-02 13:36:45.276
ETH,SELL,0.2000,557000.000,2024-07-02 13:36:45.736
ETH,SELL,0.7900,557000.000,2024-07-02 13:36:45.960
ETH,SELL,0.1999,556765.000,2024-07-02 13:36:45.960
ETH,SELL,0.1000,556765.000,2024-07-02 13:36:46.653
ETH,SELL,0.1000,556765.000,2024-07-02 13:37:16.647
ETH,BUY,1.6100,557235.000,2024-07-02 13:38:48.676
ETH,BUY,0.1000,557293.000,2024-07-02 13:40:11.157
ETH,BUY,0.2000,557293.000,2024-07-02 13:41:11.046
ETH,BUY,0.0617,558220.000,2024-07-02 13:43:01.070
ETH,BUY,0.0100,558124.000,2024-07-02 13:43:55.025
ETH,SELL,0.1000,557729.000,2024-07-02 13:44:04.075
ETH,BUY,0.1800,557493.000,2024-07-02 13:45:06.958
ETH,BUY,0.0100,557612.000,2024-07-02 13:45:32.170
ETH,SELL,0.0617,557600.000,2024-07-02 13:46:11.329
ETH,SELL,0.1000,557600.000,2024-07-02 13:46:16.002
ETH,SELL,0.1000,557600.000,2024-07-02 13:46:16.434
ETH,SELL,0.1000,557600.000,2024-07-02 13:46:16.653
ETH,SELL,1.0783,557600.000,2024-07-02 13:46:17.055
ETH,BUY,0.0200,557529.000,2024-07-02 13:49:35.288
ETH,BUY,0.2203,557550.000,2024-07-02 13:49:43.176
ETH,BUY,0.2797,557554.000,2024-07-02 13:49:43.176
ETH,SELL,0.0300,557220.000,2024-07-02 13:50:20.867
ETH,SELL,0.1149,556765.000,2024-07-02 13:51:03.163
ETH,SELL,0.3517,556765.000,2024-07-02 13:51:03.406
ETH,BUY,0.0100,556770.000,2024-07-02 13:51:48.690
ETH,SELL,0.0315,556765.000,2024-07-02 13:54:41.797
ETH,SELL,0.0200,556756.000,2024-07-02 13:54:41.797
ETH,SELL,0.0240,556756.000,2024-07-02 13:54:41.797
ETH,SELL,0.1000,556500.000,2024-07-02 13:54:41.797
ETH,SELL,0.0245,556236.000,2024-07-02 13:54:41.797
ETH,SELL,0.0467,555843.000,2024-07-02 13:55:42.251
ETH,SELL,0.0393,555555.000,2024-07-02 13:55:56.273
ETH,SELL,0.0700,555555.000,2024-07-02 13:55:56.581
ETH,SELL,0.0007,555555.000,2024-07-02 13:55:57.484
ETH,SELL,0.0180,555555.000,2024-07-02 13:55:57.484
ETH,SELL,0.0300,555500.000,2024-07-02 13:55:57.484
ETH,SELL,0.0396,555500.000,2024-07-02 13:55:57.484
ETH,SELL,0.1000,555500.000,2024-07-02 13:55:57.573
ETH,SELL,0.0604,555500.000,2024-07-02 13:55:57.826
ETH,SELL,0.0100,555183.000,2024-07-02 13:55:58.204
ETH,SELL,0.0100,555124.000,2024-07-02 13:55:58.204
ETH,SELL,0.0100,555022.000,2024-07-02 13:55:58.204
ETH,SELL,0.0100,555000.000,2024-07-02 13:55:58.204
ETH,SELL,0.0120,555000.000,2024-07-02 13:55:58.204
ETH,SELL,0.0480,555000.000,2024-07-02 13:55:58.204
ETH,SELL,0.1396,555000.000,2024-07-02 13:55:58.367
ETH,SELL,0.0700,555000.000,2024-07-02 13:55:58.467
ETH,SELL,0.0397,555000.000,2024-07-02 13:55:58.533
ETH,BUY,0.2331,555031.000,2024-07-02 13:57:09.639
ETH,BUY,1.3869,555031.000,2024-07-02 13:57:09.639
ETH,BUY,1.6200,555031.000,2024-07-02 13:57:09.894
ETH,BUY,0.0100,555263.000,2024-07-02 13:57:31.407
ETH,BUY,0.2000,555290.000,2024-07-02 13:58:18.244
ETH,BUY,0.1000,555292.000,2024-07-02 13:58:18.244
ETH,BUY,1.0000,555437.000,2024-07-02 13:59:11.459
ETH,BUY,1.0000,555495.000,2024-07-02 13:59:25.989
ETH,BUY,0.5000,555541.000,2024-07-02 13:59:46.297
ETH,BUY,0.0100,555806.000,2024-07-02 14:00:40.685
ETH,BUY,0.0100,556130.000,2024-07-02 14:00:44.233
ETH,BUY,0.0500,556130.000,2024-07-02 14:00:46.752
ETH,BUY,0.2000,556130.000,2024-07-02 14:00:53.324
ETH,SELL,0.5400,556000.000,2024-07-02 14:01:19.483
ETH,BUY,0.0100,555925.000,2024-07-02 14:04:18.930
ETH,BUY,0.0805,555943.000,2024-07-02 14:04:18.930
ETH,BUY,0.0100,555983.000,2024-07-02 14:04:22.683
ETH,BUY,0.0130,555710.000,2024-07-02 14:08:04.243
ETH,BUY,1.0000,555930.000,2024-07-02 14:09:44.497
ETH,BUY,0.5700,555761.000,2024-07-02 14:10:07.192
ETH,BUY,0.0115,555761.000,2024-07-02 14:10:07.192
ETH,BUY,0.4185,555764.000,2024-07-02 14:10:07.192
ETH,SELL,0.1000,555000.000,2024-07-02 14:10:33.599
ETH,SELL,0.1000,555000.000,2024-07-02 14:10:33.796
ETH,SELL,0.5027,555000.000,2024-07-02 14:10:33.890
ETH,SELL,0.0100,555000.000,2024-07-02 14:10:33.890
ETH,SELL,0.0100,555000.000,2024-07-02 14:10:33.890
ETH,SELL,0.1000,555000.000,2024-07-02 14:10:33.890
ETH,SELL,0.0100,555000.000,2024-07-02 14:10:33.890
ETH,SELL,0.0180,555000.000,2024-07-02 14:10:33.890
ETH,SELL,0.2103,555000.000,2024-07-02 14:10:33.890
ETH,SELL,0.1000,555000.000,2024-07-02 14:10:34.661
ETH,SELL,0.3000,555000.000,2024-07-02 14:10:34.873
ETH,BUY,0.3000,555031.000,2024-07-02 14:10:39.101
ETH,BUY,0.0100,555031.000,2024-07-02 14:10:39.212
ETH,SELL,0.1000,555000.000,2024-07-02 14:10:56.196
ETH,SELL,0.8897,555000.000,2024-07-02 14:10:56.409
ETH,SELL,0.4000,555000.000,2024-07-02 14:10:56.409
ETH,SELL,0.1400,555000.000,2024-07-02 14:10:56.409
ETH,SELL,0.0780,555000.000,2024-07-02 14:10:56.409
ETH,SELL,0.0170,555000.000,2024-07-02 14:10:56.409
ETH,SELL,0.0100,555000.000,2024-07-02 14:10:56.409
ETH,SELL,0.0170,555000.000,2024-07-02 14:10:56.409
ETH,SELL,0.0093,554600.000,2024-07-02 14:10:56.409
ETH,SELL,0.0905,554503.000,2024-07-02 14:10:56.409
ETH,BUY,0.0900,554625.000,2024-07-02 14:10:57.545
ETH,BUY,0.0100,554653.000,2024-07-02 14:11:11.337
ETH,BUY,0.0100,554681.000,2024-07-02 14:11:15.596
ETH,SELL,0.0100,554487.000,2024-07-02 14:12:07.973
ETH,SELL,0.0100,554424.000,2024-07-02 14:12:08.031
ETH,SELL,0.0110,554312.000,2024-07-02 14:12:08.031
ETH,SELL,0.0100,554312.000,2024-07-02 14:12:08.577
ETH,SELL,0.0100,554312.000,2024-07-02 14:12:08.598
ETH,SELL,0.1990,554312.000,2024-07-02 14:12:09.341
ETH,SELL,0.0100,554012.000,2024-07-02 14:13:03.880
ETH,SELL,0.0600,554010.000,2024-07-02 14:13:03.880
ETH,SELL,0.1400,554010.000,2024-07-02 14:13:05.343
ETH,SELL,0.0100,554000.000,2024-07-02 14:13:05.343
ETH,SELL,0.0100,554000.000,2024-07-02 14:13:05.343
ETH,SELL,0.2900,554000.000,2024-07-02 14:13:05.343
ETH,SELL,0.5000,554000.000,2024-07-02 14:13:05.343
ETH,SELL,0.0370,553700.000,2024-07-02 14:13:05.427
ETH,SELL,0.0100,553300.000,2024-07-02 14:13:05.427
ETH,SELL,0.2000,553205.000,2024-07-02 14:13:05.427
ETH,SELL,0.7530,553201.000,2024-07-02 14:13:05.427
ETH,SELL,0.1000,553200.000,2024-07-02 14:13:05.937
ETH,SELL,0.1000,553200.000,2024-07-02 14:13:06.006
ETH,SELL,0.0250,553170.000,2024-07-02 14:13:06.006
ETH,SELL,0.0900,553100.000,2024-07-02 14:13:06.006
ETH,SELL,0.6850,553025.000,2024-07-02 14:13:06.006
ETH,SELL,0.1400,553025.000,2024-07-02 14:13:06.009
ETH,SELL,0.1000,553025.000,2024-07-02 14:13:06.205
ETH,SELL,0.0100,553000.000,2024-07-02 14:13:08.139
ETH,SELL,0.0100,553000.000,2024-07-02 14:13:08.139
ETH,SELL,0.4800,553000.000,2024-07-02 14:13:08.139
ETH,SELL,0.0200,553000.000,2024-07-02 14:13:08.142
ETH,SELL,0.0100,553000.000,2024-07-02 14:13:08.142
ETH,SELL,0.3200,553000.000,2024-07-02 14:13:08.372
ETH,SELL,0.0100,553000.000,2024-07-02 14:13:08.602
ETH,SELL,0.0100,553029.000,2024-07-02 14:13:09.058
ETH,BUY,1.0000,553378.000,2024-07-02 14:13:18.580
ETH,BUY,0.2000,553465.000,2024-07-02 14:13:25.467
ETH,BUY,0.2000,553665.000,2024-07-02 14:13:33.843
ETH,BUY,0.1300,553697.000,2024-07-02 14:13:38.418
ETH,BUY,0.0500,553726.000,2024-07-02 14:13:44.595
ETH,BUY,0.0200,553755.000,2024-07-02 14:13:54.804
ETH,BUY,0.2000,553780.000,2024-07-02 14:14:31.356
ETH,BUY,0.8000,553813.000,2024-07-02 14:14:31.356
ETH,SELL,0.2000,553055.000,2024-07-02 14:15:04.805
ETH,SELL,0.0100,553050.000,2024-07-02 14:15:05.064
ETH,SELL,0.0100,553088.000,2024-07-02 14:15:49.163
ETH,SELL,0.0900,553050.000,2024-07-02 14:15:49.163
ETH,SELL,0.3719,553050.000,2024-07-02 14:15:49.990
ETH,SELL,0.2000,553050.000,2024-07-02 14:15:50.336
ETH,SELL,0.1000,553050.000,2024-07-02 14:15:50.832
ETH,SELL,0.7281,553050.000,2024-07-02 14:15:51.187
ETH,SELL,0.2000,553000.000,2024-07-02 14:15:51.838
ETH,SELL,0.0250,552502.000,2024-07-02 14:16:18.403
ETH,SELL,0.0100,552500.000,2024-07-02 14:16:18.403
ETH,SELL,0.2650,552358.000,2024-07-02 14:16:18.403
ETH,BUY,0.2000,552508.000,2024-07-02 14:16:31.132
ETH,BUY,1.0000,552595.000,2024-07-02 14:17:01.944
ETH,BUY,0.2000,552943.000,2024-07-02 14:18:43.959
ETH,BUY,0.0490,553088.000,2024-07-02 14:18:45.417
ETH,BUY,0.0700,553146.000,2024-07-02 14:19:04.007
ETH,BUY,0.2000,553065.000,2024-07-02 14:22:19.854
ETH,BUY,0.2800,553069.000,2024-07-02 14:22:19.854
ETH,SELL,1.6900,552608.000,2024-07-02 14:22:45.115
ETH,SELL,1.8000,552605.000,2024-07-02 14:22:45.115
ETH,SELL,1.6200,552570.000,2024-07-02 14:22:45.115
ETH,SELL,1.6200,552570.000,2024-07-02 14:22:45.115
ETH,SELL,1.0000,552569.000,2024-07-02 14:22:45.115
ETH,SELL,1.0000,552564.000,2024-07-02 14:22:45.115
ETH,SELL,0.0930,552388.000,2024-07-02 14:22:45.115
ETH,SELL,0.4770,552387.000,2024-07-02 14:22:45.115
ETH,BUY,0.4000,552517.000,2024-07-02 14:22:50.265
ETH,BUY,0.0700,552517.000,2024-07-02 14:22:50.307
ETH,BUY,0.0100,552517.000,2024-07-02 14:22:50.308
ETH,BUY,0.0847,552517.000,2024-07-02 14:22:50.615
ETH,BUY,0.0279,552579.000,2024-07-02 14:22:50.997
ETH,BUY,0.0100,552579.000,2024-07-02 14:22:51.441
ETH,BUY,0.2778,552579.000,2024-07-02 14:22:52.133
ETH,BUY,0.2000,552622.000,2024-07-02 14:23:01.795
ETH,SELL,0.5000,552711.000,2024-07-02 14:23:18.406
ETH,SELL,0.0100,552647.000,2024-07-02 14:24:03.181
ETH,SELL,0.4900,552621.000,2024-07-02 14:24:03.181
ETH,BUY,0.1000,552622.000,2024-07-02 14:24:28.196
ETH,BUY,0.3000,552622.000,2024-07-02 14:24:28.196
ETH,SELL,0.0912,552621.000,2024-07-02 14:24:52.981
ETH,SELL,0.1400,552621.000,2024-07-02 14:24:52.981
ETH,SELL,0.1000,552407.000,2024-07-02 14:24:52.981
ETH,SELL,0.1688,552407.000,2024-07-02 14:24:52.981
ETH,BUY,0.0500,552620.000,2024-07-02 14:25:33.641
ETH,BUY,0.1176,552532.000,2024-07-02 14:26:01.517
ETH,BUY,0.0400,552794.000,2024-07-02 14:26:35.269
ETH,BUY,0.0074,552794.000,2024-07-02 14:26:35.430
ETH,BUY,0.0400,553010.000,2024-07-02 14:26:35.430
ETH,BUY,0.0700,553172.000,2024-07-02 14:26:35.691
ETH,BUY,0.0474,553080.000,2024-07-02 14:26:38.748
ETH,BUY,0.1600,553375.000,2024-07-02 14:26:39.437
ETH,BUY,0.0400,553377.000,2024-07-02 14:26:39.437
ETH,BUY,0.0300,553377.000,2024-07-02 14:26:40.075
ETH,BUY,0.0100,553377.000,2024-07-02 14:26:40.176
ETH,BUY,0.0100,553376.000,2024-07-02 14:26:40.672
ETH,BUY,0.0180,553377.000,2024-07-02 14:26:59.965
ETH,BUY,0.0180,553377.000,2024-07-02 14:27:09.871
ETH,BUY,0.0180,553377.000,2024-07-02 14:27:29.829
ETH,BUY,0.0180,553377.000,2024-07-02 14:27:39.976
ETH,BUY,0.0180,553377.000,2024-07-02 14:27:49.855
ETH,BUY,0.0180,553377.000,2024-07-02 14:27:59.864
ETH,BUY,0.0180,553377.000,2024-07-02 14:28:09.800
ETH,BUY,0.0180,553377.000,2024-07-02 14:28:49.913
ETH,BUY,0.0180,553377.000,2024-07-02 14:28:59.870
ETH,BUY,0.0700,553377.000,2024-07-02 14:29:02.403
ETH,BUY,0.1650,553377.000,2024-07-02 14:29:02.964
ETH,BUY,0.0350,553407.000,2024-07-02 14:29:02.964
ETH,BUY,0.0180,553459.000,2024-07-02 14:29:09.934
ETH,BUY,0.5000,553812.000,2024-07-02 14:29:14.883
ETH,BUY,0.3449,553739.000,2024-07-02 14:30:38.653
ETH,BUY,0.1551,553763.000,2024-07-02 14:30:38.653
ETH,BUY,0.0600,553871.000,2024-07-02 14:31:23.451
ETH,BUY,0.0200,553019.000,2024-07-02 14:32:31.472
ETH,SELL,0.0999,553018.000,2024-07-02 14:32:32.430
ETH,BUY,0.0400,553029.000,2024-07-02 14:34:07.423
ETH,BUY,0.0140,553083.000,2024-07-02 14:34:17.686
ETH,SELL,0.5000,552640.000,2024-07-02 14:35:51.805
ETH,SELL,0.0450,552600.000,2024-07-02 14:35:51.805
ETH,SELL,0.0200,552500.000,2024-07-02 14:35:51.805
ETH,SELL,0.2000,552360.000,2024-07-02 14:35:51.805
ETH,SELL,0.2350,552358.000,2024-07-02 14:35:51.805
ETH,SELL,0.4183,552163.000,2024-07-02 14:35:51.892
ETH,SELL,0.1100,552163.000,2024-07-02 14:35:51.894
ETH,SELL,0.4717,552163.000,2024-07-02 14:35:52.035
ETH,SELL,0.0283,552100.000,2024-07-02 14:35:52.035
ETH,SELL,0.0700,552100.000,2024-07-02 14:35:52.110
ETH,SELL,0.0500,552100.000,2024-07-02 14:35:52.185
ETH,SELL,0.2000,552100.000,2024-07-02 14:35:52.709
ETH,SELL,0.1779,552100.000,2024-07-02 14:35:52.985
ETH,SELL,0.9338,552100.000,2024-07-02 14:35:54.555
ETH,SELL,0.0500,552000.000,2024-07-02 14:35:55.011
ETH,SELL,0.0100,552000.000,2024-07-02 14:35:55.011
ETH,SELL,0.0100,552000.000,2024-07-02 14:35:55.011
ETH,SELL,0.0300,552000.000,2024-07-02 14:35:55.011
ETH,SELL,1.2700,552000.000,2024-07-02 14:35:55.656
ETH,BUY,0.0543,551931.000,2024-07-02 14:36:11.963
ETH,SELL,0.0100,551930.000,2024-07-02 14:36:15.072
ETH,SELL,0.0683,551241.000,2024-07-02 14:37:02.374
ETH,SELL,0.0200,551240.000,2024-07-02 14:37:02.374
ETH,SELL,1.4917,551200.000,2024-07-02 14:37:02.374
ETH,SELL,0.0083,551200.000,2024-07-02 14:37:02.567
ETH,SELL,0.0100,551000.000,2024-07-02 14:37:02.567
ETH,SELL,0.0017,551000.000,2024-07-02 14:37:02.567
ETH,SELL,0.0083,551000.000,2024-07-02 14:37:02.870
ETH,SELL,0.0617,550675.000,2024-07-02 14:37:02.870
ETH,SELL,0.1383,550675.000,2024-07-02 14:37:02.945
ETH,SELL,1.0000,550586.000,2024-07-02 14:37:02.945
ETH,SELL,0.0980,550500.000,2024-07-02 14:37:02.945
ETH,SELL,0.0370,550100.000,2024-07-02 14:37:02.945
ETH,SELL,0.2347,550080.000,2024-07-02 14:37:02.945
ETH,SELL,0.5774,550059.000,2024-07-02 14:37:02.945
ETH,SELL,0.3146,550040.000,2024-07-02 14:37:02.945
ETH,SELL,0.0300,550040.000,2024-07-02 14:37:03.140
ETH,SELL,0.0100,550164.000,2024-07-02 14:37:03.577
ETH,SELL,0.0100,550164.000,2024-07-02 14:37:03.708
ETH,SELL,0.1000,550041.000,2024-07-02 14:37:04.641
ETH,SELL,0.0651,550041.000,2024-07-02 14:37:04.887
ETH,SELL,0.1349,550040.000,2024-07-02 14:37:04.887
ETH,SELL,0.4800,550111.000,2024-07-02 14:37:05.395
ETH,BUY,0.1000,550154.000,2024-07-02 14:37:07.933
ETH,BUY,0.0201,550154.000,2024-07-02 14:37:07.933
ETH,BUY,0.3799,550154.000,2024-07-02 14:37:07.933
ETH,SELL,0.0205,550040.000,2024-07-02 14:37:27.404
ETH,SELL,0.0300,550016.000,2024-07-02 14:37:27.404
ETH,SELL,0.0100,550000.000,2024-07-02 14:37:27.404
ETH,SELL,0.0200,550000.000,2024-07-02 14:37:27.404
ETH,SELL,0.0500,550000.000,2024-07-02 14:37:27.404
ETH,SELL,0.0300,550000.000,2024-07-02 14:37:27.404
ETH,SELL,0.0395,550000.000,2024-07-02 14:37:27.404
ETH,SELL,0.0505,550000.000,2024-07-02 14:37:27.490
ETH,SELL,1.0000,550000.000,2024-07-02 14:37:27.490
ETH,SELL,0.0500,550000.000,2024-07-02 14:37:27.490
ETH,SELL,0.1000,550000.000,2024-07-02 14:37:27.490
ETH,SELL,0.1000,550000.000,2024-07-02 14:37:27.490
ETH,SELL,0.1000,550000.000,2024-07-02 14:37:27.490
ETH,SELL,0.0200,550000.000,2024-07-02 14:37:27.490
ETH,SELL,0.0100,550000.000,2024-07-02 14:37:27.490
ETH,SELL,0.0100,550000.000,2024-07-02 14:37:27.490
ETH,SELL,0.0100,550000.000,2024-07-02 14:37:27.490
ETH,SELL,0.1800,550000.000,2024-07-02 14:37:27.490
ETH,SELL,0.0121,550000.000,2024-07-02 14:37:27.490
ETH,SELL,0.2000,550000.000,2024-07-02 14:37:27.490
ETH,SELL,0.0100,550000.000,2024-07-02 14:37:27.490
ETH,SELL,0.0300,550000.000,2024-07-02 14:37:27.490
ETH,SELL,0.0200,550000.000,2024-07-02 14:37:27.490
ETH,SELL,0.0500,550000.000,2024-07-02 14:37:27.490
ETH,SELL,0.9994,550000.000,2024-07-02 14:37:27.490
ETH,SELL,0.0006,550000.000,2024-07-02 14:37:27.597
ETH,SELL,0.4000,550000.000,2024-07-02 14:37:27.597
ETH,SELL,0.0500,550000.000,2024-07-02 14:37:27.597
ETH,SELL,0.0494,550000.000,2024-07-02 14:37:27.597
ETH,BUY,0.0500,550004.000,2024-07-02 14:39:15.297
ETH,SELL,0.0506,550000.000,2024-07-02 14:39:20.873
ETH,SELL,0.0100,550000.000,2024-07-02 14:39:20.873
ETH,SELL,0.1000,549990.000,2024-07-02 14:39:22.348
ETH,BUY,0.0100,549991.000,2024-07-02 14:39:40.435
ETH,BUY,0.0100,550302.000,2024-07-02 14:40:14.369
ETH,SELL,1.2900,550128.000,2024-07-02 14:40:14.574
ETH,SELL,0.1000,550127.000,2024-07-02 14:40:14.574
ETH,SELL,0.5300,549996.000,2024-07-02 14:40:14.574
ETH,SELL,0.9552,549996.000,2024-07-02 14:40:14.574
ETH,SELL,0.4000,549990.000,2024-07-02 14:40:14.574
ETH,SELL,0.2000,549990.000,2024-07-02 14:40:14.574
ETH,SELL,0.1000,549830.000,2024-07-02 14:40:14.574
ETH,SELL,1.0000,549830.000,2024-07-02 14:40:14.574
ETH,SELL,1.0000,549829.000,2024-07-02 14:40:14.574
ETH,SELL,0.5458,549648.000,2024-07-02 14:40:14.574
ETH,SELL,0.5798,549614.000,2024-07-02 14:40:14.574
ETH,SELL,0.2000,549550.000,2024-07-02 14:40:14.574
ETH,SELL,0.0100,549446.000,2024-07-02 14:40:14.574
ETH,SELL,0.2000,549400.000,2024-07-02 14:40:14.574
ETH,SELL,0.0100,549282.000,2024-07-02 14:40:14.574
ETH,SELL,0.0100,549258.000,2024-07-02 14:40:14.574
ETH,SELL,0.0146,549174.000,2024-07-02 14:40:14.574
ETH,SELL,1.8546,549144.000,2024-07-02 14:40:14.574
ETH,BUY,0.0456,549912.000,2024-07-02 14:40:16.338
ETH,BUY,0.1000,549912.000,2024-07-02 14:40:18.013
ETH,BUY,0.2566,549912.000,2024-07-02 14:40:18.176
ETH,BUY,0.0322,549912.000,2024-07-02 14:40:18.469
ETH,BUY,0.1900,549421.000,2024-07-02 14:41:34.606
ETH,BUY,0.0181,549612.000,2024-07-02 14:41:40.116
ETH,BUY,0.1000,549738.000,2024-07-02 14:41:46.297
ETH,BUY,0.0450,549738.000,2024-07-02 14:41:47.251
ETH,BUY,0.0100,549900.000,2024-07-02 14:42:11.436
ETH,BUY,0.2000,549878.000,2024-07-02 14:42:24.109
ETH,BUY,0.0181,549270.000,2024-07-02 14:42:29.892
ETH,BUY,0.0181,549465.000,2024-07-02 14:42:39.955
ETH,BUY,0.0181,549670.000,2024-07-02 14:42:49.954
ETH,BUY,0.0181,549670.000,2024-07-02 14:42:59.969
ETH,BUY,0.2000,549781.000,2024-07-02 14:43:05.136
ETH,BUY,0.0700,549781.000,2024-07-02 14:43:05.574
ETH,BUY,0.0300,549867.000,2024-07-02 14:43:08.019
ETH,BUY,0.0180,549867.000,2024-07-02 14:43:29.888
ETH,BUY,0.0300,549803.000,2024-07-02 14:43:39.717
ETH,BUY,0.4000,549803.000,2024-07-02 14:43:39.718
ETH,BUY,0.0100,549803.000,2024-07-02 14:43:39.985
ETH,BUY,0.3200,549803.000,2024-07-02 14:43:40.073
ETH,BUY,0.0100,549803.000,2024-07-02 14:43:40.124
ETH,BUY,0.2000,549803.000,2024-07-02 14:43:40.511
ETH,BUY,0.0300,549803.000,2024-07-02 14:43:42.404
ETH,BUY,0.2900,549867.000,2024-07-02 14:43:42.404
ETH,BUY,0.0100,549866.000,2024-07-02 14:43:43.143
ETH,BUY,0.4000,549866.000,2024-07-02 14:43:43.495
ETH,BUY,0.1600,549866.000,2024-07-02 14:43:44.745
ETH,BUY,0.0300,549867.000,2024-07-02 14:43:46.537
ETH,BUY,0.0200,549867.000,2024-07-02 14:43:47.083
ETH,BUY,0.0500,549867.000,2024-07-02 14:43:47.084
ETH,BUY,0.1000,549867.000,2024-07-02 14:43:47.354
ETH,BUY,0.0417,549867.000,2024-07-02 14:43:47.504
ETH,BUY,0.3583,550051.000,2024-07-02 14:43:47.504
ETH,BUY,0.0100,550051.000,2024-07-02 14:43:48.125
ETH,BUY,0.1000,550051.000,2024-07-02 14:43:48.277
ETH,BUY,0.1000,550051.000,2024-07-02 14:43:48.339
ETH,BUY,0.2700,550158.000,2024-07-02 14:43:49.323
ETH,BUY,0.0181,550158.000,2024-07-02 14:43:49.874
ETH,BUY,0.1000,550202.000,2024-07-02 14:43:51.683
ETH,BUY,0.0700,549833.000,2024-07-02 14:44:38.459
ETH,BUY,0.0700,549840.000,2024-07-02 14:44:38.779
ETH,BUY,0.0181,549835.000,2024-07-02 14:44:39.879
ETH,BUY,0.0180,549840.000,2024-07-02 14:44:49.875
ETH,BUY,0.0172,549955.000,2024-07-02 14:44:50.506
ETH,BUY,0.0181,549899.000,2024-07-02 14:45:19.914
ETH,BUY,0.0181,550030.000,2024-07-02 14:45:22.482
ETH,SELL,0.1000,550451.000,2024-07-02 14:47:36.334
ETH,SELL,0.9247,550163.000,2024-07-02 14:47:36.334
ETH,SELL,1.0000,550050.000,2024-07-02 14:47:36.334
ETH,SELL,0.5755,549999.000,2024-07-02 14:47:36.334
ETH,SELL,0.3998,549998.000,2024-07-02 14:47:36.334
ETH,BUY,0.2000,550046.000,2024-07-02 14:47:37.912
ETH,BUY,0.2000,550046.000,2024-07-02 14:47:38.175
ETH,BUY,0.1000,550046.000,2024-07-02 14:47:38.955
ETH,BUY,0.5000,550046.000,2024-07-02 14:47:39.133
ETH,BUY,0.0181,550050.000,2024-07-02 14:47:39.908
ETH,BUY,0.0995,550095.000,2024-07-02 14:47:41.377
ETH,BUY,0.2005,550100.000,2024-07-02 14:47:41.377
ETH,BUY,0.0181,550005.000,2024-07-02 14:47:49.842
ETH,BUY,0.0181,549982.000,2024-07-02 14:47:59.976
ETH,BUY,0.1000,549982.000,2024-07-02 14:48:00.694
ETH,BUY,0.1000,549985.000,2024-07-02 14:48:01.595
ETH,BUY,0.0181,549996.000,2024-07-02 14:48:09.983
ETH,BUY,0.1000,549996.000,2024-07-02 14:48:11.994
ETH,BUY,0.2000,549996.000,2024-07-02 14:48:12.218
ETH,BUY,0.6000,550112.000,2024-07-02 14:48:13.403
ETH,BUY,0.0181,550066.000,2024-07-02 14:48:20.078
ETH,BUY,0.0181,550273.000,2024-07-02 14:48:29.887
ETH,BUY,0.0181,550312.000,2024-07-02 14:48:49.934
ETH,BUY,0.0100,550158.000,2024-07-02 14:49:02.659
ETH,BUY,0.2000,550332.000,2024-07-02 14:49:38.831
ETH,BUY,0.1600,550332.000,2024-07-02 14:49:39.078
ETH,BUY,0.4000,550332.000,2024-07-02 14:49:39.079
ETH,BUY,0.0181,550347.000,2024-07-02 14:49:39.957
ETH,BUY,0.0100,550820.000,2024-07-02 14:50:52.441
ETH,BUY,0.0719,550820.000,2024-07-02 14:50:52.442
ETH,BUY,0.3281,550888.000,2024-07-02 14:50:52.442
ETH,BUY,0.0100,550888.000,2024-07-02 14:50:58.276
ETH,BUY,0.0100,550664.000,2024-07-02 14:51:25.405
ETH,BUY,0.0100,550767.000,2024-07-02 14:52:18.489
ETH,BUY,0.0199,550609.000,2024-07-02 14:52:31.749
ETH,BUY,0.0181,550538.000,2024-07-02 14:52:39.964
ETH,BUY,0.0181,550358.000,2024-07-02 14:52:49.957
ETH,BUY,0.0100,550592.000,2024-07-02 14:52:57.584
ETH,BUY,0.0181,550610.000,2024-07-02 14:52:59.890
ETH,BUY,0.0181,550626.000,2024-07-02 14:53:00.480
ETH,BUY,0.0181,550624.000,2024-07-02 14:53:09.857
ETH,BUY,0.0181,550623.000,2024-07-02 14:53:19.954
ETH,BUY,0.7905,550623.000,2024-07-02 14:53:23.658
ETH,BUY,0.2095,550624.000,2024-07-02 14:53:23.658
ETH,BUY,0.4000,550713.000,2024-07-02 14:53:24.108
ETH,BUY,0.2000,550664.000,2024-07-02 14:53:35.604
ETH,BUY,0.1000,550670.000,2024-07-02 14:53:37.349
ETH,BUY,0.0181,550540.000,2024-07-02 14:53:59.831
ETH,BUY,0.1000,550540.000,2024-07-02 14:54:11.765
ETH,BUY,0.2000,550540.000,2024-07-02 14:54:12.005
ETH,BUY,0.1000,550540.000,2024-07-02 14:54:12.732
ETH,BUY,0.3000,550688.000,2024-07-02 14:54:13.670
ETH,BUY,0.0100,550704.000,2024-07-02 14:54:16.508
ETH,BUY,0.0181,550629.000,2024-07-02 14:57:00.079
ETH,BUY,0.0181,550446.000,2024-07-02 14:57:09.862
ETH,BUY,0.0181,550538.000,2024-07-02 14:57:19.889
ETH,BUY,0.1875,550724.000,2024-07-02 14:57:31.400
ETH,BUY,0.1000,550898.000,2024-07-02 14:57:33.246
ETH,BUY,0.1000,550673.000,2024-07-02 14:57:35.670
ETH,BUY,0.6000,550673.000,2024-07-02 14:57:36.019
ETH,BUY,0.0181,550634.000,2024-07-02 14:59:19.874
ETH,BUY,0.0108,550820.000,2024-07-02 14:59:37.509
ETH,BUY,0.0287,550854.000,2024-07-02 14:59:38.557
ETH,BUY,0.0421,550859.000,2024-07-02 14:59:42.135
ETH,BUY,0.0500,550861.000,2024-07-02 14:59:42.920
ETH,BUY,0.5000,550575.000,2024-07-02 15:00:06.808
ETH,BUY,0.3000,550575.000,2024-07-02 15:00:40.407
ETH,BUY,0.0181,550429.000,2024-07-02 15:01:29.965
ETH,BUY,0.2592,550558.000,2024-07-02 15:01:32.063
ETH,BUY,0.1000,550629.000,2024-07-02 15:01:35.572
ETH,BUY,0.0181,550743.000,2024-07-02 15:01:39.985
ETH,BUY,0.0181,550880.000,2024-07-02 15:01:59.928
ETH,BUY,0.6142,550883.000,2024-07-02 15:02:02.790
ETH,BUY,0.3858,550884.000,2024-07-02 15:02:02.790
ETH,BUY,1.0316,550889.000,2024-07-02 15:02:04.514
ETH,BUY,0.0698,550892.000,2024-07-02 15:02:04.610
ETH,BUY,0.2084,551028.000,2024-07-02 15:02:05.130
ETH,BUY,0.2416,551029.000,2024-07-02 15:02:05.130
ETH,BUY,0.0598,551058.000,2024-07-02 15:02:07.806
ETH,BUY,0.0100,550835.000,2024-07-02 15:03:15.095
ETH,BUY,0.0100,550871.000,2024-07-02 15:03:15.455
ETH,BUY,0.0100,550871.000,2024-07-02 15:03:15.817
ETH,BUY,0.0100,550871.000,2024-07-02 15:03:16.198
ETH,BUY,0.0100,550871.000,2024-07-02 15:03:16.598
ETH,BUY,0.0100,550871.000,2024-07-02 15:03:16.975
ETH,BUY,0.9500,550871.000,2024-07-02 15:03:17.065
ETH,BUY,0.0500,551280.000,2024-07-02 15:03:17.065
ETH,BUY,0.0100,551280.000,2024-07-02 15:03:17.326
ETH,BUY,0.0100,551280.000,2024-07-02 15:03:17.684
ETH,BUY,0.0100,551280.000,2024-07-02 15:03:18.071
ETH,BUY,0.0100,551017.000,2024-07-02 15:03:18.457
ETH,BUY,0.0100,551017.000,2024-07-02 15:03:18.827
ETH,BUY,0.0100,551017.000,2024-07-02 15:03:19.240
ETH,BUY,0.0100,551017.000,2024-07-02 15:03:19.593
ETH,BUY,0.0100,551017.000,2024-07-02 15:03:19.969
ETH,BUY,0.0100,551017.000,2024-07-02 15:03:20.324
ETH,BUY,0.0100,551017.000,2024-07-02 15:03:20.720
ETH,BUY,0.0100,551017.000,2024-07-02 15:03:20.815
ETH,BUY,0.0100,551017.000,2024-07-02 15:03:20.916
ETH,BUY,0.0100,551017.000,2024-07-02 15:03:21.019
ETH,BUY,0.0100,551017.000,2024-07-02 15:03:21.104
ETH,BUY,0.0100,551017.000,2024-07-02 15:03:21.223
ETH,BUY,0.0100,551017.000,2024-07-02 15:03:21.312
ETH,BUY,0.0100,551017.000,2024-07-02 15:03:21.403
ETH,BUY,0.0100,551091.000,2024-07-02 15:03:21.554
ETH,BUY,0.0100,551091.000,2024-07-02 15:03:21.627
ETH,BUY,0.0100,551091.000,2024-07-02 15:03:21.728
ETH,BUY,0.0100,551091.000,2024-07-02 15:03:21.847
ETH,BUY,0.0100,551091.000,2024-07-02 15:03:21.963
ETH,BUY,0.0100,551091.000,2024-07-02 15:03:22.124
ETH,BUY,0.0100,551091.000,2024-07-02 15:03:22.239
ETH,BUY,0.0100,551091.000,2024-07-02 15:03:22.337
ETH,BUY,0.0100,551091.000,2024-07-02 15:03:22.436
ETH,BUY,0.0100,551091.000,2024-07-02 15:03:22.560
ETH,BUY,0.0100,551091.000,2024-07-02 15:03:22.690
ETH,BUY,0.0100,551091.000,2024-07-02 15:03:22.775
ETH,BUY,0.0100,551091.000,2024-07-02 15:03:22.860
ETH,BUY,0.0100,551091.000,2024-07-02 15:03:22.955
ETH,BUY,0.0200,551132.000,2024-07-02 15:03:40.121
ETH,BUY,1.0000,551145.000,2024-07-02 15:04:30.622
ETH,BUY,0.0100,551145.000,2024-07-02 15:04:45.114
ETH,BUY,0.1000,551171.000,2024-07-02 15:07:37.270
ETH,BUY,0.0100,551261.000,2024-07-02 15:08:04.262
ETH,BUY,0.0100,551259.000,2024-07-02 15:08:07.414
ETH,BUY,0.0200,551290.000,2024-07-02 15:08:11.198
ETH,BUY,0.0179,550910.000,2024-07-02 15:08:19.856
ETH,BUY,0.0180,550934.000,2024-07-02 15:08:29.947
ETH,BUY,1.0000,550992.000,2024-07-02 15:08:32.802
ETH,BUY,0.9995,551033.000,2024-07-02 15:08:35.424
ETH,BUY,0.0181,551153.000,2024-07-02 15:08:39.877
ETH,BUY,0.0181,551174.000,2024-07-02 15:08:49.863
ETH,BUY,0.5000,551696.000,2024-07-02 15:10:16.749
ETH,BUY,0.0450,551612.000,2024-07-02 15:14:23.404
ETH,BUY,0.0450,551582.000,2024-07-02 15:15:31.661
ETH,BUY,0.9550,551582.000,2024-07-02 15:15:31.661
ETH,BUY,0.0700,551600.000,2024-07-02 15:17:11.845
ETH,BUY,0.0100,551588.000,2024-07-02 15:17:36.971
ETH,BUY,0.0100,551428.000,2024-07-02 15:18:42.629
ETH,BUY,0.0100,551509.000,2024-07-02 15:18:46.716
ETH,BUY,0.1000,551509.000,2024-07-02 15:19:18.502
ETH,BUY,0.0100,551507.000,2024-07-02 15:22:16.853
ETH,BUY,0.1000,551841.000,2024-07-02 15:24:24.129
ETH,BUY,0.0100,551869.000,2024-07-02 15:24:46.998
ETH,SELL,0.0127,551507.000,2024-07-02 15:28:38.976
ETH,SELL,0.0538,551507.000,2024-07-02 15:28:38.976
ETH,BUY,0.0100,551515.000,2024-07-02 15:28:49.787
ETH,BUY,0.1000,551508.000,2024-07-02 15:30:49.460
ETH,SELL,0.3462,551507.000,2024-07-02 15:31:30.924
ETH,SELL,0.6538,551391.000,2024-07-02 15:31:30.924
ETH,BUY,0.3501,551381.000,2024-07-02 15:34:12.996
ETH,BUY,0.6499,551381.000,2024-07-02 15:34:12.996
ETH,BUY,1.0000,550592.000,2024-07-02 15:34:47.250
ETH,BUY,0.0181,550604.000,2024-07-02 15:34:49.924
ETH,BUY,0.9819,550604.000,2024-07-02 15:34:50.003
ETH,BUY,0.6300,550672.000,2024-07-02 15:34:55.925
ETH,BUY,0.3700,550672.000,2024-07-02 15:34:56.217
ETH,BUY,0.1985,550688.000,2024-07-02 15:34:58.187
ETH,BUY,0.2800,550688.000,2024-07-02 15:34:59.447
ETH,BUY,0.0181,550688.000,2024-07-02 15:34:59.876
ETH,BUY,0.0200,551108.000,2024-07-02 15:35:02.071
ETH,BUY,1.0000,550788.000,2024-07-02 15:35:24.403
ETH,BUY,0.0900,550817.000,2024-07-02 15:35:29.570
ETH,BUY,1.0000,550871.000,2024-07-02 15:35:43.713
ETH,BUY,0.2000,551197.000,2024-07-02 15:36:37.325
ETH,BUY,0.5999,551197.000,2024-07-02 15:36:39.632
ETH,BUY,0.3000,551265.000,2024-07-02 15:36:43.500
ETH,BUY,1.0000,551306.000,2024-07-02 15:36:48.793
ETH,BUY,0.0100,551837.000,2024-07-02 15:37:36.594
ETH,BUY,0.2000,551913.000,2024-07-02 15:38:41.893
ETH,BUY,0.2000,551913.000,2024-07-02 15:38:42.045
ETH,BUY,0.2000,551913.000,2024-07-02 15:38:42.087
ETH,BUY,0.0204,551913.000,2024-07-02 15:38:42.491
ETH,BUY,0.3000,551913.000,2024-07-02 15:38:42.820
ETH,BUY,0.0999,551756.000,2024-07-02 15:38:43.187
ETH,BUY,0.2000,551756.000,2024-07-02 15:38:44.127
ETH,BUY,0.2000,551756.000,2024-07-02 15:38:44.227
ETH,BUY,0.3000,551756.000,2024-07-02 15:38:44.322
ETH,BUY,0.2001,551756.000,2024-07-02 15:38:44.510
ETH,BUY,0.0100,551918.000,2024-07-02 15:38:44.785
ETH,BUY,0.1000,552000.000,2024-07-02 15:38:44.785
ETH,BUY,0.2000,552377.000,2024-07-02 15:38:45.007
ETH,BUY,0.1900,552377.000,2024-07-02 15:38:45.235
ETH,BUY,0.0200,552249.000,2024-07-02 15:39:05.396
ETH,BUY,0.3900,551940.000,2024-07-02 15:39:11.131
ETH,BUY,0.6100,551940.000,2024-07-02 15:39:11.132
ETH,BUY,0.0100,552305.000,2024-07-02 15:39:17.738
ETH,SELL,0.0200,551866.000,2024-07-02 15:42:38.216
ETH,BUY,0.0800,551925.000,2024-07-02 15:42:56.889
ETH,BUY,0.0180,551935.000,2024-07-02 15:42:59.886
ETH,BUY,0.0400,552218.000,2024-07-02 15:43:50.705
ETH,SELL,0.1000,552026.000,2024-07-02 15:46:20.573
ETH,BUY,1.0000,551897.000,2024-07-02 15:47:15.161
ETH,BUY,0.0180,551934.000,2024-07-02 15:47:19.884
ETH,BUY,0.0200,552449.000,2024-07-02 15:48:18.915
ETH,SELL,0.2000,552326.000,2024-07-02 15:49:41.236
ETH,SELL,0.1000,552327.000,2024-07-02 15:49:42.671
ETH,SELL,0.1000,552325.000,2024-07-02 15:49:53.504
ETH,BUY,1.0000,552421.000,2024-07-02 15:54:23.247
ETH,SELL,0.2000,552325.000,2024-07-02 15:55:13.357
ETH,SELL,0.0730,552325.000,2024-07-02 15:56:30.011
ETH,SELL,0.0270,551923.000,2024-07-02 15:56:30.011
ETH,BUY,1.0000,552038.000,2024-07-02 15:58:35.274
ETH,BUY,0.2300,551920.000,2024-07-02 15:59:44.247
ETH,BUY,0.1100,551928.000,2024-07-02 15:59:46.338
ETH,BUY,0.0200,551873.000,2024-07-02 16:01:38.791
ETH,BUY,0.0200,551903.000,2024-07-02 16:01:39.206
ETH,BUY,0.0181,551366.000,2024-07-02 16:05:19.910
ETH,BUY,0.0181,551417.000,2024-07-02 16:05:29.814
ETH,BUY,0.0181,551527.000,2024-07-02 16:05:39.873
ETH,BUY,1.0000,551647.000,2024-07-02 16:06:09.491
ETH,BUY,1.0000,551853.000,2024-07-02 16:06:09.491
ETH,BUY,0.5437,551755.000,2024-07-02 16:16:20.498
ETH,BUY,0.4563,551766.000,2024-07-02 16:16:20.498
ETH,BUY,0.2000,551760.000,2024-07-02 16:16:34.034
ETH,BUY,0.3000,551765.000,2024-07-02 16:16:34.034
ETH,BUY,0.1289,551693.000,2024-07-02 16:16:44.714
ETH,BUY,0.6216,551693.000,2024-07-02 16:16:44.714
ETH,BUY,0.2495,551693.000,2024-07-02 16:16:44.714
ETH,BUY,0.6841,551645.000,2024-07-02 16:16:50.805
ETH,BUY,0.3159,551759.000,2024-07-02 16:16:50.805
ETH,BUY,0.1000,551757.000,2024-07-02 16:17:21.281
ETH,SELL,0.1000,551600.000,2024-07-02 16:17:24.737
ETH,SELL,0.2000,551600.000,2024-07-02 16:17:24.891
ETH,SELL,0.0600,551600.000,2024-07-02 16:17:25.255
ETH,SELL,0.2400,551290.000,2024-07-02 16:17:25.665
ETH,BUY,0.0200,551377.000,2024-07-02 16:17:51.088
ETH,SELL,0.0500,551289.000,2024-07-02 16:17:56.211
ETH,BUY,0.0181,551585.000,2024-07-02 16:30:59.877
ETH,BUY,1.0000,551834.000,2024-07-02 16:33:15.407
ETH,BUY,0.1570,551898.000,2024-07-02 16:33:15.407
ETH,BUY,0.3430,551957.000,2024-07-02 16:33:15.407
ETH,SELL,0.0100,551900.000,2024-07-02 16:38:42.151
ETH,BUY,0.0400,551936.000,2024-07-02 16:46:14.592
ETH,BUY,0.0180,551957.000,2024-07-02 16:46:19.949
ETH,BUY,0.0180,551957.000,2024-07-02 16:46:39.868
ETH,BUY,0.0090,551957.000,2024-07-02 16:46:49.894
ETH,BUY,0.0090,552041.000,2024-07-02 16:46:49.894
ETH,BUY,0.0180,552041.000,2024-07-02 16:46:59.933
ETH,BUY,0.0180,552014.000,2024-07-02 16:47:09.882
ETH,BUY,0.3600,552041.000,2024-07-02 16:48:36.474
ETH,BUY,0.0180,551675.000,2024-07-02 16:53:19.940
ETH,BUY,0.0180,552041.000,2024-07-02 16:53:29.887
ETH,BUY,0.0180,551861.000,2024-07-02 16:53:39.873
ETH,BUY,0.0251,552041.000,2024-07-02 16:57:01.093
ETH,BUY,0.0749,552194.000,2024-07-02 16:57:01.093
ETH,BUY,0.0187,552125.000,2024-07-02 16:57:45.048
ETH,BUY,0.0853,552248.000,2024-07-02 16:57:45.048
ETH,BUY,0.0187,552276.000,2024-07-02 16:57:47.715
ETH,BUY,0.1000,552276.000,2024-07-02 16:57:53.319
ETH,BUY,0.0181,551705.000,2024-07-02 17:03:19.873
ETH,BUY,0.0180,552160.000,2024-07-02 17:09:09.924
ETH,BUY,0.0180,552165.000,2024-07-02 17:09:19.847
ETH,BUY,0.0180,552247.000,2024-07-02 17:09:29.951
ETH,BUY,0.0180,552251.000,2024-07-02 17:09:39.845
ETH,BUY,0.0180,552251.000,2024-07-02 17:09:49.903
ETH,BUY,0.0180,552251.000,2024-07-02 17:09:59.815
ETH,BUY,0.0180,552082.000,2024-07-02 17:10:09.908
ETH,BUY,0.0180,552251.000,2024-07-02 17:10:12.676
ETH,BUY,0.0180,552251.000,2024-07-02 17:10:19.909
ETH,BUY,0.0180,552250.000,2024-07-02 17:10:49.864
ETH,BUY,0.0180,552250.000,2024-07-02 17:10:59.863
ETH,BUY,0.0180,552250.000,2024-07-02 17:11:09.783
ETH,SELL,0.1061,552040.000,2024-07-02 17:11:39.168
ETH,BUY,0.0180,552073.000,2024-07-02 17:11:50.007
ETH,BUY,0.0515,552046.000,2024-07-02 17:21:45.611
ETH,BUY,0.0100,552000.000,2024-07-02 17:25:10.767
ETH,BUY,0.0180,552000.000,2024-07-02 17:26:39.872
ETH,BUY,0.0180,552000.000,2024-07-02 17:34:19.858
ETH,BUY,0.0180,552000.000,2024-07-02 17:34:49.808
ETH,BUY,0.2960,552000.000,2024-07-02 17:36:09.562
ETH,BUY,0.0234,552318.000,2024-07-02 17:36:09.562
ETH,BUY,0.0606,552437.000,2024-07-02 17:36:09.562
ETH,BUY,1.2000,552653.000,2024-07-02 17:41:39.057
ETH,BUY,0.0100,552682.000,2024-07-02 17:46:05.884
ETH,BUY,0.0900,552682.000,2024-07-02 17:46:06.200
ETH,BUY,0.1800,552711.000,2024-07-02 17:46:06.200
ETH,BUY,1.0000,553407.000,2024-07-02 18:01:10.199
ETH,BUY,0.6412,553784.000,2024-07-02 18:06:53.050
ETH,BUY,0.3588,553784.000,2024-07-02 18:06:53.229
ETH,BUY,0.0412,554121.000,2024-07-02 18:06:53.229
ETH,BUY,0.0142,554121.000,2024-07-02 18:06:53.266
ETH,BUY,0.0858,553937.000,2024-07-02 18:06:54.010
ETH,BUY,0.9142,553937.000,2024-07-02 18:06:55.271
ETH,BUY,0.0100,554402.000,2024-07-02 18:06:57.177
ETH,BUY,0.0454,554480.000,2024-07-02 18:06:57.177
ETH,SELL,0.0100,554160.000,2024-07-02 18:09:01.533
ETH,BUY,0.2287,554253.000,2024-07-02 18:10:26.773
ETH,BUY,0.4713,554306.000,2024-07-02 18:10:26.773
ETH,BUY,0.0800,554422.000,2024-07-02 18:19:45.153
ETH,BUY,0.0100,554548.000,2024-07-02 18:20:18.085
ETH,SELL,0.0100,554302.000,2024-07-02 18:40:49.948
ETH,BUY,0.1000,554387.000,2024-07-02 18:42:10.158
ETH,BUY,0.0500,554451.000,2024-07-02 18:48:58.120
ETH,BUY,0.0100,554480.000,2024-07-02 18:49:01.442
ETH,BUY,0.0100,554501.000,2024-07-02 18:55:09.303
ETH,BUY,0.0100,554413.000,2024-07-02 19:01:13.515
ETH,SELL,0.0150,554303.000,2024-07-02 19:03:30.421
ETH,SELL,0.0883,554019.000,2024-07-02 19:03:30.421
ETH,SELL,0.5417,554043.000,2024-07-02 19:03:47.588
ETH,SELL,0.0583,554044.000,2024-07-02 19:03:49.016
ETH,SELL,0.2000,554046.000,2024-07-02 19:03:52.636
ETH,SELL,0.1000,554062.000,2024-07-02 19:04:06.461
ETH,SELL,0.5000,554062.000,2024-07-02 19:04:06.665
ETH,SELL,0.1000,554062.000,2024-07-02 19:04:07.467
ETH,SELL,0.0875,554063.000,2024-07-02 19:04:08.145
ETH,SELL,0.2000,554019.000,2024-07-02 19:04:08.646
ETH,SELL,0.3000,554019.000,2024-07-02 19:04:09.326
ETH,SELL,0.0200,554019.000,2024-07-02 19:08:10.839
ETH,SELL,0.1000,554030.000,2024-07-02 19:08:27.794
ETH,SELL,0.5000,554030.000,2024-07-02 19:08:27.924
ETH,SELL,0.1000,554044.000,2024-07-02 19:08:55.576
ETH,SELL,0.3000,554044.000,2024-07-02 19:08:55.698
ETH,SELL,0.4000,554044.000,2024-07-02 19:08:56.047
ETH,SELL,0.1000,554019.000,2024-07-02 19:08:59.109
ETH,SELL,0.1000,554019.000,2024-07-02 19:11:41.460
ETH,SELL,0.9293,554019.000,2024-07-02 19:11:57.455
ETH,SELL,1.1624,554019.000,2024-07-02 19:11:57.523
ETH,SELL,0.4001,553990.000,2024-07-02 19:11:58.313
ETH,BUY,0.0100,553680.000,2024-07-02 19:19:07.017
ETH,SELL,0.2000,553155.000,2024-07-02 19:20:15.535
ETH,SELL,1.3000,553171.000,2024-07-02 19:20:29.186
ETH,BUY,0.3000,553233.000,2024-07-02 19:22:44.890
ETH,BUY,0.0100,552757.000,2024-07-02 19:30:44.863
ETH,BUY,0.0400,553117.000,2024-07-02 19:40:48.105
ETH,SELL,0.2336,552512.000,2024-07-02 19:51:19.130
ETH,SELL,0.5000,552500.000,2024-07-02 19:51:19.130
ETH,SELL,0.2664,552337.000,2024-07-02 19:51:19.130
ETH,SELL,0.3000,552337.000,2024-07-02 19:59:08.989
ETH,SELL,0.0032,552337.000,2024-07-02 19:59:15.474
ETH,SELL,0.2000,551912.000,2024-07-02 19:59:16.329
ETH,SELL,0.8000,551912.000,2024-07-02 19:59:16.647
ETH,SELL,0.0100,551907.000,2024-07-02 19:59:17.653
ETH,SELL,0.0900,551343.000,2024-07-02 19:59:17.653
ETH,BUY,1.0000,551377.000,2024-07-02 20:04:17.468
ETH,BUY,0.2800,551387.000,2024-07-02 20:04:17.468
ETH,BUY,0.0453,551812.000,2024-07-02 20:09:06.520
ETH,SELL,0.0556,551890.000,2024-07-02 20:11:28.838
ETH,BUY,0.2765,551987.000,2024-07-02 20:14:39.979
ETH,BUY,0.2000,552486.000,2024-07-02 20:14:54.080
ETH,BUY,0.1200,552489.000,2024-07-02 20:14:54.080
ETH,BUY,0.4000,552485.000,2024-07-02 20:14:54.113
ETH,BUY,0.0200,552566.000,2024-07-02 20:14:54.529
ETH,BUY,0.2000,552619.000,2024-07-02 20:14:55.624
ETH,BUY,0.5701,552549.000,2024-07-02 20:16:25.224
ETH,BUY,0.0100,552700.000,2024-07-02 20:18:11.731
ETH,BUY,0.2796,552621.000,2024-07-02 20:21:57.879
ETH,BUY,1.0000,552621.000,2024-07-02 20:21:57.879
ETH,BUY,0.4379,552622.000,2024-07-02 20:22:57.516
ETH,BUY,0.1600,552615.000,2024-07-02 20:23:09.021
ETH,BUY,0.0144,552608.000,2024-07-02 20:23:18.062
ETH,BUY,0.0100,552594.000,2024-07-02 20:23:39.793
ETH,BUY,0.2000,552769.000,2024-07-02 20:25:34.307
ETH,BUY,0.1900,552885.000,2024-07-02 20:28:04.128
ETH,BUY,0.4000,552300.000,2024-07-02 20:34:47.101
