symbol,side,size,price,timestamp
ETH,BUY,0.0100,552115.000,2024-07-19 21:01:09.818
ETH,BUY,0.2900,552413.000,2024-07-19 21:05:23.481
ETH,BUY,0.7100,552441.000,2024-07-19 21:05:36.981
ETH,BUY,0.6036,552565.000,2024-07-19 21:11:40.378
ETH,BUY,0.3964,552676.000,2024-07-19 21:11:40.378
ETH,BUY,0.0200,552861.000,2024-07-19 21:14:34.385
ETH,BUY,0.0200,552750.000,2024-07-19 21:14:48.259
ETH,SELL,0.1000,553094.000,2024-07-19 21:18:53.732
ETH,SELL,0.1000,553025.000,2024-07-19 21:20:56.554
ETH,BUY,0.0100,553223.000,2024-07-19 21:21:07.163
ETH,BUY,0.0193,553361.000,2024-07-19 21:21:07.163
ETH,BUY,0.2000,553791.000,2024-07-19 21:22:36.851
ETH,BUY,0.0100,553792.000,2024-07-19 21:22:51.677
ETH,BUY,0.0320,553800.000,2024-07-19 21:22:53.998
ETH,BUY,0.0050,553800.000,2024-07-19 21:22:57.756
ETH,BUY,0.0150,554000.000,2024-07-19 21:22:57.756
ETH,BUY,0.0300,554000.000,2024-07-19 21:23:20.256
ETH,BUY,0.0100,554000.000,2024-07-19 21:23:32.868
ETH,BUY,0.1000,554000.000,2024-07-19 21:24:36.465
ETH,BUY,0.1000,554000.000,2024-07-19 21:24:38.647
ETH,BUY,0.1008,554000.000,2024-07-19 21:30:35.780
ETH,BUY,0.0331,554000.000,2024-07-19 21:30:37.813
ETH,BUY,0.0955,554000.000,2024-07-19 21:30:39.435
ETH,BUY,0.5409,554000.000,2024-07-19 21:30:39.991
ETH,BUY,0.1206,554000.000,2024-07-19 21:30:41.046
ETH,BUY,0.2844,554000.000,2024-07-19 21:30:41.831
ETH,BUY,1.1197,554000.000,2024-07-19 21:30:42.502
ETH,BUY,0.0519,554042.000,2024-07-19 21:30:42.992
ETH,BUY,0.0520,554050.000,2024-07-19 21:30:42.992
ETH,BUY,1.0000,554317.000,2024-07-19 21:30:43.360
ETH,BUY,0.1000,554791.000,2024-07-19 21:30:44.263
ETH,BUY,0.1039,555000.000,2024-07-19 21:30:47.088
ETH,BUY,0.1029,554771.000,2024-07-19 21:31:16.859
ETH,BUY,0.8971,554883.000,2024-07-19 21:31:16.859
ETH,SELL,1.0000,554640.000,2024-07-19 21:32:06.051
ETH,BUY,0.0200,554649.000,2024-07-19 21:32:17.384
ETH,BUY,0.0200,554616.000,2024-07-19 21:32:19.585
ETH,SELL,0.5786,554441.000,2024-07-19 21:33:11.717
ETH,SELL,0.3000,554426.000,2024-07-19 21:33:28.313
ETH,BUY,1.0055,554576.000,2024-07-19 21:40:27.680
ETH,BUY,1.0000,554577.000,2024-07-19 21:40:27.680
ETH,BUY,0.1900,554580.000,2024-07-19 21:40:27.680
ETH,BUY,1.0000,554692.000,2024-07-19 21:40:27.680
ETH,BUY,1.3000,554704.000,2024-07-19 21:40:27.680
ETH,BUY,0.1289,554704.000,2024-07-19 21:40:27.680
ETH,BUY,0.1000,554880.000,2024-07-19 21:40:27.680
ETH,BUY,0.6061,554881.000,2024-07-19 21:40:27.680
ETH,BUY,0.2961,555000.000,2024-07-19 21:40:27.680
ETH,BUY,0.0100,555000.000,2024-07-19 21:40:27.680
ETH,BUY,0.0100,555000.000,2024-07-19 21:40:27.680
ETH,BUY,0.1000,555164.000,2024-07-19 21:40:27.680
ETH,BUY,0.2534,555550.000,2024-07-19 21:40:27.680
ETH,BUY,0.0533,554574.000,2024-07-19 21:40:28.436
ETH,BUY,0.1000,554574.000,2024-07-19 21:40:31.076
ETH,BUY,0.4000,554265.000,2024-07-19 21:41:27.745
ETH,BUY,1.5200,554281.000,2024-07-19 21:45:54.648
ETH,BUY,0.6031,554290.000,2024-07-19 21:45:54.648
ETH,BUY,1.7100,554290.000,2024-07-19 21:45:54.648
ETH,BUY,0.1669,554313.000,2024-07-19 21:45:54.648
ETH,SELL,1.0000,553805.000,2024-07-19 21:46:01.045
ETH,SELL,0.1829,553698.000,2024-07-19 21:48:35.452
ETH,SELL,0.3783,553698.000,2024-07-19 21:48:50.824
ETH,SELL,0.0001,553698.000,2024-07-19 21:49:11.493
ETH,SELL,0.0999,553283.000,2024-07-19 21:49:11.493
ETH,BUY,0.0190,553300.000,2024-07-19 21:49:14.663
ETH,SELL,1.0000,553299.000,2024-07-19 21:58:32.919
ETH,SELL,0.0188,553291.000,2024-07-19 21:59:41.347
ETH,SELL,0.3312,553157.000,2024-07-19 21:59:41.347
ETH,SELL,0.0100,553100.000,2024-07-19 22:01:31.035
ETH,BUY,0.0254,553294.000,2024-07-19 22:02:44.219
ETH,BUY,0.1744,553300.000,2024-07-19 22:02:44.219
ETH,BUY,0.0254,553300.000,2024-07-19 22:02:47.081
ETH,BUY,0.8002,553300.000,2024-07-19 22:07:32.968
ETH,BUY,0.0543,553300.000,2024-07-19 22:07:32.968
ETH,BUY,0.5412,553759.000,2024-07-19 22:11:08.636
ETH,BUY,0.0400,554000.000,2024-07-19 22:12:22.012
ETH,BUY,0.6600,554347.000,2024-07-19 22:12:22.012
ETH,SELL,0.0999,554096.000,2024-07-19 22:12:40.817
ETH,SELL,0.0100,554058.000,2024-07-19 22:12:42.769
ETH,SELL,0.0168,554094.000,2024-07-19 22:12:58.145
ETH,SELL,0.0100,554018.000,2024-07-19 22:13:42.686
ETH,SELL,0.0100,554081.000,2024-07-19 22:16:29.202
ETH,SELL,0.0100,554237.000,2024-07-19 22:17:37.871
ETH,SELL,0.4000,554249.000,2024-07-19 22:19:08.848
ETH,SELL,0.0315,554316.000,2024-07-19 22:19:38.241
ETH,BUY,0.0100,554311.000,2024-07-19 22:19:47.173
ETH,SELL,0.0100,554176.000,2024-07-19 22:19:53.597
ETH,SELL,0.0500,554152.000,2024-07-19 22:20:19.098
ETH,SELL,0.0120,554134.000,2024-07-19 22:20:19.098
ETH,SELL,0.0693,554135.000,2024-07-19 22:20:19.924
ETH,SELL,0.0100,554154.000,2024-07-19 22:20:21.374
ETH,SELL,0.0724,554111.000,2024-07-19 22:21:08.403
ETH,BUY,0.0135,554001.000,2024-07-19 22:21:28.886
ETH,BUY,0.0100,554362.000,2024-07-19 22:23:12.122
ETH,BUY,0.0200,554359.000,2024-07-19 22:23:15.082
ETH,SELL,0.0101,554000.000,2024-07-19 22:25:22.735
ETH,SELL,0.3899,554000.000,2024-07-19 22:26:18.352
ETH,SELL,0.0100,554000.000,2024-07-19 22:26:18.352
ETH,SELL,0.1940,553827.000,2024-07-19 22:26:20.811
ETH,BUY,0.6001,554000.000,2024-07-19 22:28:39.833
ETH,BUY,0.0100,554097.000,2024-07-19 22:29:07.782
ETH,SELL,0.0210,554029.000,2024-07-19 22:29:30.283
ETH,BUY,0.0100,554091.000,2024-07-19 22:31:09.363
ETH,BUY,0.2000,553760.000,2024-07-19 22:36:14.170
ETH,BUY,0.0600,553804.000,2024-07-19 22:36:14.170
ETH,BUY,0.5900,553844.000,2024-07-19 22:36:14.170
ETH,SELL,0.1384,553485.000,2024-07-19 22:36:24.155
ETH,SELL,1.6200,553485.000,2024-07-19 22:36:24.155
ETH,SELL,1.0000,553485.000,2024-07-19 22:36:24.155
ETH,SELL,0.1600,553483.000,2024-07-19 22:36:24.155
ETH,SELL,1.0816,553466.000,2024-07-19 22:36:24.155
ETH,BUY,1.0000,554062.000,2024-07-19 22:39:54.338
ETH,SELL,0.0700,553928.000,2024-07-19 22:40:01.577
ETH,BUY,0.0100,554144.000,2024-07-19 22:41:33.175
ETH,BUY,0.1000,554150.000,2024-07-19 22:41:33.175
ETH,BUY,0.0700,554228.000,2024-07-19 22:41:33.175
ETH,BUY,0.0566,554266.000,2024-07-19 22:41:33.175
ETH,BUY,0.7634,554308.000,2024-07-19 22:41:33.175
ETH,BUY,0.0200,554312.000,2024-07-19 22:41:35.592
ETH,SELL,0.0900,553897.000,2024-07-19 22:42:45.372
ETH,SELL,0.0100,553880.000,2024-07-19 22:42:45.372
ETH,BUY,1.0815,554024.000,2024-07-19 22:43:41.888
ETH,BUY,0.0900,554027.000,2024-07-19 22:43:41.888
ETH,BUY,0.5886,554179.000,2024-07-19 22:43:41.888
ETH,BUY,0.2399,554185.000,2024-07-19 22:43:41.888
ETH,BUY,0.0100,554026.000,2024-07-19 22:44:42.340
ETH,BUY,0.0080,554037.000,2024-07-19 22:44:42.340
ETH,BUY,0.0100,553965.000,2024-07-19 22:45:11.083
ETH,BUY,0.0500,553885.000,2024-07-19 22:46:09.600
ETH,SELL,0.0100,553880.000,2024-07-19 22:46:29.047
ETH,SELL,0.0190,553800.000,2024-07-19 22:46:29.047
ETH,SELL,0.0900,553605.000,2024-07-19 22:46:30.603
ETH,SELL,0.0100,553601.000,2024-07-19 22:46:30.603
ETH,BUY,0.0200,553722.000,2024-07-19 22:47:51.872
ETH,SELL,0.5837,553582.000,2024-07-19 22:49:28.458
ETH,SELL,0.6200,553142.000,2024-07-19 22:52:28.971
ETH,SELL,1.5900,553142.000,2024-07-19 22:52:28.971
ETH,SELL,0.0900,553096.000,2024-07-19 22:52:28.971
ETH,SELL,0.7000,552909.000,2024-07-19 22:52:28.971
ETH,SELL,0.1000,553097.000,2024-07-19 22:52:32.223
ETH,SELL,0.4000,552851.000,2024-07-19 22:52:32.223
ETH,SELL,0.0200,552909.000,2024-07-19 22:52:41.546
ETH,BUY,0.0100,553264.000,2024-07-19 22:52:51.270
ETH,BUY,0.0100,553269.000,2024-07-19 22:52:51.270
ETH,BUY,0.0200,553268.000,2024-07-19 22:52:54.574
ETH,BUY,0.0189,552924.000,2024-07-19 22:53:46.081
ETH,SELL,0.0115,552849.000,2024-07-19 22:54:44.747
ETH,SELL,0.0560,552849.000,2024-07-19 22:54:46.370
ETH,SELL,1.6230,552849.000,2024-07-19 22:54:54.003
ETH,SELL,0.3095,552849.000,2024-07-19 22:54:54.039
ETH,SELL,1.0000,552717.000,2024-07-19 22:54:56.189
ETH,SELL,1.0200,552371.000,2024-07-19 22:59:45.845
ETH,BUY,0.0300,552914.000,2024-07-19 23:02:47.307
ETH,BUY,0.0100,553100.000,2024-07-19 23:04:19.641
ETH,BUY,0.0101,553304.000,2024-07-19 23:04:19.641
ETH,BUY,1.3351,553315.000,2024-07-19 23:04:19.641
ETH,BUY,0.0600,553356.000,2024-07-19 23:04:19.641
ETH,BUY,0.4048,553412.000,2024-07-19 23:04:19.641
ETH,SELL,1.0000,553114.000,2024-07-19 23:04:52.048
ETH,SELL,1.0840,553097.000,2024-07-19 23:04:52.048
ETH,SELL,0.0100,553338.000,2024-07-19 23:05:37.359
ETH,BUY,0.0100,553301.000,2024-07-19 23:07:58.110
ETH,BUY,0.0710,553351.000,2024-07-19 23:07:58.110
ETH,BUY,0.0100,553408.000,2024-07-19 23:11:00.903
ETH,BUY,0.0100,553414.000,2024-07-19 23:11:00.903
ETH,BUY,0.1000,553415.000,2024-07-19 23:11:00.903
ETH,BUY,1.0130,553499.000,2024-07-19 23:11:00.903
ETH,BUY,0.0100,553634.000,2024-07-19 23:11:04.574
ETH,BUY,0.0100,553680.000,2024-07-19 23:11:04.574
ETH,SELL,0.5000,553551.000,2024-07-19 23:11:09.793
ETH,BUY,0.1670,553712.000,2024-07-19 23:12:05.153
ETH,BUY,0.0100,553607.000,2024-07-19 23:17:38.436
ETH,BUY,0.0900,553704.000,2024-07-19 23:17:38.436
ETH,BUY,0.0130,553633.000,2024-07-19 23:19:05.746
ETH,SELL,0.0100,553045.000,2024-07-19 23:23:39.198
ETH,SELL,0.5960,552936.000,2024-07-19 23:23:39.198
ETH,SELL,0.0100,553096.000,2024-07-19 23:24:19.628
ETH,SELL,0.0181,552914.000,2024-07-19 23:25:24.077
ETH,SELL,0.0900,552817.000,2024-07-19 23:25:24.077
ETH,SELL,0.8919,552727.000,2024-07-19 23:25:24.077
ETH,BUY,0.0100,552691.000,2024-07-19 23:26:37.959
ETH,BUY,0.9900,552772.000,2024-07-19 23:26:37.959
ETH,BUY,0.0200,552679.000,2024-07-19 23:26:40.073
ETH,BUY,0.2000,552522.000,2024-07-19 23:32:55.134
ETH,SELL,0.6063,552509.000,2024-07-19 23:34:47.330
ETH,BUY,0.0100,552385.000,2024-07-19 23:35:35.323
ETH,BUY,0.0100,552432.000,2024-07-19 23:35:35.323
ETH,SELL,1.0800,552179.000,2024-07-19 23:35:39.416
ETH,SELL,1.0000,551486.000,2024-07-19 23:37:28.867
ETH,SELL,0.0179,551482.000,2024-07-19 23:37:51.209
ETH,SELL,0.8340,551225.000,2024-07-19 23:37:51.209
ETH,SELL,0.4386,551224.000,2024-07-19 23:37:51.209
ETH,SELL,0.7095,551058.000,2024-07-19 23:37:51.209
ETH,SELL,0.0385,551059.000,2024-07-19 23:37:52.231
ETH,BUY,0.0100,551701.000,2024-07-19 23:38:22.499
ETH,BUY,0.0100,551706.000,2024-07-19 23:38:22.499
ETH,BUY,0.0200,552021.000,2024-07-19 23:38:24.597
ETH,BUY,0.1018,552070.000,2024-07-19 23:40:05.756
ETH,BUY,0.0100,552022.000,2024-07-19 23:40:13.997
ETH,BUY,0.0900,552068.000,2024-07-19 23:40:13.997
ETH,BUY,0.1500,552069.000,2024-07-19 23:40:13.997
ETH,BUY,0.0100,551924.000,2024-07-19 23:40:27.629
ETH,BUY,0.1700,552004.000,2024-07-19 23:40:27.629
ETH,BUY,0.0200,551993.000,2024-07-19 23:40:30.090
ETH,SELL,0.0100,551900.000,2024-07-19 23:44:02.633
ETH,SELL,0.0100,551669.000,2024-07-19 23:44:02.633
ETH,SELL,0.9800,551406.000,2024-07-19 23:44:02.633
ETH,BUY,0.0100,551559.000,2024-07-19 23:45:07.814
ETH,BUY,0.1900,551563.000,2024-07-19 23:45:07.814
ETH,BUY,0.2000,551561.000,2024-07-19 23:45:14.332
ETH,BUY,0.0900,551759.000,2024-07-19 23:45:17.022
ETH,BUY,0.4100,551873.000,2024-07-19 23:45:17.022
ETH,BUY,0.0100,551835.000,2024-07-19 23:45:24.921
ETH,BUY,0.0844,551901.000,2024-07-19 23:47:14.694
ETH,BUY,0.0253,551901.000,2024-07-19 23:47:19.923
ETH,BUY,0.0217,551901.000,2024-07-19 23:47:25.697
ETH,SELL,0.0900,551900.000,2024-07-19 23:47:40.489
ETH,SELL,0.2405,551900.000,2024-07-19 23:47:40.489
ETH,BUY,0.0200,551901.000,2024-07-19 23:47:47.212
ETH,BUY,0.0200,551877.000,2024-07-19 23:49:55.008
ETH,BUY,0.0300,551900.000,2024-07-19 23:49:58.071
ETH,SELL,0.0100,551900.000,2024-07-19 23:53:06.958
ETH,BUY,0.0100,551761.000,2024-07-19 23:54:07.263
ETH,BUY,0.1900,551767.000,2024-07-19 23:54:07.263
ETH,SELL,0.0900,551640.000,2024-07-19 23:55:16.483
ETH,SELL,0.1100,551551.000,2024-07-19 23:55:16.483
ETH,BUY,0.0900,551901.000,2024-07-19 23:57:55.389
ETH,BUY,0.0100,551816.000,2024-07-19 23:58:11.016
ETH,SELL,0.0100,551900.000,2024-07-20 02:10:05.798
ETH,SELL,0.0100,551702.000,2024-07-20 02:10:05.798
ETH,SELL,0.1800,551284.000,2024-07-20 02:10:05.798
ETH,SELL,0.0100,551284.000,2024-07-20 02:10:06.889
ETH,SELL,0.0182,551284.000,2024-07-20 02:10:07.153
ETH,SELL,0.0332,551284.000,2024-07-20 02:10:07.304
ETH,SELL,0.1000,551284.000,2024-07-20 02:10:07.392
ETH,SELL,0.0182,551284.000,2024-07-20 02:10:08.176
ETH,SELL,0.5000,551284.000,2024-07-20 02:10:08.399
ETH,SELL,0.0100,551284.000,2024-07-20 02:10:08.476
ETH,SELL,0.0182,551284.000,2024-07-20 02:10:09.114
ETH,SELL,0.1305,551284.000,2024-07-20 02:10:09.209
ETH,SELL,0.5000,551284.000,2024-07-20 02:10:09.992
ETH,SELL,0.0100,551284.000,2024-07-20 02:10:10.017
ETH,SELL,0.2000,551284.000,2024-07-20 02:10:10.038
ETH,SELL,0.0182,551284.000,2024-07-20 02:10:10.291
ETH,SELL,0.0182,551284.000,2024-07-20 02:10:10.618
ETH,SELL,0.0182,551284.000,2024-07-20 02:10:11.210
ETH,SELL,0.1000,551284.000,2024-07-20 02:10:11.211
ETH,SELL,0.0182,551284.000,2024-07-20 02:10:11.397
ETH,SELL,0.0100,551284.000,2024-07-20 02:10:11.638
ETH,SELL,0.5000,551284.000,2024-07-20 02:10:11.853
ETH,SELL,0.2000,551284.000,2024-07-20 02:10:11.891
ETH,SELL,0.0182,551284.000,2024-07-20 02:10:12.108
ETH,SELL,0.0182,551284.000,2024-07-20 02:10:12.395
ETH,SELL,0.0100,551284.000,2024-07-20 02:10:13.351
ETH,SELL,0.0182,551284.000,2024-07-20 02:10:13.401
ETH,SELL,0.1833,551284.000,2024-07-20 02:10:13.542
ETH,SELL,0.2000,551284.000,2024-07-20 02:10:13.798
ETH,SELL,0.0182,551284.000,2024-07-20 02:10:14.184
ETH,SELL,0.0182,551284.000,2024-07-20 02:10:14.403
ETH,SELL,0.0100,551284.000,2024-07-20 02:10:14.934
ETH,SELL,0.0182,551284.000,2024-07-20 02:10:15.406
ETH,SELL,0.2000,551284.000,2024-07-20 02:10:15.718
ETH,SELL,0.0100,551284.000,2024-07-20 02:10:16.532
ETH,SELL,0.1000,551284.000,2024-07-20 02:10:17.569
ETH,SELL,0.0100,551284.000,2024-07-20 02:10:18.136
ETH,SELL,0.0180,551284.000,2024-07-20 02:10:19.532
ETH,SELL,0.0100,551284.000,2024-07-20 02:10:19.744
ETH,SELL,0.0100,551284.000,2024-07-20 02:10:21.299
ETH,BUY,0.1900,551285.000,2024-07-20 02:10:21.762
ETH,SELL,0.0100,551284.000,2024-07-20 02:10:22.859
ETH,SELL,0.0100,551284.000,2024-07-20 02:10:24.457
ETH,SELL,0.0100,551284.000,2024-07-20 02:10:26.016
ETH,SELL,0.0730,551284.000,2024-07-20 02:10:27.154
ETH,SELL,0.0100,551284.000,2024-07-20 02:10:27.639
ETH,SELL,0.0100,551284.000,2024-07-20 02:10:29.182
ETH,SELL,0.0180,551284.000,2024-07-20 02:10:29.524
ETH,SELL,0.0100,551284.000,2024-07-20 02:10:30.793
ETH,SELL,0.0100,551284.000,2024-07-20 02:10:32.395
ETH,SELL,0.0100,551284.000,2024-07-20 02:10:33.999
ETH,SELL,0.0100,551284.000,2024-07-20 02:10:35.559
ETH,SELL,0.0100,551284.000,2024-07-20 02:10:37.164
ETH,SELL,0.2000,551284.000,2024-07-20 02:10:38.550
ETH,SELL,0.0100,551284.000,2024-07-20 02:10:38.711
ETH,SELL,0.0180,551284.000,2024-07-20 02:10:39.342
ETH,SELL,0.0100,551284.000,2024-07-20 02:10:40.311
ETH,SELL,0.0894,551284.000,2024-07-20 02:10:40.711
ETH,SELL,0.0200,551000.000,2024-07-20 02:10:40.711
ETH,SELL,0.0200,550885.000,2024-07-20 02:10:40.711
ETH,SELL,0.0127,550714.000,2024-07-20 02:10:40.711
ETH,SELL,0.0579,550600.000,2024-07-20 02:10:40.711
ETH,SELL,0.0100,550600.000,2024-07-20 02:10:40.786
ETH,SELL,0.9321,550600.000,2024-07-20 02:10:40.802
ETH,SELL,0.0370,550100.000,2024-07-20 02:10:40.802
ETH,SELL,0.0166,550000.000,2024-07-20 02:10:40.802
ETH,SELL,0.0100,550000.000,2024-07-20 02:10:40.802
ETH,SELL,1.0000,550000.000,2024-07-20 02:10:40.802
ETH,SELL,0.0200,549970.000,2024-07-20 02:10:40.802
ETH,SELL,1.0000,549002.000,2024-07-20 02:10:40.802
ETH,SELL,0.0100,549000.000,2024-07-20 02:10:40.802
ETH,SELL,0.0370,549000.000,2024-07-20 02:10:40.802
ETH,SELL,1.0000,549000.000,2024-07-20 02:10:40.802
ETH,SELL,5.0000,548245.000,2024-07-20 02:10:40.802
ETH,SELL,0.2000,548105.000,2024-07-20 02:10:40.802
ETH,SELL,0.7373,548100.000,2024-07-20 02:10:40.802
ETH,SELL,0.7000,548100.000,2024-07-20 02:10:40.895
ETH,SELL,0.0100,548245.000,2024-07-20 02:10:41.923
ETH,BUY,0.3606,548995.000,2024-07-20 02:10:43.151
ETH,BUY,0.1295,548994.000,2024-07-20 02:10:44.762
ETH,BUY,0.0117,548900.000,2024-07-20 02:10:55.309
ETH,BUY,0.0582,548899.000,2024-07-20 02:10:56.881
ETH,BUY,0.6226,548896.000,2024-07-20 02:11:01.137
ETH,BUY,1.0000,548897.000,2024-07-20 02:11:01.137
ETH,BUY,0.0074,548898.000,2024-07-20 02:11:01.137
ETH,SELL,0.9999,548895.000,2024-07-20 02:11:01.871
ETH,SELL,0.9999,548891.000,2024-07-20 02:11:04.356
ETH,BUY,0.2000,548892.000,2024-07-20 02:11:05.077
ETH,BUY,0.0102,548874.000,2024-07-20 02:11:09.200
ETH,BUY,0.0116,548869.000,2024-07-20 02:11:13.161
ETH,SELL,0.1073,548867.000,2024-07-20 02:11:14.561
ETH,SELL,0.9999,548865.000,2024-07-20 02:11:16.505
ETH,SELL,0.1219,548246.000,2024-07-20 02:11:24.155
ETH,BUY,0.0100,548854.000,2024-07-20 02:11:24.740
ETH,BUY,0.0102,548854.000,2024-07-20 02:11:25.270
ETH,BUY,0.0400,548845.000,2024-07-20 02:11:27.340
ETH,BUY,0.0633,548844.000,2024-07-20 02:11:29.397
ETH,BUY,0.0199,548841.000,2024-07-20 02:11:32.220
ETH,BUY,0.0382,548839.000,2024-07-20 02:11:34.116
ETH,BUY,0.0519,548835.000,2024-07-20 02:11:38.564
ETH,BUY,0.0531,548832.000,2024-07-20 02:11:42.833
ETH,SELL,0.0200,548564.000,2024-07-20 02:11:58.153
ETH,BUY,0.0216,548994.000,2024-07-20 02:12:20.376
ETH,SELL,1.9530,548854.000,2024-07-20 02:12:24.236
ETH,SELL,1.9998,548796.000,2024-07-20 02:12:55.006
ETH,SELL,0.0201,548854.000,2024-07-20 02:12:57.647
ETH,SELL,0.0149,549200.000,2024-07-20 02:13:15.150
ETH,SELL,0.0051,548796.000,2024-07-20 02:13:15.150
ETH,BUY,0.0200,549215.000,2024-07-20 02:13:29.298
ETH,BUY,0.0482,549209.000,2024-07-20 02:13:33.299
ETH,BUY,0.0109,549195.000,2024-07-20 02:13:41.320
ETH,BUY,0.0162,549186.000,2024-07-20 02:13:54.216
ETH,BUY,0.0385,549186.000,2024-07-20 02:13:55.931
ETH,BUY,0.0555,549413.000,2024-07-20 02:14:20.017
ETH,BUY,0.0443,549412.000,2024-07-20 02:14:21.631
ETH,SELL,0.5632,549347.000,2024-07-20 02:14:22.181
ETH,BUY,0.6227,549886.000,2024-07-20 02:14:32.456
ETH,BUY,1.0000,549887.000,2024-07-20 02:14:32.456
ETH,BUY,0.0073,550035.000,2024-07-20 02:14:32.456
ETH,BUY,0.6226,550026.000,2024-07-20 02:14:38.122
ETH,BUY,0.3774,550026.000,2024-07-20 02:14:38.122
ETH,BUY,0.0100,550012.000,2024-07-20 02:14:53.531
ETH,SELL,0.2299,549978.000,2024-07-20 02:15:02.087
ETH,SELL,0.0158,549521.000,2024-07-20 02:15:16.152
ETH,SELL,0.0999,549492.000,2024-07-20 02:15:23.154
ETH,SELL,0.1000,549122.000,2024-07-20 02:16:54.178
ETH,BUY,0.0413,549665.000,2024-07-20 02:18:45.469
ETH,SELL,0.0105,549176.000,2024-07-20 02:19:10.652
ETH,SELL,0.0124,549172.000,2024-07-20 02:21:05.664
ETH,BUY,0.0307,549627.000,2024-07-20 02:21:14.151
ETH,SELL,0.1000,549256.000,2024-07-20 02:21:38.110
ETH,SELL,1.0000,549256.000,2024-07-20 02:21:38.110
ETH,SELL,0.2000,549255.000,2024-07-20 02:21:38.110
ETH,SELL,0.1000,549251.000,2024-07-20 02:21:38.110
ETH,SELL,0.0113,549335.000,2024-07-20 02:22:03.656
ETH,BUY,0.0430,549842.000,2024-07-20 02:22:08.408
ETH,BUY,0.0800,550069.000,2024-07-20 02:22:54.807
ETH,BUY,1.0000,550048.000,2024-07-20 02:23:29.885
ETH,BUY,0.4701,550069.000,2024-07-20 02:23:29.885
ETH,BUY,0.1900,550099.000,2024-07-20 02:24:48.710
ETH,BUY,0.3399,550084.000,2024-07-20 02:25:01.165
ETH,SELL,0.0120,549507.000,2024-07-20 02:25:07.643
ETH,SELL,0.1000,549151.000,2024-07-20 02:25:14.099
ETH,BUY,0.5000,549825.000,2024-07-20 02:26:23.249
ETH,SELL,0.0110,549414.000,2024-07-20 02:27:25.147
ETH,BUY,0.8000,549988.000,2024-07-20 02:27:33.151
ETH,SELL,0.0143,549417.000,2024-07-20 02:28:21.644
ETH,BUY,0.0225,549945.000,2024-07-20 02:28:37.347
ETH,SELL,0.0189,549476.000,2024-07-20 02:29:25.705
ETH,SELL,0.0100,549277.000,2024-07-20 02:29:43.151
ETH,SELL,0.0100,549294.000,2024-07-20 02:29:59.154
ETH,BUY,0.0160,549912.000,2024-07-20 02:30:07.707
ETH,BUY,0.0500,549917.000,2024-07-20 02:30:15.538
ETH,SELL,0.0100,549328.000,2024-07-20 02:30:19.645
ETH,SELL,0.0100,549340.000,2024-07-20 02:30:28.146
ETH,BUY,0.0100,549950.000,2024-07-20 02:30:30.649
ETH,BUY,0.0310,549943.000,2024-07-20 02:30:49.244
ETH,BUY,0.0290,549933.000,2024-07-20 02:31:12.027
ETH,BUY,0.0010,549934.000,2024-07-20 02:31:12.027
ETH,SELL,0.0189,549432.000,2024-07-20 02:31:33.647
ETH,SELL,0.0169,549440.000,2024-07-20 02:31:40.263
ETH,SELL,0.0174,549122.000,2024-07-20 02:31:57.141
ETH,BUY,0.0300,549667.000,2024-07-20 02:32:05.622
ETH,SELL,0.0185,549011.000,2024-07-20 02:32:05.682
ETH,SELL,0.0136,549023.000,2024-07-20 02:32:14.142
ETH,BUY,0.0122,549289.000,2024-07-20 02:32:39.152
ETH,SELL,0.5661,549124.000,2024-07-20 02:32:48.328
ETH,SELL,0.0738,549123.000,2024-07-20 02:32:48.328
ETH,SELL,0.4501,549115.000,2024-07-20 02:32:48.328
ETH,BUY,0.0152,549472.000,2024-07-20 02:32:57.827
ETH,BUY,0.0144,549327.000,2024-07-20 02:34:38.576
ETH,BUY,1.6459,549465.000,2024-07-20 02:34:54.654
ETH,BUY,1.6156,549488.000,2024-07-20 02:34:54.654
ETH,BUY,0.0085,549556.000,2024-07-20 02:34:54.654
ETH,BUY,0.0025,549556.000,2024-07-20 02:34:55.023
ETH,BUY,0.0400,549925.000,2024-07-20 02:35:45.520
ETH,SELL,0.0140,549409.000,2024-07-20 02:35:52.651
ETH,BUY,0.0400,549866.000,2024-07-20 02:36:24.888
ETH,SELL,0.1000,550479.000,2024-07-20 02:39:02.432
ETH,SELL,0.0155,550444.000,2024-07-20 02:39:35.642
ETH,SELL,0.0100,550444.000,2024-07-20 02:39:42.655
ETH,BUY,0.0848,550553.000,2024-07-20 02:40:08.041
ETH,BUY,0.1152,550554.000,2024-07-20 02:40:08.041
ETH,BUY,0.1000,550489.000,2024-07-20 02:40:32.972
ETH,BUY,0.0891,550490.000,2024-07-20 02:40:32.972
ETH,BUY,1.0000,550493.000,2024-07-20 02:40:32.972
ETH,BUY,0.6049,550494.000,2024-07-20 02:40:32.972
ETH,SELL,0.8059,550556.000,2024-07-20 02:40:33.927
ETH,SELL,0.0001,550556.000,2024-07-20 02:40:33.957
ETH,SELL,0.1999,549877.000,2024-07-20 02:40:33.957
ETH,SELL,0.0182,550478.000,2024-07-20 02:41:12.062
ETH,SELL,0.0518,550478.000,2024-07-20 02:42:16.269
ETH,SELL,0.0482,550382.000,2024-07-20 02:42:16.269
ETH,SELL,0.4000,550382.000,2024-07-20 02:42:16.614
ETH,BUY,0.0650,550510.000,2024-07-20 02:42:26.774
ETH,SELL,0.1000,550504.000,2024-07-20 02:42:36.164
ETH,SELL,0.1000,550072.000,2024-07-20 02:42:36.759
ETH,BUY,0.0100,550498.000,2024-07-20 02:42:49.484
ETH,SELL,0.0114,550066.000,2024-07-20 02:43:00.151
ETH,SELL,1.6300,550166.000,2024-07-20 02:44:18.617
ETH,SELL,1.6300,550166.000,2024-07-20 02:44:18.617
ETH,SELL,0.6149,550165.000,2024-07-20 02:44:18.617
ETH,SELL,0.0500,550094.000,2024-07-20 02:44:18.617
ETH,BUY,0.0671,550066.000,2024-07-20 02:44:19.317
ETH,SELL,0.0164,550065.000,2024-07-20 02:45:10.148
ETH,SELL,0.0248,550065.000,2024-07-20 02:45:38.142
ETH,BUY,0.0241,550066.000,2024-07-20 02:45:48.122
ETH,BUY,0.0500,550066.000,2024-07-20 02:46:12.588
ETH,BUY,0.0103,550066.000,2024-07-20 02:46:16.726
ETH,BUY,0.1236,550066.000,2024-07-20 02:46:18.265
ETH,BUY,0.8764,550441.000,2024-07-20 02:46:18.265
ETH,BUY,0.0200,550453.000,2024-07-20 02:46:32.980
ETH,SELL,0.0555,550441.000,2024-07-20 02:47:15.153
ETH,BUY,1.0000,550564.000,2024-07-20 02:48:17.101
ETH,BUY,0.4282,550566.000,2024-07-20 02:48:17.101
ETH,BUY,1.6299,550580.000,2024-07-20 02:48:17.101
ETH,BUY,0.7535,550582.000,2024-07-20 02:48:17.101
ETH,BUY,0.5447,550690.000,2024-07-20 02:48:17.101
ETH,BUY,0.0444,550891.000,2024-07-20 02:48:17.179
ETH,SELL,0.2000,550800.000,2024-07-20 02:48:19.592
ETH,SELL,0.0266,550800.000,2024-07-20 02:48:19.640
ETH,SELL,0.2000,550800.000,2024-07-20 02:48:21.728
ETH,SELL,0.1000,550800.000,2024-07-20 02:48:23.851
ETH,SELL,0.0100,550800.000,2024-07-20 02:48:26.674
ETH,BUY,0.0100,550801.000,2024-07-20 02:48:29.570
ETH,SELL,0.0100,550800.000,2024-07-20 02:48:38.151
ETH,BUY,0.0900,550801.000,2024-07-20 02:48:41.847
ETH,BUY,0.2271,550801.000,2024-07-20 02:48:41.847
ETH,SELL,0.0100,550441.000,2024-07-20 02:48:45.160
ETH,SELL,0.0200,550441.000,2024-07-20 02:48:58.148
ETH,BUY,0.5480,550789.000,2024-07-20 02:48:59.852
ETH,BUY,0.1897,550791.000,2024-07-20 02:48:59.852
ETH,BUY,0.5705,550947.000,2024-07-20 02:48:59.852
ETH,BUY,0.1000,551002.000,2024-07-20 02:48:59.852
ETH,BUY,0.5918,551003.000,2024-07-20 02:48:59.852
ETH,BUY,0.0897,551003.000,2024-07-20 02:48:59.966
ETH,SELL,0.3000,550984.000,2024-07-20 02:49:03.045
ETH,SELL,0.2000,550984.000,2024-07-20 02:49:03.907
ETH,SELL,0.2000,550984.000,2024-07-20 02:49:05.736
ETH,BUY,0.6148,550985.000,2024-07-20 02:49:45.672
ETH,BUY,0.1000,550985.000,2024-07-20 02:49:45.672
ETH,BUY,1.0000,551015.000,2024-07-20 02:49:45.672
ETH,BUY,0.1000,551254.000,2024-07-20 02:49:45.672
ETH,BUY,0.1350,551415.000,2024-07-20 02:49:45.672
ETH,BUY,0.0502,551419.000,2024-07-20 02:49:45.672
ETH,SELL,0.1839,550505.000,2024-07-20 02:49:53.705
ETH,SELL,0.3000,550987.000,2024-07-20 02:49:56.849
ETH,SELL,0.3000,550987.000,2024-07-20 02:49:57.772
ETH,SELL,0.2000,550912.000,2024-07-20 02:49:58.645
ETH,SELL,0.0426,550920.000,2024-07-20 02:50:03.646
ETH,BUY,1.0000,550835.000,2024-07-20 02:50:04.909
ETH,BUY,0.6148,550921.000,2024-07-20 02:50:04.909
ETH,BUY,0.1839,550921.000,2024-07-20 02:50:04.909
ETH,BUY,0.1000,551244.000,2024-07-20 02:50:04.909
ETH,BUY,0.1013,551289.000,2024-07-20 02:50:04.909
ETH,SELL,0.0937,550981.000,2024-07-20 02:50:10.673
ETH,SELL,0.0100,550501.000,2024-07-20 02:50:19.183
ETH,BUY,0.0150,551012.000,2024-07-20 02:50:22.974
ETH,SELL,0.0100,551007.000,2024-07-20 02:50:26.140
ETH,BUY,0.0200,551008.000,2024-07-20 02:50:51.605
ETH,SELL,0.1999,550991.000,2024-07-20 02:51:17.631
ETH,SELL,0.3000,550991.000,2024-07-20 02:51:27.196
ETH,SELL,0.3000,550991.000,2024-07-20 02:51:28.154
ETH,SELL,0.0123,550507.000,2024-07-20 02:52:43.658
ETH,SELL,0.0107,550548.000,2024-07-20 02:52:52.154
ETH,BUY,0.0124,550899.000,2024-07-20 02:52:59.329
ETH,BUY,0.0376,550961.000,2024-07-20 02:52:59.329
ETH,SELL,0.0143,550516.000,2024-07-20 02:53:08.141
ETH,SELL,0.0100,550521.000,2024-07-20 02:53:13.643
ETH,SELL,0.0100,550522.000,2024-07-20 02:53:25.205
ETH,SELL,0.1000,550953.000,2024-07-20 02:53:31.356
ETH,SELL,0.0908,550532.000,2024-07-20 02:53:38.161
ETH,SELL,0.0100,550535.000,2024-07-20 02:53:55.657
ETH,SELL,0.0600,550847.000,2024-07-20 02:54:13.272
ETH,SELL,0.0400,550727.000,2024-07-20 02:54:13.272
ETH,BUY,0.1008,550923.000,2024-07-20 02:54:18.133
ETH,BUY,0.0400,550946.000,2024-07-20 02:54:18.133
ETH,BUY,0.1592,551031.000,2024-07-20 02:54:18.133
ETH,SELL,0.0310,550899.000,2024-07-20 02:54:30.511
ETH,BUY,0.1000,551030.000,2024-07-20 02:54:31.327
ETH,BUY,0.0300,551030.000,2024-07-20 02:54:48.091
ETH,SELL,0.9999,551030.000,2024-07-20 02:54:55.996
ETH,BUY,0.0160,551046.000,2024-07-20 02:55:01.014
ETH,SELL,0.1434,551043.000,2024-07-20 02:55:02.885
ETH,SELL,0.0001,551030.000,2024-07-20 02:55:36.148
ETH,SELL,0.0499,550555.000,2024-07-20 02:55:36.148
ETH,SELL,0.1746,551040.000,2024-07-20 02:56:06.256
ETH,SELL,0.2673,551005.000,2024-07-20 02:57:22.961
ETH,SELL,0.0685,551005.000,2024-07-20 02:57:23.653
ETH,SELL,0.0143,550719.000,2024-07-20 02:57:33.654
ETH,SELL,0.0357,551000.000,2024-07-20 02:58:07.657
ETH,SELL,0.9642,551000.000,2024-07-20 02:58:09.417
ETH,SELL,0.0457,550788.000,2024-07-20 02:58:13.139
ETH,SELL,0.0100,550851.000,2024-07-20 02:58:27.653
ETH,SELL,0.0100,550963.000,2024-07-20 02:58:36.147
ETH,SELL,0.0100,550713.000,2024-07-20 02:58:59.649
ETH,SELL,0.0100,550670.000,2024-07-20 02:59:15.671
ETH,SELL,0.0100,550666.000,2024-07-20 02:59:21.152
ETH,BUY,0.0182,550813.000,2024-07-20 03:00:08.404
ETH,SELL,0.0100,550782.000,2024-07-20 03:00:17.645
ETH,SELL,0.0200,550782.000,2024-07-20 03:00:30.893
ETH,SELL,0.0550,550556.000,2024-07-20 03:00:30.893
ETH,SELL,0.0100,550797.000,2024-07-20 03:00:36.652
ETH,BUY,0.0380,550798.000,2024-07-20 03:00:41.110
ETH,BUY,0.0620,550828.000,2024-07-20 03:00:41.582
ETH,SELL,0.0100,550902.000,2024-07-20 03:00:46.658
ETH,SELL,0.9899,550902.000,2024-07-20 03:00:48.349
ETH,SELL,0.9999,550985.000,2024-07-20 03:01:00.252
ETH,SELL,0.0100,550933.000,2024-07-20 03:01:03.545
ETH,SELL,0.9999,551018.000,2024-07-20 03:01:23.364
ETH,BUY,0.0540,551021.000,2024-07-20 03:01:47.345
ETH,SELL,0.0100,550994.000,2024-07-20 03:01:56.659
ETH,SELL,0.0200,550995.000,2024-07-20 03:02:02.153
ETH,SELL,0.0100,551013.000,2024-07-20 03:02:10.651
ETH,SELL,0.0100,550994.000,2024-07-20 03:02:16.155
ETH,SELL,0.0100,550995.000,2024-07-20 03:02:36.657
ETH,SELL,0.0100,550947.000,2024-07-20 03:02:46.655
ETH,BUY,0.0100,550946.000,2024-07-20 03:02:55.558
ETH,SELL,0.0200,550965.000,2024-07-20 03:03:38.647
ETH,SELL,0.0200,550965.000,2024-07-20 03:04:02.163
ETH,SELL,0.1500,550965.000,2024-07-20 03:05:21.802
ETH,SELL,0.4801,550965.000,2024-07-20 03:05:21.802
ETH,SELL,0.0798,550845.000,2024-07-20 03:05:22.347
ETH,BUY,0.2000,551000.000,2024-07-20 03:06:15.874
ETH,BUY,0.0997,551000.000,2024-07-20 03:06:16.008
ETH,BUY,0.3000,551000.000,2024-07-20 03:06:16.672
ETH,BUY,0.3000,551000.000,2024-07-20 03:06:17.557
ETH,BUY,0.2000,551000.000,2024-07-20 03:06:17.885
ETH,BUY,0.2000,551000.000,2024-07-20 03:06:18.635
ETH,BUY,0.9000,551000.000,2024-07-20 03:06:19.614
ETH,BUY,0.2000,551000.000,2024-07-20 03:06:20.027
ETH,BUY,0.2000,551000.000,2024-07-20 03:06:20.584
ETH,BUY,0.2000,551000.000,2024-07-20 03:06:22.149
ETH,BUY,0.2000,551000.000,2024-07-20 03:06:27.724
ETH,BUY,0.2000,551000.000,2024-07-20 03:06:29.846
ETH,BUY,0.2000,551000.000,2024-07-20 03:06:31.998
ETH,BUY,0.2000,551000.000,2024-07-20 03:06:34.204
ETH,BUY,0.1000,551000.000,2024-07-20 03:06:39.761
ETH,BUY,0.3003,551000.000,2024-07-20 03:06:40.645
ETH,SELL,0.9999,551573.000,2024-07-20 03:06:47.234
ETH,SELL,0.6500,551486.000,2024-07-20 03:07:18.601
ETH,SELL,0.9999,551680.000,2024-07-20 03:08:12.237
ETH,SELL,0.9999,551701.000,2024-07-20 03:08:14.110
ETH,SELL,0.0286,551620.000,2024-07-20 03:08:37.662
ETH,SELL,0.0315,551555.000,2024-07-20 03:08:43.173
ETH,SELL,0.0100,551428.000,2024-07-20 03:09:03.651
ETH,SELL,0.0370,551401.000,2024-07-20 03:09:09.150
ETH,SELL,0.1839,551695.000,2024-07-20 03:10:19.919
ETH,BUY,1.0000,551704.000,2024-07-20 03:10:59.758
ETH,BUY,0.6024,551720.000,2024-07-20 03:10:59.758
ETH,BUY,0.2000,551721.000,2024-07-20 03:10:59.758
ETH,BUY,0.1976,551796.000,2024-07-20 03:10:59.758
ETH,SELL,0.0386,551638.000,2024-07-20 03:11:11.658
ETH,BUY,0.4000,551564.000,2024-07-20 03:11:14.350
ETH,SELL,0.0560,551428.000,2024-07-20 03:11:29.828
ETH,BUY,1.0000,551720.000,2024-07-20 03:11:52.622
ETH,BUY,0.1327,551767.000,2024-07-20 03:11:52.622
ETH,BUY,0.8515,551771.000,2024-07-20 03:11:52.622
ETH,BUY,0.0158,551781.000,2024-07-20 03:11:52.622
ETH,BUY,0.0500,551593.000,2024-07-20 03:12:23.630
ETH,SELL,0.8922,551763.000,2024-07-20 03:12:30.621
ETH,SELL,0.0509,551736.000,2024-07-20 03:12:56.164
ETH,BUY,0.0100,551751.000,2024-07-20 03:13:09.630
ETH,BUY,0.0200,551734.000,2024-07-20 03:13:19.220
ETH,SELL,0.0357,551581.000,2024-07-20 03:13:57.157
ETH,SELL,0.0468,551525.000,2024-07-20 03:14:02.656
ETH,SELL,0.4000,551403.000,2024-07-20 03:14:36.983
ETH,SELL,0.0100,551424.000,2024-07-20 03:15:18.646
ETH,SELL,0.2190,551655.000,2024-07-20 03:15:44.594
ETH,SELL,0.0398,551614.000,2024-07-20 03:16:19.676
ETH,BUY,0.0100,551654.000,2024-07-20 03:17:24.631
ETH,SELL,0.0116,551410.000,2024-07-20 03:18:02.678
ETH,SELL,0.0100,551550.000,2024-07-20 03:18:32.145
ETH,SELL,0.0100,551535.000,2024-07-20 03:18:37.643
ETH,SELL,0.0357,551475.000,2024-07-20 03:19:49.184
ETH,SELL,0.9999,551724.000,2024-07-20 03:20:14.609
ETH,SELL,0.3335,551723.000,2024-07-20 03:21:57.501
ETH,BUY,0.5440,551704.000,2024-07-20 03:23:56.929
ETH,SELL,0.1000,551767.000,2024-07-20 03:24:25.068
ETH,SELL,0.2345,551767.000,2024-07-20 03:24:32.733
ETH,SELL,0.1000,551754.000,2024-07-20 03:24:45.845
ETH,SELL,0.0708,551396.000,2024-07-20 03:24:51.157
ETH,SELL,0.1899,551794.000,2024-07-20 03:24:53.827
ETH,SELL,0.2000,551797.000,2024-07-20 03:24:56.248
ETH,SELL,0.2400,551807.000,2024-07-20 03:25:02.843
ETH,SELL,0.0100,551847.000,2024-07-20 03:25:40.154
ETH,SELL,0.0100,551817.000,2024-07-20 03:25:45.642
ETH,SELL,0.0100,551663.000,2024-07-20 03:26:04.656
ETH,SELL,0.0100,551839.000,2024-07-20 03:26:10.161
ETH,SELL,0.1000,551855.000,2024-07-20 03:26:41.923
ETH,SELL,0.0804,551855.000,2024-07-20 03:26:47.143
ETH,SELL,0.4000,551789.000,2024-07-20 03:27:41.488
ETH,SELL,0.0100,551782.000,2024-07-20 03:29:45.154
ETH,BUY,0.0152,551800.000,2024-07-20 03:30:04.366
ETH,SELL,0.0100,551861.000,2024-07-20 03:32:22.156
ETH,SELL,0.0100,551861.000,2024-07-20 03:32:27.689
ETH,BUY,0.1700,551795.000,2024-07-20 03:32:32.887
ETH,SELL,0.0100,551513.000,2024-07-20 03:33:12.151
ETH,SELL,0.0107,551569.000,2024-07-20 03:33:43.149
ETH,SELL,0.0123,551501.000,2024-07-20 03:34:29.156
ETH,SELL,0.0163,551819.000,2024-07-20 03:35:36.148
ETH,SELL,0.0100,551760.000,2024-07-20 03:37:02.655
ETH,BUY,0.2000,551745.000,2024-07-20 03:37:30.210
ETH,SELL,0.1000,551760.000,2024-07-20 03:37:48.913
ETH,SELL,0.0100,551760.000,2024-07-20 03:37:53.148
ETH,SELL,0.3000,551760.000,2024-07-20 03:37:54.351
ETH,BUY,0.5400,551681.000,2024-07-20 03:39:02.437
ETH,BUY,1.0000,551696.000,2024-07-20 03:39:16.491
ETH,SELL,0.0100,551710.000,2024-07-20 03:39:25.652
ETH,SELL,0.0100,551710.000,2024-07-20 03:39:31.156
ETH,SELL,0.9999,551710.000,2024-07-20 03:40:28.702
ETH,BUY,0.0120,551778.000,2024-07-20 03:40:46.703
ETH,SELL,0.0200,551695.000,2024-07-20 03:41:39.516
ETH,BUY,0.0390,551682.000,2024-07-20 03:42:05.860
ETH,SELL,0.0100,551681.000,2024-07-20 03:42:26.182
ETH,SELL,0.0100,551681.000,2024-07-20 03:42:31.660
ETH,BUY,0.0500,551585.000,2024-07-20 03:43:01.047
ETH,BUY,0.0100,551585.000,2024-07-20 03:45:13.228
ETH,SELL,0.0630,551584.000,2024-07-20 03:45:56.692
ETH,SELL,0.0770,551584.000,2024-07-20 03:45:56.978
ETH,SELL,0.0230,551500.000,2024-07-20 03:45:56.978
ETH,SELL,0.0730,551500.000,2024-07-20 03:46:04.660
ETH,BUY,0.0300,551501.000,2024-07-20 03:47:34.138
ETH,SELL,0.0040,551500.000,2024-07-20 03:48:21.186
ETH,SELL,0.0508,551283.000,2024-07-20 03:48:21.186
ETH,SELL,0.9999,551247.000,2024-07-20 03:48:46.354
ETH,SELL,0.9999,551241.000,2024-07-20 03:48:59.237
ETH,SELL,0.8629,551255.000,2024-07-20 03:49:08.904
ETH,SELL,0.0100,551238.000,2024-07-20 03:49:46.164
ETH,SELL,0.9999,551391.000,2024-07-20 03:50:42.187
ETH,SELL,0.9999,551387.000,2024-07-20 03:50:45.048
ETH,BUY,0.1800,551215.000,2024-07-20 03:52:28.485
ETH,BUY,0.0100,551247.000,2024-07-20 03:53:02.776
ETH,SELL,0.0155,551000.000,2024-07-20 03:56:50.152
ETH,SELL,0.0845,551000.000,2024-07-20 03:57:21.841
ETH,SELL,0.0065,550888.000,2024-07-20 03:57:21.841
ETH,BUY,0.0100,550889.000,2024-07-20 03:57:45.222
ETH,SELL,0.0200,550880.000,2024-07-20 03:57:58.697
ETH,BUY,0.0100,551077.000,2024-07-20 04:00:09.309
ETH,SELL,0.0467,551028.000,2024-07-20 04:00:25.157
ETH,SELL,0.0109,551004.000,2024-07-20 04:00:53.177
ETH,SELL,1.0000,551029.000,2024-07-20 04:01:24.394
ETH,SELL,0.1341,551004.000,2024-07-20 04:02:56.288
ETH,SELL,0.0900,550797.000,2024-07-20 04:02:56.288
ETH,SELL,0.4422,550754.000,2024-07-20 04:02:56.288
ETH,SELL,0.0100,550761.000,2024-07-20 04:03:00.216
ETH,SELL,0.0704,551029.000,2024-07-20 04:03:15.202
ETH,SELL,0.0100,551029.000,2024-07-20 04:03:20.658
ETH,SELL,0.0100,551029.000,2024-07-20 04:03:26.143
ETH,SELL,0.0041,551029.000,2024-07-20 04:04:06.147
ETH,SELL,0.0100,550649.000,2024-07-20 04:04:06.147
ETH,BUY,0.5989,550939.000,2024-07-20 04:04:16.091
ETH,BUY,1.6485,550940.000,2024-07-20 04:04:16.091
ETH,BUY,5.0000,550942.000,2024-07-20 04:04:16.091
ETH,SELL,0.0100,551029.000,2024-07-20 04:04:20.641
ETH,SELL,1.0000,551029.000,2024-07-20 04:04:24.987
ETH,SELL,0.0100,551029.000,2024-07-20 04:04:32.148
ETH,SELL,0.0100,551029.000,2024-07-20 04:04:42.153
ETH,SELL,0.0100,551029.000,2024-07-20 04:04:55.153
ETH,SELL,0.0500,551029.000,2024-07-20 04:05:04.334
ETH,SELL,0.0100,551029.000,2024-07-20 04:05:06.649
ETH,BUY,0.0200,551030.000,2024-07-20 04:05:08.307
ETH,BUY,0.1000,551053.000,2024-07-20 04:05:31.935
ETH,SELL,0.1000,551029.000,2024-07-20 04:05:48.165
ETH,SELL,0.2000,551029.000,2024-07-20 04:05:57.491
ETH,SELL,0.2000,551029.000,2024-07-20 04:05:57.865
ETH,SELL,0.0200,551029.000,2024-07-20 04:06:11.648
ETH,BUY,0.0170,551030.000,2024-07-20 04:06:13.030
ETH,SELL,0.0200,551029.000,2024-07-20 04:06:29.153
ETH,SELL,0.2299,551029.000,2024-07-20 04:06:44.034
ETH,SELL,0.2000,551029.000,2024-07-20 04:07:06.614
ETH,SELL,0.2000,551029.000,2024-07-20 04:07:08.494
ETH,SELL,0.1000,551029.000,2024-07-20 04:07:08.750
ETH,SELL,0.1699,551029.000,2024-07-20 04:07:10.154
ETH,SELL,0.0200,551029.000,2024-07-20 04:07:40.658
ETH,BUY,0.0200,551119.000,2024-07-20 04:08:40.990
ETH,SELL,0.0400,551029.000,2024-07-20 04:09:31.797
ETH,SELL,0.0199,551174.000,2024-07-20 04:09:55.146
ETH,SELL,0.1801,551174.000,2024-07-20 04:10:06.210
ETH,SELL,0.0149,551173.000,2024-07-20 04:10:06.210
ETH,BUY,1.5500,551189.000,2024-07-20 04:10:37.181
ETH,BUY,0.4500,551189.000,2024-07-20 04:10:43.891
ETH,SELL,0.0100,551736.000,2024-07-20 04:10:54.635
ETH,SELL,0.0100,551431.000,2024-07-20 04:11:12.153
ETH,SELL,0.0100,551786.000,2024-07-20 04:11:26.652
ETH,SELL,0.0100,551396.000,2024-07-20 04:11:36.653
ETH,BUY,0.0310,551456.000,2024-07-20 04:11:46.946
ETH,SELL,0.4489,551477.000,2024-07-20 04:11:48.460
ETH,SELL,0.0100,551496.000,2024-07-20 04:12:13.005
ETH,SELL,0.1609,551608.000,2024-07-20 04:12:24.541
ETH,SELL,0.0800,551900.000,2024-07-20 04:14:05.493
ETH,BUY,0.0100,551901.000,2024-07-20 04:14:05.530
ETH,BUY,0.0700,551901.000,2024-07-20 04:14:44.773
ETH,BUY,0.0100,552000.000,2024-07-20 04:15:07.165
ETH,BUY,0.0100,552200.000,2024-07-20 04:19:35.364
ETH,BUY,0.0270,552200.000,2024-07-20 04:19:59.613
ETH,BUY,0.0317,552266.000,2024-07-20 04:19:59.613
ETH,BUY,0.8413,552374.000,2024-07-20 04:19:59.613
ETH,BUY,0.3000,552509.000,2024-07-20 04:21:19.904
ETH,BUY,0.0312,552509.000,2024-07-20 04:22:17.298
ETH,BUY,0.0362,552509.000,2024-07-20 04:25:16.570
ETH,SELL,0.0332,552487.000,2024-07-20 04:26:09.196
ETH,SELL,0.0100,552374.000,2024-07-20 04:26:14.658
ETH,SELL,0.0190,552374.000,2024-07-20 04:26:16.279
ETH,SELL,0.0740,552315.000,2024-07-20 04:26:16.279
ETH,SELL,1.0000,552262.000,2024-07-20 04:26:57.777
ETH,BUY,1.0000,552279.000,2024-07-20 04:27:08.043
ETH,SELL,1.0000,552301.000,2024-07-20 04:28:07.986
ETH,SELL,0.1400,552416.000,2024-07-20 04:28:31.789
ETH,SELL,0.3600,552415.000,2024-07-20 04:28:31.789
ETH,BUY,0.2263,552509.000,2024-07-20 04:31:23.978
ETH,BUY,0.0337,552561.000,2024-07-20 04:31:23.978
ETH,SELL,0.0163,552192.000,2024-07-20 04:32:23.148
ETH,BUY,0.0360,552350.000,2024-07-20 04:33:07.676
ETH,SELL,0.0332,552373.000,2024-07-20 04:33:46.644
ETH,SELL,0.0200,552289.000,2024-07-20 04:35:40.150
ETH,SELL,1.0000,552300.000,2024-07-20 04:36:14.187
ETH,BUY,0.2500,552177.000,2024-07-20 04:38:02.030
ETH,SELL,0.0193,552154.000,2024-07-20 04:38:32.192
ETH,BUY,0.6016,552349.000,2024-07-20 04:38:36.640
ETH,BUY,0.1640,552350.000,2024-07-20 04:38:36.640
ETH,BUY,1.2344,552389.000,2024-07-20 04:38:36.640
ETH,SELL,0.0586,552130.000,2024-07-20 04:38:46.658
ETH,BUY,0.0100,552130.000,2024-07-20 04:39:22.363
ETH,SELL,0.0100,552215.000,2024-07-20 04:42:17.656
ETH,BUY,0.1200,552215.000,2024-07-20 04:43:03.041
ETH,BUY,0.0386,552226.000,2024-07-20 04:43:03.041
ETH,SELL,0.8783,552293.000,2024-07-20 04:44:34.397
ETH,SELL,0.0553,552293.000,2024-07-20 04:45:25.372
ETH,SELL,0.0200,552310.000,2024-07-20 04:47:29.150
ETH,BUY,0.0100,552247.000,2024-07-20 04:48:17.309
ETH,SELL,0.0256,552055.000,2024-07-20 04:49:01.642
ETH,SELL,0.0110,552297.000,2024-07-20 04:49:58.137
ETH,BUY,1.0000,552209.000,2024-07-20 04:51:25.686
ETH,BUY,0.3627,552313.000,2024-07-20 04:51:25.686
ETH,BUY,1.4412,552313.000,2024-07-20 04:51:25.686
ETH,BUY,0.5923,552547.000,2024-07-20 04:51:25.686
ETH,BUY,0.5429,552548.000,2024-07-20 04:51:25.686
ETH,BUY,0.2000,552620.000,2024-07-20 04:51:25.686
ETH,BUY,1.6609,552624.000,2024-07-20 04:51:25.686
ETH,BUY,0.0429,552624.000,2024-07-20 04:51:25.901
ETH,BUY,1.0000,552263.000,2024-07-20 04:52:39.159
ETH,BUY,0.5924,552651.000,2024-07-20 04:52:39.159
ETH,BUY,0.1897,552652.000,2024-07-20 04:52:39.159
ETH,BUY,3.4779,552711.000,2024-07-20 04:52:39.159
ETH,BUY,0.0897,552711.000,2024-07-20 04:52:39.289
ETH,BUY,1.0000,552565.000,2024-07-20 04:53:09.993
ETH,SELL,0.1101,552510.000,2024-07-20 04:57:11.369
ETH,SELL,0.5749,552506.000,2024-07-20 04:57:11.369
ETH,SELL,1.0000,552596.000,2024-07-20 05:00:34.624
ETH,BUY,0.2000,552560.000,2024-07-20 05:00:42.099
ETH,BUY,0.2000,552583.000,2024-07-20 05:01:35.776
ETH,SELL,0.0100,552583.000,2024-07-20 05:04:58.329
ETH,SELL,0.0900,552583.000,2024-07-20 05:06:12.005
ETH,SELL,0.2850,552583.000,2024-07-20 05:06:12.005
ETH,SELL,0.1000,552583.000,2024-07-20 05:06:12.083
ETH,SELL,0.1000,552583.000,2024-07-20 05:06:12.588
ETH,SELL,0.0150,552583.000,2024-07-20 05:06:19.157
ETH,SELL,0.2188,552396.000,2024-07-20 05:06:19.157
ETH,BUY,0.1500,552339.000,2024-07-20 05:06:45.716
ETH,SELL,0.0150,552396.000,2024-07-20 05:07:54.681
ETH,SELL,0.0100,552299.000,2024-07-20 05:08:14.978
ETH,SELL,0.0417,552217.000,2024-07-20 05:09:46.643
ETH,BUY,0.1400,552409.000,2024-07-20 05:11:03.038
ETH,SELL,0.0324,552255.000,2024-07-20 05:12:20.001
ETH,BUY,0.1000,552233.000,2024-07-20 05:12:43.032
ETH,BUY,0.1359,552281.000,2024-07-20 05:15:50.827
ETH,BUY,0.0398,552594.000,2024-07-20 05:15:51.820
ETH,SELL,0.6568,552271.000,2024-07-20 05:15:52.688
ETH,BUY,0.0453,552225.000,2024-07-20 05:15:59.784
ETH,BUY,0.0408,552401.000,2024-07-20 05:16:53.440
ETH,BUY,0.0260,552350.000,2024-07-20 05:17:12.776
ETH,BUY,0.0196,552350.000,2024-07-20 05:17:14.811
ETH,BUY,0.1149,552351.000,2024-07-20 05:17:16.131
ETH,SELL,0.0200,552293.000,2024-07-20 05:17:54.212
ETH,BUY,0.1000,552234.000,2024-07-20 05:19:50.619
ETH,SELL,0.0200,552233.000,2024-07-20 05:21:41.657
ETH,SELL,0.0300,552232.000,2024-07-20 05:23:32.545
ETH,SELL,0.0710,552232.000,2024-07-20 05:23:38.704
ETH,SELL,0.0199,552232.000,2024-07-20 05:24:36.698
ETH,SELL,0.0100,552232.000,2024-07-20 05:25:55.691
ETH,BUY,0.0135,552233.000,2024-07-20 05:26:03.932
ETH,SELL,0.0297,552232.000,2024-07-20 05:27:03.118
ETH,SELL,0.0100,552232.000,2024-07-20 05:27:35.638
ETH,SELL,0.0094,552232.000,2024-07-20 05:27:50.145
ETH,SELL,0.0006,552232.000,2024-07-20 05:27:50.145
ETH,SELL,0.0194,552232.000,2024-07-20 05:27:53.633
ETH,SELL,0.5789,552117.000,2024-07-20 05:27:53.633
ETH,SELL,0.2991,552183.000,2024-07-20 05:27:54.489
ETH,SELL,0.3449,552137.000,2024-07-20 05:28:23.469
ETH,SELL,0.0100,552119.000,2024-07-20 05:28:25.653
ETH,SELL,0.0100,552007.000,2024-07-20 05:28:31.142
ETH,SELL,0.4000,551884.000,2024-07-20 05:29:03.703
ETH,SELL,0.1000,551895.000,2024-07-20 05:29:17.244
ETH,SELL,0.6000,551948.000,2024-07-20 05:30:02.657
ETH,SELL,0.0100,552000.000,2024-07-20 05:30:52.430
ETH,BUY,0.2000,552031.000,2024-07-20 05:30:58.965
ETH,SELL,0.0108,551710.000,2024-07-20 05:31:27.643
ETH,SELL,0.1000,551513.000,2024-07-20 05:34:53.188
ETH,SELL,0.0126,551144.000,2024-07-20 05:37:31.695
ETH,SELL,0.0100,551266.000,2024-07-20 05:38:11.747
ETH,BUY,0.0100,551318.000,2024-07-20 05:39:28.337
ETH,BUY,1.0000,551280.000,2024-07-20 05:40:34.748
ETH,BUY,1.0997,551500.000,2024-07-20 05:40:34.748
ETH,BUY,0.2903,551500.000,2024-07-20 05:40:34.748
ETH,BUY,1.0637,551509.000,2024-07-20 05:40:54.858
ETH,BUY,0.9038,551606.000,2024-07-20 05:40:54.858
ETH,SELL,0.2462,551618.000,2024-07-20 05:45:30.669
ETH,BUY,0.0300,551800.000,2024-07-20 05:46:13.199
ETH,BUY,0.1822,551927.000,2024-07-20 05:46:13.199
ETH,SELL,0.0120,551669.000,2024-07-20 05:46:53.458
ETH,SELL,0.0141,551693.000,2024-07-20 05:47:11.648
ETH,SELL,0.0209,551805.000,2024-07-20 05:49:41.144
ETH,BUY,0.2147,551927.000,2024-07-20 05:49:47.617
ETH,BUY,0.0353,552000.000,2024-07-20 05:49:47.617
ETH,BUY,0.1000,552000.000,2024-07-20 05:50:11.822
ETH,SELL,0.0200,551935.000,2024-07-20 05:52:22.665
ETH,SELL,0.1200,551988.000,2024-07-20 05:52:36.833
ETH,BUY,0.0247,552000.000,2024-07-20 05:53:10.559
ETH,BUY,0.0653,552082.000,2024-07-20 05:53:10.559
ETH,SELL,0.9999,552077.000,2024-07-20 05:53:46.952
ETH,SELL,0.0200,551997.000,2024-07-20 05:54:40.203
ETH,BUY,0.1758,551985.000,2024-07-20 05:55:18.828
ETH,BUY,0.1000,551956.000,2024-07-20 05:57:31.578
ETH,SELL,0.0265,551908.000,2024-07-20 05:57:44.198
ETH,BUY,0.0130,551904.000,2024-07-20 05:58:15.983
ETH,SELL,0.2697,551902.000,2024-07-20 05:58:18.592
ETH,SELL,0.9999,551885.000,2024-07-20 06:00:15.463
ETH,SELL,0.0140,551811.000,2024-07-20 06:00:18.161
ETH,BUY,0.3000,551773.000,2024-07-20 06:00:47.858
ETH,SELL,0.9999,551770.000,2024-07-20 06:01:07.085
ETH,SELL,0.7637,551755.000,2024-07-20 06:01:12.875
ETH,SELL,0.9999,551769.000,2024-07-20 06:01:17.173
ETH,SELL,0.9999,551760.000,2024-07-20 06:01:19.753
ETH,SELL,0.9999,551770.000,2024-07-20 06:01:25.271
ETH,SELL,0.9999,551756.000,2024-07-20 06:01:29.360
ETH,SELL,0.9999,551790.000,2024-07-20 06:01:31.987
ETH,SELL,0.9599,551780.000,2024-07-20 06:01:37.963
ETH,BUY,0.0100,551773.000,2024-07-20 06:03:46.797
ETH,SELL,0.0155,551894.000,2024-07-20 06:05:47.723
ETH,SELL,0.0316,551863.000,2024-07-20 06:06:23.144
ETH,SELL,0.1000,551912.000,2024-07-20 06:07:15.545
ETH,BUY,0.0300,552188.000,2024-07-20 06:11:44.467
ETH,BUY,0.3300,552188.000,2024-07-20 06:11:46.104
ETH,SELL,0.0151,552010.000,2024-07-20 06:13:40.710
ETH,SELL,0.0129,551990.000,2024-07-20 06:14:10.141
ETH,SELL,0.0104,551960.000,2024-07-20 06:15:41.163
ETH,BUY,1.0000,551963.000,2024-07-20 06:19:28.928
ETH,SELL,1.0000,552060.000,2024-07-20 06:20:44.375
ETH,SELL,0.0243,551977.000,2024-07-20 06:22:01.699
ETH,BUY,0.0100,551991.000,2024-07-20 06:22:36.339
ETH,BUY,0.1800,552094.000,2024-07-20 06:26:12.787
ETH,SELL,0.0100,552160.000,2024-07-20 06:27:57.706
ETH,SELL,0.0300,552169.000,2024-07-20 06:28:12.647
ETH,SELL,0.0111,552018.000,2024-07-20 06:30:58.145
ETH,BUY,0.1000,551911.000,2024-07-20 06:33:48.245
ETH,SELL,0.0269,551947.000,2024-07-20 06:37:12.649
ETH,SELL,0.0100,551942.000,2024-07-20 06:37:28.275
ETH,BUY,0.0740,552109.000,2024-07-20 06:40:42.087
ETH,SELL,0.0500,552149.000,2024-07-20 06:43:03.133
ETH,SELL,0.0800,552149.000,2024-07-20 06:43:03.483
ETH,SELL,0.0179,552148.000,2024-07-20 06:43:04.674
ETH,SELL,0.1123,552140.000,2024-07-20 06:43:10.644
ETH,BUY,0.7000,552188.000,2024-07-20 06:44:31.850
ETH,SELL,0.0199,552186.000,2024-07-20 06:44:44.649
ETH,BUY,0.0650,552188.000,2024-07-20 06:44:48.778
ETH,SELL,0.0100,552161.000,2024-07-20 06:45:14.155
ETH,SELL,0.0100,552154.000,2024-07-20 06:45:19.653
ETH,SELL,0.0157,552175.000,2024-07-20 06:45:44.644
ETH,SELL,0.0285,552181.000,2024-07-20 06:45:51.661
ETH,SELL,0.9999,552078.000,2024-07-20 06:46:40.720
ETH,SELL,0.0500,552036.000,2024-07-20 06:47:41.216
ETH,SELL,0.0100,552029.000,2024-07-20 06:50:25.661
ETH,SELL,0.0100,551974.000,2024-07-20 06:50:25.661
ETH,BUY,0.0296,551971.000,2024-07-20 06:51:21.208
ETH,BUY,0.0704,552017.000,2024-07-20 06:51:21.208
ETH,SELL,0.9999,551817.000,2024-07-20 06:51:43.238
ETH,SELL,0.9999,551860.000,2024-07-20 06:51:56.759
ETH,SELL,0.0200,551839.000,2024-07-20 06:51:59.643
ETH,SELL,0.9999,551861.000,2024-07-20 06:52:30.863
ETH,SELL,0.0100,551859.000,2024-07-20 06:53:11.628
ETH,SELL,0.9999,551890.000,2024-07-20 06:53:41.562
ETH,SELL,0.1000,551915.000,2024-07-20 06:56:25.133
ETH,BUY,0.2000,551915.000,2024-07-20 06:58:14.706
ETH,BUY,0.1305,551916.000,2024-07-20 06:58:14.706
ETH,BUY,0.1195,551935.000,2024-07-20 06:58:14.706
ETH,BUY,1.0000,551978.000,2024-07-20 06:59:26.828
ETH,BUY,0.5351,552000.000,2024-07-20 06:59:26.828
ETH,SELL,0.0800,552000.000,2024-07-20 07:00:01.961
ETH,SELL,0.0100,552000.000,2024-07-20 07:00:10.245
ETH,SELL,0.2066,552000.000,2024-07-20 07:00:11.955
ETH,SELL,0.2000,552000.000,2024-07-20 07:00:18.206
ETH,SELL,0.1000,552000.000,2024-07-20 07:00:20.299
ETH,SELL,1.9998,552000.000,2024-07-20 07:00:22.352
ETH,SELL,0.0220,552000.000,2024-07-20 07:00:30.676
ETH,SELL,1.9998,552000.000,2024-07-20 07:00:35.097
ETH,SELL,0.2467,552000.000,2024-07-20 07:01:15.745
ETH,SELL,0.2299,552000.000,2024-07-20 07:01:15.745
ETH,SELL,0.0001,552000.000,2024-07-20 07:01:54.409
ETH,SELL,0.1999,551621.000,2024-07-20 07:01:54.409
ETH,SELL,0.0100,551617.000,2024-07-20 07:01:55.978
ETH,SELL,0.1000,551600.000,2024-07-20 07:01:55.978
ETH,SELL,0.6900,551537.000,2024-07-20 07:01:55.978
ETH,SELL,0.0138,551517.000,2024-07-20 07:02:03.189
ETH,SELL,0.4091,551506.000,2024-07-20 07:02:11.327
ETH,SELL,0.1000,551506.000,2024-07-20 07:02:11.643
ETH,SELL,0.2000,551506.000,2024-07-20 07:02:12.873
ETH,BUY,0.0200,551055.000,2024-07-20 07:02:14.346
ETH,SELL,0.1986,551246.000,2024-07-20 07:02:17.662
ETH,SELL,0.0665,551157.000,2024-07-20 07:02:35.151
ETH,SELL,0.8799,551169.000,2024-07-20 07:04:54.687
ETH,SELL,0.0100,551169.000,2024-07-20 07:06:49.651
ETH,SELL,0.0100,551070.000,2024-07-20 07:06:55.166
ETH,SELL,1.0000,551099.000,2024-07-20 07:08:08.541
ETH,SELL,1.0000,551046.000,2024-07-20 07:08:08.541
ETH,SELL,0.1000,551000.000,2024-07-20 07:13:12.369
ETH,SELL,0.0421,551060.000,2024-07-20 07:13:17.648
ETH,SELL,0.0100,551063.000,2024-07-20 07:13:59.152
ETH,SELL,0.0128,550930.000,2024-07-20 07:14:28.646
ETH,SELL,0.0100,550931.000,2024-07-20 07:14:40.161
ETH,BUY,0.0182,551070.000,2024-07-20 07:15:34.393
ETH,BUY,0.0183,551070.000,2024-07-20 07:15:38.544
ETH,BUY,0.0103,551070.000,2024-07-20 07:15:40.156
ETH,SELL,0.0100,550976.000,2024-07-20 07:15:45.660
ETH,BUY,0.0830,551070.000,2024-07-20 07:16:14.455
ETH,BUY,0.0009,551070.000,2024-07-20 07:17:32.057
ETH,BUY,0.0091,551266.000,2024-07-20 07:17:32.057
ETH,SELL,0.5863,551077.000,2024-07-20 07:17:43.222
ETH,SELL,1.0000,551077.000,2024-07-20 07:17:43.222
ETH,SELL,0.4237,551009.000,2024-07-20 07:17:43.222
ETH,SELL,0.0234,550590.000,2024-07-20 07:17:43.870
ETH,BUY,0.0900,551266.000,2024-07-20 07:19:21.513
ETH,BUY,0.0009,551266.000,2024-07-20 07:19:39.790
ETH,BUY,0.0388,551601.000,2024-07-20 07:21:16.650
ETH,BUY,0.0091,551600.000,2024-07-20 07:21:17.921
ETH,SELL,0.0119,551386.000,2024-07-20 07:21:24.167
ETH,SELL,0.0112,551595.000,2024-07-20 07:22:35.635
ETH,BUY,0.0107,551532.000,2024-07-20 07:24:05.320
ETH,BUY,0.0121,551262.000,2024-07-20 07:26:00.022
ETH,BUY,0.1279,551262.000,2024-07-20 07:26:00.022
ETH,BUY,0.0150,551275.000,2024-07-20 07:26:28.470
ETH,BUY,0.1156,551275.000,2024-07-20 07:26:48.950
ETH,BUY,0.0344,551324.000,2024-07-20 07:26:48.950
ETH,SELL,0.0194,551065.000,2024-07-20 07:27:14.196
ETH,SELL,0.0120,550650.000,2024-07-20 07:33:12.521
ETH,SELL,0.0131,550646.000,2024-07-20 07:36:45.211
ETH,SELL,0.0100,550620.000,2024-07-20 07:37:32.648
ETH,BUY,0.8600,550687.000,2024-07-20 07:41:25.460
ETH,BUY,0.1400,550697.000,2024-07-20 07:41:25.460
ETH,SELL,0.0122,550521.000,2024-07-20 07:41:38.151
ETH,BUY,0.0997,550302.000,2024-07-20 07:44:09.368
ETH,SELL,0.0900,550461.000,2024-07-20 07:47:19.984
ETH,SELL,0.0100,550317.000,2024-07-20 07:47:19.984
ETH,SELL,0.0100,550281.000,2024-07-20 07:50:34.582
ETH,SELL,0.0092,550281.000,2024-07-20 07:51:48.135
ETH,SELL,0.0029,550259.000,2024-07-20 07:51:48.135
ETH,SELL,0.0100,550259.000,2024-07-20 07:51:56.435
ETH,SELL,0.0213,550349.000,2024-07-20 07:55:50.788
ETH,SELL,0.0146,550259.000,2024-07-20 07:58:04.200
ETH,SELL,0.0100,550259.000,2024-07-20 07:58:15.647
ETH,SELL,0.0100,550259.000,2024-07-20 07:58:21.142
ETH,SELL,0.1000,550259.000,2024-07-20 07:59:21.358
ETH,SELL,0.0400,550259.000,2024-07-20 07:59:26.637
ETH,SELL,0.3000,550259.000,2024-07-20 07:59:47.341
ETH,SELL,0.0138,550259.000,2024-07-20 07:59:47.588
ETH,SELL,0.0119,550259.000,2024-07-20 07:59:48.266
ETH,SELL,0.0100,550259.000,2024-07-20 07:59:55.508
ETH,SELL,0.0200,550259.000,2024-07-20 07:59:56.157
ETH,SELL,0.0200,550259.000,2024-07-20 08:00:21.157
ETH,SELL,0.0200,550259.000,2024-07-20 08:00:31.171
ETH,SELL,0.0023,550259.000,2024-07-20 08:01:31.336
ETH,SELL,0.1976,550259.000,2024-07-20 08:01:31.336
ETH,SELL,0.0182,550259.000,2024-07-20 08:01:49.376
ETH,SELL,0.0182,550259.000,2024-07-20 08:02:09.452
ETH,BUY,0.0200,550260.000,2024-07-20 08:02:11.140
ETH,BUY,0.0190,550260.000,2024-07-20 08:02:11.140
ETH,SELL,0.0100,550000.000,2024-07-20 08:02:19.885
ETH,SELL,0.1900,550000.000,2024-07-20 08:02:19.885
ETH,SELL,0.0100,550000.000,2024-07-20 08:02:20.179
ETH,SELL,0.0259,550000.000,2024-07-20 08:02:20.179
ETH,SELL,0.0741,550000.000,2024-07-20 08:02:20.779
ETH,SELL,0.1000,550000.000,2024-07-20 08:02:20.779
ETH,SELL,0.0259,550000.000,2024-07-20 08:02:20.779
ETH,SELL,0.1296,550000.000,2024-07-20 08:02:20.995
ETH,SELL,0.0445,550000.000,2024-07-20 08:02:21.668
ETH,SELL,0.1555,550000.000,2024-07-20 08:02:21.668
ETH,SELL,0.2299,550000.000,2024-07-20 08:02:22.342
ETH,SELL,0.2000,550000.000,2024-07-20 08:02:22.573
ETH,SELL,0.2000,550000.000,2024-07-20 08:02:23.499
ETH,SELL,0.0768,550000.000,2024-07-20 08:02:31.646
ETH,BUY,0.0180,550001.000,2024-07-20 08:02:56.601
ETH,SELL,0.1350,550000.000,2024-07-20 08:04:10.208
ETH,SELL,0.0028,550000.000,2024-07-20 08:04:27.887
ETH,SELL,0.0182,549450.000,2024-07-20 08:04:27.887
ETH,SELL,0.1790,549427.000,2024-07-20 08:04:27.887
ETH,BUY,1.0000,549191.000,2024-07-20 08:04:29.660
ETH,SELL,0.2000,549484.000,2024-07-20 08:04:49.937
ETH,SELL,0.1997,549484.000,2024-07-20 08:04:50.019
ETH,SELL,0.0250,549484.000,2024-07-20 08:04:50.664
ETH,SELL,0.2299,549460.000,2024-07-20 08:05:36.622
ETH,SELL,0.0399,549544.000,2024-07-20 08:06:48.645
ETH,BUY,0.0100,549619.000,2024-07-20 08:07:35.656
ETH,BUY,0.1064,550113.000,2024-07-20 08:11:50.561
ETH,BUY,0.0950,550166.000,2024-07-20 08:12:30.493
ETH,SELL,0.0100,550179.000,2024-07-20 08:15:03.156
ETH,SELL,0.0100,550212.000,2024-07-20 08:15:13.153
ETH,BUY,0.0102,550260.000,2024-07-20 08:15:48.482
ETH,BUY,0.0800,550293.000,2024-07-20 08:19:02.157
ETH,SELL,0.1000,550251.000,2024-07-20 08:22:13.183
ETH,SELL,0.1000,550251.000,2024-07-20 08:22:18.645
ETH,SELL,0.0021,550250.000,2024-07-20 08:22:18.645
ETH,BUY,0.0508,550293.000,2024-07-20 08:22:38.702
ETH,BUY,0.2489,550419.000,2024-07-20 08:22:38.702
ETH,SELL,0.0200,550275.000,2024-07-20 08:25:39.196
ETH,BUY,0.1700,550276.000,2024-07-20 08:27:08.940
ETH,BUY,0.4800,550276.000,2024-07-20 08:27:08.940
ETH,BUY,1.0000,550276.000,2024-07-20 08:27:08.940
ETH,BUY,0.3500,550276.000,2024-07-20 08:27:08.940
ETH,SELL,0.0129,550275.000,2024-07-20 08:28:00.927
ETH,BUY,0.5183,550276.000,2024-07-20 08:29:18.176
ETH,BUY,0.4566,550285.000,2024-07-20 08:29:18.176
ETH,BUY,0.0251,550286.000,2024-07-20 08:29:18.176
ETH,SELL,0.5778,550275.000,2024-07-20 08:30:01.249
ETH,SELL,0.5603,550275.000,2024-07-20 08:30:01.249
ETH,SELL,0.9396,550275.000,2024-07-20 08:30:37.986
ETH,SELL,0.0001,550275.000,2024-07-20 08:30:46.653
ETH,SELL,0.0487,550209.000,2024-07-20 08:30:46.653
ETH,SELL,0.0100,550209.000,2024-07-20 08:30:56.645
ETH,SELL,0.0100,550209.000,2024-07-20 08:31:08.153
ETH,SELL,0.0182,550209.000,2024-07-20 08:31:09.382
ETH,SELL,0.0100,550209.000,2024-07-20 08:31:18.154
ETH,SELL,0.0182,550209.000,2024-07-20 08:31:19.453
ETH,SELL,0.0100,550209.000,2024-07-20 08:31:23.648
ETH,SELL,0.0100,550209.000,2024-07-20 08:32:06.654
ETH,SELL,0.0100,550209.000,2024-07-20 08:32:22.649
ETH,SELL,0.0119,550209.000,2024-07-20 08:32:37.665
ETH,SELL,0.0881,549737.000,2024-07-20 08:32:37.665
ETH,SELL,0.0200,549580.000,2024-07-20 08:33:11.664
ETH,BUY,0.3000,549776.000,2024-07-20 08:33:57.273
ETH,SELL,0.0521,549580.000,2024-07-20 08:35:15.637
ETH,SELL,0.0286,549580.000,2024-07-20 08:35:21.147
ETH,SELL,0.1693,549580.000,2024-07-20 08:36:02.533
ETH,SELL,0.0200,549544.000,2024-07-20 08:36:02.533
ETH,SELL,0.9900,549399.000,2024-07-20 08:36:02.533
ETH,SELL,0.2205,549164.000,2024-07-20 08:36:02.533
ETH,SELL,0.0223,549164.000,2024-07-20 08:37:05.649
ETH,SELL,0.0997,549203.000,2024-07-20 08:37:09.103
ETH,SELL,0.0100,549353.000,2024-07-20 08:38:32.175
ETH,SELL,0.0900,549381.000,2024-07-20 08:39:23.814
ETH,SELL,0.0100,549608.000,2024-07-20 08:39:52.639
ETH,BUY,0.0100,549965.000,2024-07-20 08:39:56.970
ETH,SELL,0.0146,549486.000,2024-07-20 08:40:05.647
ETH,SELL,0.0200,549673.000,2024-07-20 08:40:24.639
ETH,BUY,0.1310,549741.000,2024-07-20 08:41:02.109
ETH,BUY,0.0490,550071.000,2024-07-20 08:41:02.109
ETH,SELL,0.0200,549605.000,2024-07-20 08:45:25.716
ETH,SELL,0.0577,549605.000,2024-07-20 08:45:25.773
ETH,SELL,0.4423,549278.000,2024-07-20 08:45:25.773
ETH,SELL,0.3000,549280.000,2024-07-20 08:45:29.831
ETH,SELL,0.0200,549148.000,2024-07-20 08:45:58.140
ETH,BUY,0.0100,549070.000,2024-07-20 08:46:44.008
ETH,BUY,0.0100,549164.000,2024-07-20 08:50:00.035
ETH,SELL,0.0136,549056.000,2024-07-20 08:50:29.728
ETH,SELL,0.0344,549382.000,2024-07-20 08:52:23.152
ETH,SELL,0.0283,549179.000,2024-07-20 08:53:00.169
ETH,SELL,0.0120,549165.000,2024-07-20 08:53:26.646
ETH,SELL,0.0308,549165.000,2024-07-20 08:53:26.646
ETH,SELL,0.0155,549331.000,2024-07-20 08:58:54.639
ETH,BUY,0.0100,549363.000,2024-07-20 08:59:05.954
ETH,SELL,0.0252,549365.000,2024-07-20 09:00:37.656
ETH,BUY,0.0900,549366.000,2024-07-20 09:02:21.672
ETH,BUY,0.0100,549366.000,2024-07-20 09:04:54.946
ETH,SELL,0.0178,549597.000,2024-07-20 09:12:14.702
ETH,SELL,0.2286,549544.000,2024-07-20 09:15:54.264
ETH,BUY,0.0100,549597.000,2024-07-20 09:20:02.039
ETH,BUY,0.0200,549597.000,2024-07-20 09:21:12.348
ETH,BUY,0.1000,549545.000,2024-07-20 09:21:48.732
ETH,BUY,0.0881,549545.000,2024-07-20 09:21:48.732
ETH,BUY,0.0119,549546.000,2024-07-20 09:23:06.994
ETH,BUY,0.0100,549546.000,2024-07-20 09:23:15.751
ETH,SELL,0.0100,549544.000,2024-07-20 09:24:42.649
ETH,SELL,0.0100,549500.000,2024-07-20 09:24:48.165
ETH,BUY,0.0100,549501.000,2024-07-20 09:26:22.490
ETH,BUY,0.0100,549501.000,2024-07-20 09:28:44.986
ETH,BUY,0.0200,549546.000,2024-07-20 09:32:10.345
ETH,BUY,0.0200,549546.000,2024-07-20 09:32:37.460
ETH,BUY,0.5262,549546.000,2024-07-20 09:33:24.264
ETH,BUY,0.9700,549597.000,2024-07-20 09:33:24.264
ETH,BUY,1.0000,549745.000,2024-07-20 09:33:24.264
ETH,BUY,0.4323,549966.000,2024-07-20 09:33:24.264
ETH,BUY,0.4265,549967.000,2024-07-20 09:33:24.264
ETH,BUY,0.7450,549975.000,2024-07-20 09:33:24.264
ETH,SELL,0.0200,550139.000,2024-07-20 09:34:55.156
ETH,BUY,0.2000,550386.000,2024-07-20 09:37:31.981
ETH,BUY,0.0800,550704.000,2024-07-20 09:38:11.880
ETH,BUY,0.0800,550501.000,2024-07-20 09:40:01.731
ETH,BUY,0.0100,550515.000,2024-07-20 09:40:09.435
ETH,BUY,0.0100,550535.000,2024-07-20 09:40:39.804
ETH,SELL,0.0131,550283.000,2024-07-20 09:43:36.646
ETH,BUY,0.0100,550110.000,2024-07-20 09:44:11.883
ETH,BUY,0.0100,550104.000,2024-07-20 09:44:43.232
ETH,BUY,0.0100,550042.000,2024-07-20 09:45:05.450
ETH,SELL,0.7811,549990.000,2024-07-20 09:45:20.319
ETH,BUY,0.0100,549833.000,2024-07-20 09:45:53.125
ETH,BUY,0.2000,549768.000,2024-07-20 09:46:33.008
ETH,BUY,0.0500,549838.000,2024-07-20 09:46:41.902
ETH,BUY,0.1700,549823.000,2024-07-20 09:46:44.986
ETH,BUY,0.8300,549875.000,2024-07-20 09:46:44.986
ETH,BUY,0.0100,549775.000,2024-07-20 09:47:00.181
ETH,SELL,0.0145,549759.000,2024-07-20 09:47:03.214
ETH,BUY,0.0200,549776.000,2024-07-20 09:47:11.308
ETH,BUY,0.7387,549891.000,2024-07-20 09:48:06.260
ETH,BUY,0.2613,549965.000,2024-07-20 09:48:06.260
ETH,BUY,0.5972,550079.000,2024-07-20 09:48:39.818
ETH,BUY,0.0900,550079.000,2024-07-20 09:48:39.818
ETH,BUY,0.1000,550097.000,2024-07-20 09:48:39.818
ETH,BUY,0.5453,550129.000,2024-07-20 09:48:39.818
ETH,BUY,1.1675,550304.000,2024-07-20 09:48:39.818
ETH,BUY,0.0450,550304.000,2024-07-20 09:48:39.955
ETH,BUY,0.4000,550041.000,2024-07-20 09:48:51.508
ETH,BUY,0.6000,550012.000,2024-07-20 09:49:02.773
ETH,BUY,0.0100,550323.000,2024-07-20 09:49:24.374
ETH,BUY,0.0136,550306.000,2024-07-20 09:49:47.077
ETH,BUY,0.1864,550307.000,2024-07-20 09:49:47.077
ETH,BUY,0.0036,550299.000,2024-07-20 09:49:57.111
ETH,BUY,0.0119,550361.000,2024-07-20 09:49:57.111
ETH,BUY,0.0100,550129.000,2024-07-20 09:50:17.112
ETH,SELL,0.0100,549999.000,2024-07-20 09:50:26.713
ETH,SELL,0.0090,549500.000,2024-07-20 09:50:26.713
ETH,BUY,0.1500,549984.000,2024-07-20 09:51:17.191
ETH,BUY,0.0200,549984.000,2024-07-20 09:51:28.955
ETH,BUY,0.0100,549977.000,2024-07-20 09:51:34.111
ETH,BUY,0.0200,549920.000,2024-07-20 09:51:54.599
ETH,BUY,0.0400,549861.000,2024-07-20 09:52:03.665
ETH,SELL,0.0800,549678.000,2024-07-20 09:52:44.680
ETH,BUY,0.5000,549753.000,2024-07-20 09:53:08.908
ETH,SELL,0.0134,549536.000,2024-07-20 09:53:11.229
ETH,SELL,0.0127,549594.000,2024-07-20 09:53:16.660
ETH,BUY,0.0134,549699.000,2024-07-20 09:53:17.384
ETH,BUY,0.2866,549839.000,2024-07-20 09:53:17.384
ETH,BUY,0.0200,549811.000,2024-07-20 09:53:39.907
ETH,BUY,0.0200,549866.000,2024-07-20 09:53:39.907
ETH,BUY,0.0285,549866.000,2024-07-20 09:53:40.106
ETH,BUY,0.1715,549956.000,2024-07-20 09:53:40.106
ETH,SELL,0.9899,549894.000,2024-07-20 09:53:49.812
ETH,SELL,0.0100,549779.000,2024-07-20 09:54:40.148
ETH,BUY,0.0100,549951.000,2024-07-20 09:55:45.544
ETH,SELL,0.0100,549686.000,2024-07-20 09:56:18.709
ETH,SELL,0.0100,549729.000,2024-07-20 09:57:39.167
ETH,SELL,0.0100,549682.000,2024-07-20 09:58:22.154
ETH,SELL,0.0100,549542.000,2024-07-20 09:59:35.150
ETH,SELL,0.0010,549500.000,2024-07-20 10:00:21.149
ETH,SELL,0.0090,549500.000,2024-07-20 10:00:21.149
ETH,BUY,0.0200,549829.000,2024-07-20 10:01:53.206
ETH,SELL,0.0100,549569.000,2024-07-20 10:01:59.652
ETH,BUY,0.0180,549810.000,2024-07-20 10:02:11.080
ETH,SELL,0.0100,549617.000,2024-07-20 10:05:57.652
ETH,SELL,0.0110,550191.000,2024-07-20 10:09:24.159
ETH,SELL,0.0197,550171.000,2024-07-20 10:09:32.150
ETH,SELL,0.0234,549924.000,2024-07-20 10:11:22.650
ETH,SELL,0.0100,549865.000,2024-07-20 10:12:32.655
ETH,SELL,0.0100,549861.000,2024-07-20 10:12:38.167
ETH,BUY,0.1000,550043.000,2024-07-20 10:13:07.568
ETH,BUY,0.0300,550101.000,2024-07-20 10:13:16.314
ETH,BUY,0.0200,550089.000,2024-07-20 10:13:38.102
ETH,BUY,0.0431,550105.000,2024-07-20 10:13:38.102
ETH,BUY,0.0310,550111.000,2024-07-20 10:13:38.102
ETH,BUY,0.4059,550159.000,2024-07-20 10:13:38.102
ETH,SELL,0.0100,549804.000,2024-07-20 10:14:09.146
ETH,SELL,0.0100,549586.000,2024-07-20 10:15:08.887
ETH,SELL,0.0147,549629.000,2024-07-20 10:15:31.199
ETH,SELL,0.0143,549503.000,2024-07-20 10:15:36.674
ETH,SELL,0.0100,549500.000,2024-07-20 10:16:09.151
ETH,SELL,0.1000,549500.000,2024-07-20 10:16:19.927
ETH,SELL,0.0927,549500.000,2024-07-20 10:16:25.146
ETH,SELL,0.1364,549500.000,2024-07-20 10:17:24.278
ETH,SELL,0.1338,549500.000,2024-07-20 10:17:36.821
ETH,BUY,0.0230,549501.000,2024-07-20 10:20:00.633
ETH,BUY,0.1720,549635.000,2024-07-20 10:25:51.287
ETH,BUY,0.0130,549637.000,2024-07-20 10:25:51.287
ETH,BUY,0.0100,549666.000,2024-07-20 10:28:06.517
ETH,BUY,0.6000,549753.000,2024-07-20 10:29:38.300
ETH,BUY,0.0100,549756.000,2024-07-20 10:32:02.711
ETH,BUY,0.0100,549915.000,2024-07-20 10:34:17.183
ETH,BUY,0.0139,549926.000,2024-07-20 10:35:01.817
ETH,BUY,0.0161,549956.000,2024-07-20 10:35:01.817
ETH,BUY,0.0239,549960.000,2024-07-20 10:35:05.193
ETH,BUY,0.0100,549730.000,2024-07-20 10:37:23.554
ETH,BUY,0.0761,549766.000,2024-07-20 10:37:23.554
ETH,BUY,0.0390,549955.000,2024-07-20 10:37:23.554
ETH,BUY,0.0100,549957.000,2024-07-20 10:37:23.554
ETH,BUY,0.0100,550001.000,2024-07-20 10:37:41.112
ETH,BUY,0.0100,550001.000,2024-07-20 10:40:11.568
ETH,BUY,0.0200,550001.000,2024-07-20 10:42:20.890
ETH,SELL,0.0106,550000.000,2024-07-20 10:44:41.648
ETH,BUY,0.0600,550001.000,2024-07-20 10:45:31.025
ETH,BUY,0.2790,550001.000,2024-07-20 10:45:31.025
ETH,SELL,0.0003,550000.000,2024-07-20 10:45:53.121
ETH,SELL,0.1857,550000.000,2024-07-20 10:45:53.121
ETH,SELL,0.1860,550000.000,2024-07-20 10:45:54.648
ETH,SELL,0.3100,550002.000,2024-07-20 10:45:58.923
ETH,SELL,0.7873,550000.000,2024-07-20 10:45:58.923
ETH,SELL,0.9899,550059.000,2024-07-20 10:46:22.696
ETH,SELL,0.1899,550088.000,2024-07-20 10:46:40.837
ETH,BUY,0.0687,550095.000,2024-07-20 10:46:43.610
ETH,BUY,0.0100,550124.000,2024-07-20 10:46:45.138
ETH,BUY,0.0887,550130.000,2024-07-20 10:46:46.825
ETH,SELL,0.0100,550556.000,2024-07-20 10:47:33.537
ETH,SELL,0.9198,550505.000,2024-07-20 10:47:33.537
ETH,BUY,0.2700,550438.000,2024-07-20 10:59:50.916
ETH,BUY,0.0500,550184.000,2024-07-20 11:02:38.735
ETH,SELL,0.0500,549999.000,2024-07-20 11:11:41.356
ETH,SELL,0.2000,549999.000,2024-07-20 11:11:41.356
ETH,SELL,0.1000,549945.000,2024-07-20 11:11:41.356
ETH,SELL,0.0568,549917.000,2024-07-20 11:11:41.356
ETH,BUY,0.0200,549701.000,2024-07-20 11:13:54.778
ETH,BUY,0.0100,549701.000,2024-07-20 11:14:47.279
ETH,BUY,0.0110,549701.000,2024-07-20 11:18:47.437
ETH,BUY,0.0590,549701.000,2024-07-20 11:20:58.358
ETH,BUY,0.1110,549701.000,2024-07-20 11:20:58.358
ETH,SELL,0.0100,549700.000,2024-07-20 11:22:53.701
ETH,BUY,0.0100,549701.000,2024-07-20 11:23:07.187
ETH,SELL,0.0080,549700.000,2024-07-20 11:25:07.571
ETH,BUY,0.0182,549601.000,2024-07-20 11:25:25.337
ETH,BUY,0.0020,549700.000,2024-07-20 11:26:36.629
ETH,BUY,0.0080,549956.000,2024-07-20 11:26:36.629
ETH,BUY,0.0100,549940.000,2024-07-20 11:31:36.612
ETH,BUY,0.0600,550000.000,2024-07-20 11:34:06.422
ETH,BUY,0.0113,550304.000,2024-07-20 11:34:06.422
ETH,BUY,0.8500,550510.000,2024-07-20 11:40:50.082
ETH,BUY,0.1844,550558.000,2024-07-20 11:40:50.082
ETH,BUY,0.3656,550573.000,2024-07-20 11:40:50.082
ETH,BUY,0.0100,550463.000,2024-07-20 11:40:57.181
ETH,BUY,0.1400,550500.000,2024-07-20 11:40:57.181
ETH,BUY,0.0200,550552.000,2024-07-20 11:40:59.723
ETH,BUY,0.0200,550476.000,2024-07-20 11:41:05.054
ETH,SELL,0.1000,550451.000,2024-07-20 11:44:23.834
ETH,BUY,0.0159,550630.000,2024-07-20 11:44:30.946
ETH,BUY,0.0641,550642.000,2024-07-20 11:44:30.946
ETH,BUY,0.0159,550643.000,2024-07-20 11:44:33.681
ETH,BUY,0.0100,550077.000,2024-07-20 11:46:40.311
ETH,BUY,0.2600,550198.000,2024-07-20 11:46:40.311
ETH,SELL,0.0300,549655.000,2024-07-20 11:54:07.095
ETH,SELL,1.0000,549559.000,2024-07-20 11:54:07.095
ETH,SELL,0.5400,549557.000,2024-07-20 11:54:07.095
ETH,BUY,0.0100,549644.000,2024-07-20 11:56:38.865
ETH,BUY,1.0000,549644.000,2024-07-20 11:56:38.865
ETH,BUY,0.0200,549897.000,2024-07-20 11:56:42.215
ETH,BUY,0.0200,549913.000,2024-07-20 11:56:46.545
ETH,BUY,0.9900,550272.000,2024-07-20 12:06:40.521
ETH,BUY,0.0100,550353.000,2024-07-20 12:06:40.521
ETH,BUY,0.0100,550511.000,2024-07-20 12:07:46.998
ETH,BUY,0.5100,550535.000,2024-07-20 12:07:46.998
ETH,BUY,4.0000,550536.000,2024-07-20 12:07:46.998
ETH,BUY,0.4800,550565.000,2024-07-20 12:07:46.998
ETH,BUY,0.0100,550511.000,2024-07-20 12:09:00.212
ETH,BUY,0.0200,550581.000,2024-07-20 12:09:02.732
ETH,BUY,0.0100,550617.000,2024-07-20 12:10:08.150
ETH,BUY,0.0100,550642.000,2024-07-20 12:11:54.162
ETH,BUY,0.0100,550596.000,2024-07-20 12:18:23.030
ETH,BUY,0.1000,550650.000,2024-07-20 12:18:23.030
ETH,BUY,0.3900,550681.000,2024-07-20 12:18:23.030
ETH,BUY,0.0200,550734.000,2024-07-20 12:18:25.155
ETH,BUY,0.0355,550730.000,2024-07-20 12:18:46.992
ETH,BUY,0.4645,550768.000,2024-07-20 12:18:46.992
ETH,BUY,0.0355,550797.000,2024-07-20 12:18:50.229
ETH,BUY,0.0500,550775.000,2024-07-20 12:20:03.538
ETH,BUY,0.0400,550796.000,2024-07-20 12:20:49.198
ETH,BUY,0.1397,550682.000,2024-07-20 12:22:48.705
ETH,BUY,0.1000,550800.000,2024-07-20 12:22:48.705
ETH,BUY,4.0000,550826.000,2024-07-20 12:22:48.705
ETH,BUY,3.0003,550855.000,2024-07-20 12:22:48.705
ETH,BUY,0.0100,550566.000,2024-07-20 12:25:44.564
ETH,BUY,0.0100,550566.000,2024-07-20 12:27:49.746
ETH,SELL,0.5739,550569.000,2024-07-20 12:29:34.389
ETH,BUY,0.0100,550588.000,2024-07-20 12:32:11.654
ETH,BUY,0.0400,550588.000,2024-07-20 12:34:15.794
ETH,BUY,0.0100,550588.000,2024-07-20 12:34:53.890
ETH,BUY,0.0150,550588.000,2024-07-20 12:35:43.585
ETH,BUY,0.0189,550617.000,2024-07-20 12:35:43.585
ETH,BUY,0.0561,551000.000,2024-07-20 12:35:43.585
ETH,SELL,0.4099,550968.000,2024-07-20 12:35:45.475
ETH,BUY,0.0289,551000.000,2024-07-20 12:35:46.762
ETH,BUY,0.0100,551000.000,2024-07-20 12:36:12.176
ETH,BUY,0.0181,551000.000,2024-07-20 12:36:36.803
ETH,BUY,0.2000,551000.000,2024-07-20 12:36:49.550
ETH,SELL,0.0200,550999.000,2024-07-20 12:38:41.139
ETH,BUY,0.0868,551000.000,2024-07-20 12:39:13.669
ETH,SELL,0.1000,550999.000,2024-07-20 12:40:06.636
ETH,BUY,0.0100,550879.000,2024-07-20 12:40:32.374
ETH,BUY,0.1000,550885.000,2024-07-20 12:40:32.374
ETH,BUY,0.7900,551000.000,2024-07-20 12:40:32.374
ETH,BUY,0.0100,550964.000,2024-07-20 12:41:08.008
ETH,BUY,0.2095,551000.000,2024-07-20 12:41:08.008
ETH,BUY,0.0200,551081.000,2024-07-20 12:41:10.184
ETH,BUY,0.3950,551177.000,2024-07-20 12:41:20.800
ETH,BUY,0.0100,551153.000,2024-07-20 12:42:21.653
ETH,BUY,0.5700,551165.000,2024-07-20 12:42:21.653
ETH,SELL,0.3100,551177.000,2024-07-20 12:43:04.998
ETH,BUY,0.0100,551171.000,2024-07-20 12:44:12.925
ETH,BUY,0.0200,551177.000,2024-07-20 12:44:12.925
ETH,BUY,0.0050,551348.000,2024-07-20 12:44:12.925
ETH,BUY,0.0200,551406.000,2024-07-20 12:44:17.196
ETH,SELL,0.5960,551100.000,2024-07-20 12:46:30.120
ETH,SELL,0.9900,551351.000,2024-07-20 12:46:49.974
ETH,SELL,0.1000,551201.000,2024-07-20 12:46:49.974
ETH,SELL,1.1060,551059.000,2024-07-20 12:46:49.974
ETH,SELL,1.0000,551267.000,2024-07-20 12:46:58.164
ETH,BUY,0.0100,551262.000,2024-07-20 12:47:01.016
ETH,BUY,0.1000,551268.000,2024-07-20 12:47:01.016
ETH,BUY,0.8900,551344.000,2024-07-20 12:47:01.016
ETH,SELL,0.1000,551399.000,2024-07-20 12:47:21.769
ETH,SELL,0.7900,551355.000,2024-07-20 12:47:21.769
ETH,SELL,0.1000,551386.000,2024-07-20 12:47:39.417
ETH,SELL,0.7880,551128.000,2024-07-20 12:47:55.363
ETH,BUY,0.0116,551352.000,2024-07-20 12:48:32.255
ETH,BUY,0.0190,551406.000,2024-07-20 12:48:32.255
ETH,BUY,0.7880,551525.000,2024-07-20 12:48:32.255
ETH,BUY,0.1814,551567.000,2024-07-20 12:48:32.255
ETH,BUY,0.0216,551609.000,2024-07-20 12:48:36.218
ETH,BUY,0.0179,551534.000,2024-07-20 12:49:04.031
ETH,BUY,0.8100,551629.000,2024-07-20 12:49:04.031
ETH,BUY,0.1721,551654.000,2024-07-20 12:49:04.031
ETH,BUY,0.0179,551627.000,2024-07-20 12:49:07.208
ETH,BUY,0.9800,551656.000,2024-07-20 12:49:12.300
ETH,BUY,0.0200,551695.000,2024-07-20 12:49:12.300
ETH,BUY,0.0270,551581.000,2024-07-20 12:49:17.453
ETH,BUY,0.0100,551560.000,2024-07-20 12:50:17.879
ETH,BUY,0.0100,551602.000,2024-07-20 12:51:09.775
ETH,BUY,0.0200,551637.000,2024-07-20 12:51:12.759
ETH,BUY,0.0110,551604.000,2024-07-20 12:51:38.933
ETH,BUY,0.0100,551535.000,2024-07-20 12:52:32.095
ETH,SELL,0.1814,551145.000,2024-07-20 12:53:38.558
ETH,BUY,0.0200,551145.000,2024-07-20 13:00:41.136
ETH,BUY,1.0000,551160.000,2024-07-20 13:01:39.304
ETH,BUY,0.2000,551160.000,2024-07-20 13:01:50.250
ETH,BUY,0.8000,551203.000,2024-07-20 13:01:50.250
ETH,BUY,0.1000,551290.000,2024-07-20 13:01:53.971
ETH,BUY,1.0000,551290.000,2024-07-20 13:02:31.798
ETH,BUY,1.0000,551290.000,2024-07-20 13:02:59.249
ETH,BUY,0.1814,551421.000,2024-07-20 13:03:18.099
ETH,BUY,0.0100,551455.000,2024-07-20 13:03:18.099
ETH,BUY,0.8086,551464.000,2024-07-20 13:03:18.099
ETH,BUY,0.0200,551493.000,2024-07-20 13:03:21.161
ETH,BUY,0.0100,551267.000,2024-07-20 13:05:11.506
ETH,SELL,0.0150,551100.000,2024-07-20 13:07:32.408
ETH,SELL,0.0242,551100.000,2024-07-20 13:10:13.803
ETH,SELL,0.0172,551100.000,2024-07-20 13:10:18.862
ETH,SELL,0.0345,551100.000,2024-07-20 13:10:20.617
ETH,SELL,0.0091,551100.000,2024-07-20 13:11:03.668
ETH,SELL,0.1909,550318.000,2024-07-20 13:11:03.668
ETH,SELL,0.0898,550343.000,2024-07-20 13:11:49.727
ETH,SELL,0.7100,550109.000,2024-07-20 13:14:03.254
ETH,SELL,0.0180,550000.000,2024-07-20 13:14:03.254
ETH,SELL,0.1000,549506.000,2024-07-20 13:14:03.254
ETH,SELL,0.1918,549505.000,2024-07-20 13:14:03.254
ETH,SELL,0.0100,549809.000,2024-07-20 13:16:36.020
ETH,BUY,0.0250,549544.000,2024-07-20 13:17:49.139
ETH,BUY,0.1918,550157.000,2024-07-20 13:19:39.437
ETH,BUY,0.0082,550158.000,2024-07-20 13:19:39.437
ETH,BUY,0.0763,550152.000,2024-07-20 13:19:50.756
ETH,SELL,0.3667,550178.000,2024-07-20 13:19:52.044
ETH,BUY,0.0668,550672.000,2024-07-20 13:19:53.691
ETH,BUY,0.0195,550710.000,2024-07-20 13:19:53.691
ETH,SELL,0.1838,550569.000,2024-07-20 13:19:56.576
ETH,BUY,0.0209,550593.000,2024-07-20 13:21:31.437
ETH,BUY,0.0291,550652.000,2024-07-20 13:21:31.437
ETH,BUY,0.0209,550681.000,2024-07-20 13:21:35.169
ETH,BUY,0.0100,550849.000,2024-07-20 13:23:13.359
ETH,BUY,0.0100,550959.000,2024-07-20 13:28:56.380
ETH,BUY,0.0900,550965.000,2024-07-20 13:28:56.380
ETH,BUY,0.0200,550974.000,2024-07-20 13:28:58.740
ETH,BUY,0.0120,550973.000,2024-07-20 13:31:25.931
ETH,BUY,0.0100,550986.000,2024-07-20 13:31:27.708
ETH,BUY,0.1900,550401.000,2024-07-20 13:34:55.816
ETH,BUY,0.0100,550435.000,2024-07-20 13:34:55.816
ETH,SELL,0.0100,550195.000,2024-07-20 13:35:07.913
ETH,BUY,0.1000,550366.000,2024-07-20 13:35:18.120
ETH,SELL,0.0100,550000.000,2024-07-20 13:35:50.322
ETH,SELL,0.1000,549708.000,2024-07-20 13:41:35.865
ETH,BUY,0.1000,549723.000,2024-07-20 13:42:27.868
ETH,BUY,0.0100,549768.000,2024-07-20 13:42:27.868
ETH,BUY,1.0000,549782.000,2024-07-20 13:42:27.868
ETH,BUY,0.0900,549811.000,2024-07-20 13:42:27.868
ETH,BUY,0.0200,549723.000,2024-07-20 13:42:31.239
ETH,BUY,0.0370,550485.000,2024-07-20 14:02:03.239
ETH,BUY,0.0100,550816.000,2024-07-20 14:06:47.279
ETH,BUY,0.0250,550833.000,2024-07-20 14:06:47.279
ETH,BUY,0.0100,550720.000,2024-07-20 14:07:23.663
ETH,BUY,0.9400,550502.000,2024-07-20 14:12:07.620
ETH,BUY,0.6739,550511.000,2024-07-20 14:12:07.620
ETH,BUY,0.0100,550512.000,2024-07-20 14:12:07.620
ETH,BUY,0.0293,550650.000,2024-07-20 14:12:07.620
ETH,BUY,0.0200,550739.000,2024-07-20 14:12:09.681
ETH,SELL,1.9998,550720.000,2024-07-20 14:12:23.817
ETH,SELL,1.3468,550720.000,2024-07-20 14:12:33.699
ETH,BUY,1.2400,550721.000,2024-07-20 14:13:00.113
ETH,BUY,0.2000,550721.000,2024-07-20 14:13:00.113
ETH,BUY,0.0002,550768.000,2024-07-20 14:15:08.623
ETH,SELL,0.0500,550767.000,2024-07-20 14:15:13.877
ETH,BUY,0.0255,550912.000,2024-07-20 14:19:01.484
ETH,BUY,0.0255,551000.000,2024-07-20 14:19:04.740
ETH,BUY,0.0253,550994.000,2024-07-20 14:19:57.970
ETH,BUY,1.0000,551000.000,2024-07-20 14:19:57.970
ETH,BUY,1.0000,551000.000,2024-07-20 14:19:57.970
ETH,BUY,0.0253,551087.000,2024-07-20 14:20:01.134
ETH,BUY,0.0100,551092.000,2024-07-20 14:20:10.676
ETH,BUY,0.0315,551074.000,2024-07-20 14:20:58.128
ETH,BUY,0.0415,551200.000,2024-07-20 14:21:00.647
ETH,BUY,0.0468,551188.000,2024-07-20 14:21:38.128
ETH,BUY,0.2585,551200.000,2024-07-20 14:21:38.128
ETH,BUY,2.6947,551261.000,2024-07-20 14:21:38.128
ETH,BUY,0.0468,551319.000,2024-07-20 14:21:40.696
ETH,SELL,0.9068,551084.000,2024-07-20 14:22:38.188
ETH,SELL,1.6300,551103.000,2024-07-20 14:26:29.020
ETH,SELL,1.6300,551103.000,2024-07-20 14:26:29.020
ETH,SELL,0.0800,551193.000,2024-07-20 14:30:15.634
ETH,SELL,0.2000,551219.000,2024-07-20 14:31:08.755
ETH,SELL,0.4600,551219.000,2024-07-20 14:31:08.755
ETH,BUY,0.0200,551500.000,2024-07-20 14:39:51.367
ETH,BUY,0.0684,551718.000,2024-07-20 14:39:53.226
ETH,BUY,0.0674,551718.000,2024-07-20 14:39:54.978
ETH,BUY,0.0200,551750.000,2024-07-20 14:40:41.280
ETH,SELL,1.6299,551751.000,2024-07-20 14:46:58.023
ETH,SELL,0.0100,551751.000,2024-07-20 14:47:00.357
ETH,SELL,1.6299,551751.000,2024-07-20 14:47:07.116
ETH,BUY,0.0120,551752.000,2024-07-20 14:47:12.821
ETH,SELL,0.0100,551751.000,2024-07-20 14:47:13.514
ETH,SELL,0.0250,551751.000,2024-07-20 14:47:14.324
ETH,BUY,0.0100,551752.000,2024-07-20 14:52:19.482
ETH,SELL,1.9950,551751.000,2024-07-20 14:52:30.107
ETH,BUY,0.0100,551752.000,2024-07-20 14:53:06.923
ETH,SELL,0.0002,551751.000,2024-07-20 14:54:33.211
ETH,SELL,0.1998,551332.000,2024-07-20 14:54:33.211
ETH,BUY,0.0100,551342.000,2024-07-20 14:58:43.911
ETH,BUY,0.0181,551812.000,2024-07-20 15:00:18.534
ETH,SELL,0.0100,551688.000,2024-07-20 15:00:30.898
ETH,SELL,0.5300,551735.000,2024-07-20 15:02:42.009
ETH,BUY,0.0100,551743.000,2024-07-20 15:04:05.405
ETH,BUY,0.0200,551956.000,2024-07-20 15:04:08.747
ETH,BUY,0.0100,551979.000,2024-07-20 15:04:20.610
ETH,BUY,0.0800,551984.000,2024-07-20 15:04:33.232
ETH,BUY,0.0100,551984.000,2024-07-20 15:21:56.581
ETH,BUY,0.5301,552245.000,2024-07-20 15:21:56.581
ETH,BUY,0.4599,552384.000,2024-07-20 15:21:56.581
ETH,BUY,0.0200,552470.000,2024-07-20 15:22:16.178
ETH,BUY,0.0998,552500.000,2024-07-20 15:22:16.178
ETH,BUY,0.5300,552500.000,2024-07-20 15:22:16.178
ETH,BUY,0.3502,552653.000,2024-07-20 15:22:16.178
ETH,BUY,0.0300,552617.000,2024-07-20 15:22:20.146
ETH,SELL,0.4100,552462.000,2024-07-20 15:22:25.370
ETH,BUY,0.4100,552511.000,2024-07-20 15:22:30.019
ETH,BUY,0.4200,552640.000,2024-07-20 15:22:30.019
ETH,BUY,0.0521,552676.000,2024-07-20 15:22:30.019
ETH,BUY,0.1179,552711.000,2024-07-20 15:22:30.019
ETH,BUY,0.0521,552827.000,2024-07-20 15:22:33.258
ETH,BUY,0.0200,552663.000,2024-07-20 15:23:07.203
ETH,BUY,0.0300,552572.000,2024-07-20 15:23:15.712
ETH,BUY,0.0300,552571.000,2024-07-20 15:23:19.174
ETH,BUY,0.0362,552564.000,2024-07-20 15:23:27.716
ETH,SELL,0.1500,552208.000,2024-07-20 15:23:44.770
ETH,BUY,0.1500,552244.000,2024-07-20 15:25:53.740
ETH,BUY,0.4300,552305.000,2024-07-20 15:25:53.740
ETH,BUY,0.0230,552467.000,2024-07-20 15:26:40.186
ETH,BUY,0.0230,552653.000,2024-07-20 15:26:42.678
ETH,BUY,0.0200,552647.000,2024-07-20 15:28:26.950
ETH,BUY,0.0200,552740.000,2024-07-20 15:28:30.202
ETH,SELL,0.0100,552444.000,2024-07-20 15:28:35.068
ETH,SELL,0.0100,552384.000,2024-07-20 15:28:36.664
ETH,SELL,0.0100,552485.000,2024-07-20 15:29:47.459
ETH,SELL,0.0100,552553.000,2024-07-20 15:29:48.963
ETH,SELL,0.9699,552038.000,2024-07-20 15:33:11.355
ETH,BUY,0.0100,551877.000,2024-07-20 15:33:46.724
ETH,BUY,0.0250,551906.000,2024-07-20 15:33:46.724
ETH,BUY,0.0100,551563.000,2024-07-20 15:38:15.561
ETH,BUY,0.0100,551589.000,2024-07-20 15:38:15.561
ETH,BUY,0.0200,551544.000,2024-07-20 15:38:19.268
ETH,SELL,0.0200,551747.000,2024-07-20 15:39:20.503
ETH,BUY,0.0100,551736.000,2024-07-20 15:54:47.079
ETH,BUY,0.0100,551829.000,2024-07-20 15:54:48.835
ETH,BUY,0.0100,551835.000,2024-07-20 15:54:50.081
ETH,BUY,1.6100,551841.000,2024-07-20 15:54:50.081
ETH,BUY,1.6100,551841.000,2024-07-20 15:54:50.402
ETH,BUY,0.0300,551858.000,2024-07-20 15:54:51.739
ETH,SELL,0.0400,551702.000,2024-07-20 15:54:59.470
ETH,BUY,0.0100,552110.000,2024-07-20 15:56:24.659
ETH,SELL,0.0800,552066.000,2024-07-20 15:56:26.108
ETH,BUY,0.0100,552091.000,2024-07-20 15:59:22.156
ETH,BUY,0.0100,552239.000,2024-07-20 15:59:22.156
ETH,BUY,0.0200,552233.000,2024-07-20 15:59:25.683
ETH,BUY,0.0200,552344.000,2024-07-20 15:59:38.178
ETH,BUY,0.0143,552348.000,2024-07-20 15:59:38.178
ETH,BUY,0.2657,552348.000,2024-07-20 15:59:38.178
ETH,BUY,0.0143,552345.000,2024-07-20 15:59:40.175
ETH,BUY,0.0100,552356.000,2024-07-20 16:00:47.378
ETH,BUY,0.0100,552515.000,2024-07-20 16:00:47.378
ETH,BUY,0.0543,551927.000,2024-07-20 16:03:37.858
ETH,BUY,0.0100,551795.000,2024-07-20 16:07:16.465
ETH,BUY,0.4900,551869.000,2024-07-20 16:07:16.465
ETH,BUY,0.0100,551801.000,2024-07-20 16:09:27.106
ETH,BUY,0.1750,551812.000,2024-07-20 16:09:27.106
ETH,BUY,0.0200,551856.000,2024-07-20 16:09:30.699
ETH,SELL,0.0100,551874.000,2024-07-20 16:11:52.496
ETH,BUY,0.0100,551965.000,2024-07-20 16:15:00.682
ETH,BUY,0.0800,552118.000,2024-07-20 16:15:00.682
ETH,BUY,0.1100,552123.000,2024-07-20 16:15:00.682
ETH,BUY,0.9400,552125.000,2024-07-20 16:15:00.682
ETH,BUY,0.0100,551792.000,2024-07-20 16:16:39.672
ETH,BUY,0.0100,551801.000,2024-07-20 16:16:39.672
ETH,BUY,0.4800,551867.000,2024-07-20 16:16:39.672
ETH,BUY,0.0200,551824.000,2024-07-20 16:16:42.159
ETH,BUY,0.0100,551813.000,2024-07-20 16:16:47.931
ETH,BUY,0.0100,551820.000,2024-07-20 16:16:47.931
ETH,BUY,0.0100,551760.000,2024-07-20 16:18:38.543
ETH,BUY,0.1556,551890.000,2024-07-20 16:18:38.543
ETH,BUY,0.0200,551785.000,2024-07-20 16:18:41.761
ETH,BUY,0.5300,551724.000,2024-07-20 16:18:49.605
ETH,BUY,0.0100,552186.000,2024-07-20 16:23:15.073
ETH,BUY,0.1052,552316.000,2024-07-20 16:23:15.073
ETH,BUY,0.0245,552401.000,2024-07-20 16:23:50.965
ETH,BUY,0.0545,552540.000,2024-07-20 16:23:50.965
ETH,BUY,0.0345,552541.000,2024-07-20 16:23:53.144
ETH,BUY,0.0358,552568.000,2024-07-20 16:28:53.367
ETH,BUY,0.1701,552667.000,2024-07-20 16:28:53.367
ETH,BUY,0.6404,552670.000,2024-07-20 16:28:53.367
ETH,BUY,0.1537,552856.000,2024-07-20 16:28:53.367
ETH,BUY,0.0358,553000.000,2024-07-20 16:28:55.766
ETH,SELL,0.1999,552990.000,2024-07-20 16:29:53.285
ETH,SELL,0.0001,552990.000,2024-07-20 16:31:04.241
ETH,SELL,0.4811,552990.000,2024-07-20 16:31:04.241
ETH,BUY,0.1000,552994.000,2024-07-20 16:31:09.941
ETH,BUY,0.3642,553000.000,2024-07-20 16:31:09.941
ETH,BUY,0.1000,553000.000,2024-07-20 16:31:09.941
ETH,BUY,0.4358,553104.000,2024-07-20 16:31:09.941
ETH,BUY,0.1000,552659.000,2024-07-20 16:31:13.283
ETH,SELL,1.0000,552658.000,2024-07-20 16:31:13.922
ETH,BUY,0.0500,553007.000,2024-07-20 16:31:35.011
ETH,BUY,0.0100,553110.000,2024-07-20 16:31:35.011
ETH,BUY,0.9400,553175.000,2024-07-20 16:31:35.011
ETH,SELL,0.7199,553036.000,2024-07-20 16:31:41.364
ETH,SELL,0.1361,553070.000,2024-07-20 16:32:26.743
ETH,BUY,0.0100,553246.000,2024-07-20 16:32:46.429
ETH,BUY,0.0100,553277.000,2024-07-20 16:33:35.716
ETH,BUY,0.0200,553300.000,2024-07-20 16:33:35.716
ETH,BUY,0.0170,553300.000,2024-07-20 16:33:38.743
ETH,BUY,0.0030,553371.000,2024-07-20 16:33:38.743
ETH,SELL,0.0100,553457.000,2024-07-20 16:33:47.716
ETH,SELL,0.2899,553457.000,2024-07-20 16:33:48.206
ETH,SELL,0.0100,553502.000,2024-07-20 16:33:52.382
ETH,SELL,0.8302,553202.000,2024-07-20 16:33:53.391
ETH,SELL,0.7096,553377.000,2024-07-20 16:33:57.554
ETH,SELL,0.0100,553538.000,2024-07-20 16:35:00.126
ETH,SELL,0.0100,553378.000,2024-07-20 16:35:01.950
ETH,SELL,0.0100,553396.000,2024-07-20 16:35:45.469
ETH,BUY,0.1000,553398.000,2024-07-20 16:36:18.366
ETH,BUY,0.0597,553236.000,2024-07-20 16:37:07.845
ETH,BUY,0.1403,553403.000,2024-07-20 16:37:07.845
ETH,BUY,0.0596,553441.000,2024-07-20 16:37:10.155
ETH,BUY,0.0001,553478.000,2024-07-20 16:37:10.155
ETH,BUY,0.0469,553042.000,2024-07-20 16:39:44.442
ETH,BUY,0.0200,553075.000,2024-07-20 16:39:44.442
ETH,BUY,0.1331,553135.000,2024-07-20 16:39:44.442
ETH,SELL,0.0100,553172.000,2024-07-20 16:39:53.526
ETH,SELL,0.0100,553005.000,2024-07-20 16:39:54.856
ETH,SELL,0.0100,553197.000,2024-07-20 16:39:57.976
ETH,SELL,0.0100,553197.000,2024-07-20 16:39:59.498
ETH,SELL,0.2199,552848.000,2024-07-20 16:41:18.213
ETH,SELL,0.9999,552650.000,2024-07-20 16:41:30.867
ETH,SELL,0.0145,552541.000,2024-07-20 16:43:12.960
ETH,SELL,1.6200,552038.000,2024-07-20 16:43:29.005
ETH,SELL,0.3798,552038.000,2024-07-20 16:43:29.005
ETH,SELL,0.1855,552112.000,2024-07-20 16:43:41.597
ETH,SELL,0.9999,552127.000,2024-07-20 16:43:53.939
ETH,SELL,0.4999,552000.000,2024-07-20 16:44:30.406
ETH,BUY,0.0100,552018.000,2024-07-20 16:45:11.759
ETH,SELL,0.0001,552000.000,2024-07-20 16:46:42.580
ETH,SELL,0.2999,551500.000,2024-07-20 16:46:47.565
ETH,SELL,0.0001,551500.000,2024-07-20 16:47:02.799
ETH,SELL,0.1999,551000.000,2024-07-20 16:47:02.799
ETH,SELL,0.8000,551000.000,2024-07-20 16:47:09.752
ETH,SELL,0.0001,551000.000,2024-07-20 16:47:32.556
ETH,SELL,0.9998,551000.000,2024-07-20 16:47:32.556
ETH,SELL,0.9999,550943.000,2024-07-20 16:47:46.300
ETH,BUY,0.0100,551139.000,2024-07-20 16:47:55.436
ETH,BUY,0.0200,551203.000,2024-07-20 16:47:57.696
ETH,SELL,0.1786,551390.000,2024-07-20 16:48:41.361
ETH,SELL,0.0100,551710.000,2024-07-20 16:49:39.797
ETH,SELL,0.9688,550955.000,2024-07-20 16:51:27.946
ETH,SELL,0.0962,551350.000,2024-07-20 16:57:12.836
ETH,SELL,0.1000,551350.000,2024-07-20 16:57:12.836
ETH,SELL,0.0038,551350.000,2024-07-20 16:57:12.836
ETH,BUY,0.0100,551473.000,2024-07-20 16:57:25.644
ETH,BUY,0.0100,551548.000,2024-07-20 16:57:25.644
ETH,SELL,0.0100,551408.000,2024-07-20 17:00:10.238
ETH,BUY,0.0100,551300.000,2024-07-20 17:01:09.220
ETH,BUY,0.9000,551319.000,2024-07-20 17:01:09.220
ETH,BUY,0.0200,551400.000,2024-07-20 17:01:12.139
ETH,BUY,0.0100,551138.000,2024-07-20 17:05:21.583
ETH,BUY,0.1900,551326.000,2024-07-20 17:05:21.583
ETH,BUY,0.0100,551314.000,2024-07-20 17:05:38.055
ETH,BUY,0.0200,551757.000,2024-07-20 17:05:40.193
ETH,BUY,0.0100,552048.000,2024-07-20 17:08:36.079
ETH,BUY,0.0100,552064.000,2024-07-20 17:08:36.079
ETH,SELL,1.0000,552000.000,2024-07-20 17:11:17.100
ETH,SELL,0.1000,551857.000,2024-07-20 17:11:18.352
ETH,BUY,0.0800,551401.000,2024-07-20 17:11:27.550
ETH,BUY,0.4200,551401.000,2024-07-20 17:11:27.550
ETH,BUY,0.4747,551001.000,2024-07-20 17:13:08.750
ETH,BUY,0.0946,551001.000,2024-07-20 17:13:09.100
ETH,BUY,0.5000,551001.000,2024-07-20 17:13:09.999
ETH,BUY,0.3000,551001.000,2024-07-20 17:13:10.081
ETH,BUY,0.2000,551001.000,2024-07-20 17:13:10.085
ETH,BUY,0.0700,551012.000,2024-07-20 17:13:10.350
ETH,BUY,0.2000,551012.000,2024-07-20 17:13:10.738
ETH,BUY,0.2000,551012.000,2024-07-20 17:13:10.881
ETH,BUY,0.0100,551006.000,2024-07-20 17:13:10.963
ETH,BUY,0.0900,551012.000,2024-07-20 17:13:10.963
ETH,BUY,0.0100,551012.000,2024-07-20 17:13:11.291
ETH,BUY,0.2000,551012.000,2024-07-20 17:13:11.294
ETH,BUY,0.2300,551012.000,2024-07-20 17:13:11.759
ETH,BUY,0.2000,552450.000,2024-07-20 17:13:12.493
ETH,BUY,0.1000,552539.000,2024-07-20 17:13:12.809
ETH,BUY,0.1000,552539.000,2024-07-20 17:13:14.240
ETH,BUY,0.3000,552539.000,2024-07-20 17:13:15.234
ETH,SELL,0.0206,552538.000,2024-07-20 17:13:15.661
ETH,SELL,0.1000,552551.000,2024-07-20 17:13:17.521
ETH,SELL,0.0485,552552.000,2024-07-20 17:13:19.949
ETH,SELL,0.4654,552910.000,2024-07-20 17:13:21.613
ETH,SELL,0.2000,552866.000,2024-07-20 17:13:22.925
ETH,SELL,0.2000,552866.000,2024-07-20 17:13:23.115
ETH,BUY,0.0200,552911.000,2024-07-20 17:13:23.158
ETH,SELL,0.0115,552866.000,2024-07-20 17:13:23.642
ETH,SELL,0.5000,552580.000,2024-07-20 17:13:25.306
ETH,SELL,0.2800,552580.000,2024-07-20 17:13:25.642
ETH,BUY,0.0100,553649.000,2024-07-20 17:13:55.569
ETH,BUY,0.1000,553712.000,2024-07-20 17:13:55.569
ETH,BUY,0.0900,553857.000,2024-07-20 17:13:55.569
ETH,SELL,0.0900,553772.000,2024-07-20 17:14:02.300
ETH,SELL,0.0900,553772.000,2024-07-20 17:14:05.066
ETH,SELL,0.0400,553772.000,2024-07-20 17:14:06.101
ETH,SELL,0.0500,553772.000,2024-07-20 17:14:06.555
ETH,SELL,0.0200,553562.000,2024-07-20 17:14:10.723
ETH,SELL,0.9800,553562.000,2024-07-20 17:14:11.152
ETH,SELL,0.0400,553481.000,2024-07-20 17:14:11.207
ETH,SELL,0.0800,553481.000,2024-07-20 17:14:11.393
ETH,SELL,0.4900,553481.000,2024-07-20 17:14:11.809
ETH,SELL,0.1000,553481.000,2024-07-20 17:14:11.829
ETH,SELL,0.6115,552956.000,2024-07-20 17:14:12.721
ETH,SELL,0.2000,552582.000,2024-07-20 17:14:13.163
ETH,SELL,0.0183,552582.000,2024-07-20 17:14:13.428
ETH,SELL,0.0446,552582.000,2024-07-20 17:14:14.185
ETH,SELL,0.4945,552582.000,2024-07-20 17:14:14.942
ETH,SELL,0.0700,552582.000,2024-07-20 17:14:15.188
ETH,SELL,0.1000,552582.000,2024-07-20 17:14:15.317
ETH,SELL,0.2000,552520.000,2024-07-20 17:14:17.995
ETH,SELL,0.0300,552077.000,2024-07-20 17:14:42.578
ETH,SELL,0.0300,552094.000,2024-07-20 17:14:43.094
ETH,BUY,0.0100,552387.000,2024-07-20 17:15:20.650
ETH,BUY,0.0087,552461.000,2024-07-20 17:15:20.650
ETH,BUY,0.0200,552688.000,2024-07-20 17:15:24.280
ETH,SELL,0.0100,552654.000,2024-07-20 17:15:44.227
ETH,BUY,0.5000,553093.000,2024-07-20 17:16:26.756
ETH,BUY,0.7500,553093.000,2024-07-20 17:16:28.287
ETH,BUY,0.3400,553093.000,2024-07-20 17:16:28.633
ETH,SELL,0.0100,553812.000,2024-07-20 17:17:00.459
ETH,SELL,0.0100,553479.000,2024-07-20 17:17:09.663
ETH,SELL,0.0100,553479.000,2024-07-20 17:17:11.273
ETH,BUY,0.1000,553501.000,2024-07-20 17:17:25.681
ETH,BUY,0.0137,553637.000,2024-07-20 17:17:25.681
ETH,BUY,0.0500,553562.000,2024-07-20 17:17:59.183
ETH,BUY,0.0100,553222.000,2024-07-20 17:19:49.266
ETH,BUY,0.0900,553316.000,2024-07-20 17:19:49.266
ETH,SELL,0.0100,553355.000,2024-07-20 17:20:41.904
ETH,BUY,0.0100,552726.000,2024-07-20 17:21:04.811
ETH,BUY,0.1111,552973.000,2024-07-20 17:21:04.811
ETH,BUY,0.1000,552855.000,2024-07-20 17:21:15.810
ETH,BUY,0.1000,552950.000,2024-07-20 17:21:15.810
ETH,BUY,0.1000,552902.000,2024-07-20 17:21:26.679
ETH,BUY,0.1914,553416.000,2024-07-20 17:22:26.258
ETH,SELL,0.0100,553493.000,2024-07-20 17:22:43.372
ETH,SELL,0.0100,553493.000,2024-07-20 17:22:44.960
ETH,SELL,0.0100,553493.000,2024-07-20 17:22:46.572
ETH,BUY,0.0100,553063.000,2024-07-20 17:25:09.796
ETH,BUY,0.0100,552524.000,2024-07-20 17:26:52.836
ETH,BUY,0.0462,552536.000,2024-07-20 17:26:52.836
ETH,BUY,0.0100,552516.000,2024-07-20 17:26:56.738
ETH,BUY,0.0100,552542.000,2024-07-20 17:26:56.738
ETH,BUY,0.0100,552950.000,2024-07-20 17:31:31.933
ETH,BUY,1.5675,552980.000,2024-07-20 17:31:32.336
ETH,BUY,1.5925,552981.000,2024-07-20 17:31:32.336
ETH,BUY,0.0100,552974.000,2024-07-20 17:31:33.346
ETH,BUY,0.0259,553101.000,2024-07-20 17:31:33.346
ETH,BUY,0.1000,553338.000,2024-07-20 17:31:33.346
ETH,BUY,0.0103,553223.000,2024-07-20 17:31:34.026
ETH,BUY,0.2000,553995.000,2024-07-20 17:31:34.599
ETH,BUY,0.0695,554000.000,2024-07-20 17:31:34.599
ETH,BUY,0.0305,554000.000,2024-07-20 17:31:35.079
ETH,BUY,0.0483,554000.000,2024-07-20 17:31:35.079
ETH,BUY,0.0303,554000.000,2024-07-20 17:31:37.436
ETH,BUY,0.0397,554000.000,2024-07-20 17:31:50.858
ETH,BUY,0.0170,554000.000,2024-07-20 17:32:06.847
ETH,BUY,0.0170,554000.000,2024-07-20 17:32:07.879
ETH,BUY,0.0100,554000.000,2024-07-20 17:32:33.543
ETH,BUY,0.0700,554000.000,2024-07-20 17:32:33.545
ETH,BUY,0.0661,554000.000,2024-07-20 17:32:33.662
ETH,BUY,1.0016,554000.000,2024-07-20 17:32:33.789
ETH,BUY,0.2000,554237.000,2024-07-20 17:32:33.859
ETH,BUY,0.0096,554237.000,2024-07-20 17:32:34.502
ETH,BUY,0.0904,554238.000,2024-07-20 17:32:34.502
ETH,BUY,0.1596,554238.000,2024-07-20 17:32:39.932
ETH,BUY,0.0217,554470.000,2024-07-20 17:32:43.874
ETH,BUY,0.0100,554476.000,2024-07-20 17:32:43.874
ETH,BUY,0.1596,554900.000,2024-07-20 17:32:43.874
ETH,BUY,0.0087,554905.000,2024-07-20 17:32:43.874
ETH,BUY,0.0100,554910.000,2024-07-20 17:32:46.880
ETH,BUY,0.0117,554914.000,2024-07-20 17:32:46.880
ETH,BUY,0.0166,555000.000,2024-07-20 17:32:50.819
ETH,BUY,0.1834,555000.000,2024-07-20 17:32:50.819
ETH,BUY,0.0100,554988.000,2024-07-20 17:34:02.263
ETH,BUY,0.5166,555000.000,2024-07-20 17:34:02.263
ETH,BUY,0.0100,555000.000,2024-07-20 17:34:02.263
ETH,BUY,0.0634,555000.000,2024-07-20 17:34:02.263
ETH,BUY,0.0100,554994.000,2024-07-20 17:35:09.168
ETH,BUY,0.0304,555000.000,2024-07-20 17:35:09.168
ETH,BUY,0.0200,555000.000,2024-07-20 17:35:11.245
ETH,BUY,0.0375,555000.000,2024-07-20 17:35:12.237
ETH,BUY,0.0100,554800.000,2024-07-20 17:36:57.218
ETH,BUY,0.0400,554850.000,2024-07-20 17:36:57.218
ETH,BUY,0.0540,554672.000,2024-07-20 17:39:37.205
ETH,BUY,0.0087,555000.000,2024-07-20 17:42:44.559
ETH,BUY,0.0100,555000.000,2024-07-20 17:42:44.559
ETH,BUY,0.0007,555000.000,2024-07-20 17:42:44.559
ETH,BUY,0.0352,555000.000,2024-07-20 17:42:46.185
ETH,BUY,0.0100,555000.000,2024-07-20 17:42:47.896
ETH,BUY,0.1541,555000.000,2024-07-20 17:42:50.146
ETH,BUY,0.0459,555049.000,2024-07-20 17:42:50.146
ETH,BUY,0.1202,555049.000,2024-07-20 17:43:06.802
ETH,BUY,0.3339,555049.000,2024-07-20 17:43:07.707
ETH,BUY,0.0268,555442.000,2024-07-20 17:43:08.238
ETH,BUY,0.0100,555500.000,2024-07-20 17:43:08.238
ETH,BUY,0.1632,555596.000,2024-07-20 17:43:08.238
ETH,BUY,0.1000,555636.000,2024-07-20 17:43:09.186
ETH,BUY,0.0368,555696.000,2024-07-20 17:43:11.275
ETH,BUY,0.2000,555850.000,2024-07-20 17:43:16.928
ETH,SELL,0.0900,555854.000,2024-07-20 17:43:55.243
ETH,SELL,0.5100,555854.000,2024-07-20 17:43:55.243
ETH,BUY,0.0100,555703.000,2024-07-20 17:44:17.331
ETH,BUY,0.0971,555711.000,2024-07-20 17:44:17.331
ETH,BUY,0.0929,555718.000,2024-07-20 17:44:17.331
ETH,BUY,0.0156,555655.000,2024-07-20 17:45:11.960
ETH,BUY,0.0256,556000.000,2024-07-20 17:45:15.972
ETH,BUY,0.0453,556000.000,2024-07-20 17:47:15.406
ETH,BUY,0.2000,556000.000,2024-07-20 17:47:15.906
ETH,BUY,0.0261,556000.000,2024-07-20 17:47:18.341
ETH,BUY,0.0204,556000.000,2024-07-20 17:47:35.774
ETH,BUY,0.0114,556000.000,2024-07-20 17:47:39.091
ETH,BUY,0.0657,556000.000,2024-07-20 17:47:42.473
ETH,BUY,0.2000,556000.000,2024-07-20 17:47:43.225
ETH,BUY,0.1190,556000.000,2024-07-20 17:47:58.917
ETH,BUY,0.0261,556000.000,2024-07-20 17:47:59.921
ETH,BUY,0.8304,556000.000,2024-07-20 17:48:00.118
ETH,BUY,0.0200,556000.000,2024-07-20 17:48:00.118
ETH,BUY,0.7596,556000.000,2024-07-20 17:48:00.118
ETH,BUY,0.2854,556000.000,2024-07-20 17:48:00.270
ETH,SELL,0.1000,556291.000,2024-07-20 17:48:55.042
ETH,SELL,0.5928,556291.000,2024-07-20 17:48:55.042
ETH,SELL,0.5926,556056.000,2024-07-20 17:50:26.067
ETH,SELL,0.3246,556000.000,2024-07-20 17:50:26.884
ETH,SELL,0.0100,556000.000,2024-07-20 17:50:27.726
ETH,SELL,0.0300,555900.000,2024-07-20 17:50:38.814
ETH,SELL,0.1454,555500.000,2024-07-20 17:50:49.240
ETH,BUY,0.0380,555523.000,2024-07-20 17:55:49.245
ETH,SELL,0.0508,555518.000,2024-07-20 17:57:07.313
ETH,BUY,0.0220,555523.000,2024-07-20 17:57:18.956
ETH,BUY,0.8259,555523.000,2024-07-20 17:57:18.956
ETH,BUY,0.1521,555523.000,2024-07-20 17:57:18.956
ETH,SELL,0.0431,555518.000,2024-07-20 17:58:10.738
ETH,SELL,0.0789,555518.000,2024-07-20 17:58:17.321
ETH,SELL,0.1000,555500.000,2024-07-20 17:58:17.865
ETH,BUY,0.1000,555201.000,2024-07-20 17:59:13.781
ETH,BUY,0.0100,555453.000,2024-07-20 18:01:03.760
ETH,BUY,0.0300,555465.000,2024-07-20 18:01:03.760
ETH,SELL,0.0107,555465.000,2024-07-20 18:01:17.488
ETH,BUY,0.0200,555467.000,2024-07-20 18:01:27.290
ETH,SELL,0.1000,555465.000,2024-07-20 18:01:28.785
ETH,SELL,0.0227,555465.000,2024-07-20 18:01:46.727
ETH,SELL,0.0171,555465.000,2024-07-20 18:01:52.364
ETH,SELL,0.0329,555465.000,2024-07-20 18:01:55.328
ETH,SELL,0.0102,555465.000,2024-07-20 18:02:11.781
ETH,SELL,0.0296,555465.000,2024-07-20 18:02:13.392
ETH,SELL,0.6791,555465.000,2024-07-20 18:02:14.903
ETH,SELL,0.0239,555465.000,2024-07-20 18:02:15.706
ETH,SELL,0.0113,555465.000,2024-07-20 18:02:17.358
ETH,SELL,0.0137,555465.000,2024-07-20 18:02:19.099
ETH,SELL,0.0100,555465.000,2024-07-20 18:02:19.774
ETH,BUY,0.0200,555413.000,2024-07-20 18:02:49.448
ETH,BUY,0.0100,555395.000,2024-07-20 18:02:49.675
ETH,BUY,0.0100,555395.000,2024-07-20 18:02:50.119
ETH,BUY,0.0300,555342.000,2024-07-20 18:02:53.707
ETH,SELL,0.0109,555002.000,2024-07-20 18:05:51.679
ETH,SELL,0.0137,555261.000,2024-07-20 18:07:56.200
ETH,SELL,0.5000,555017.000,2024-07-20 18:07:58.535
ETH,SELL,0.4945,555017.000,2024-07-20 18:07:59.190
ETH,BUY,0.0479,555005.000,2024-07-20 18:08:39.520
ETH,BUY,0.0242,555012.000,2024-07-20 18:08:39.520
ETH,BUY,0.0800,555018.000,2024-07-20 18:08:39.520
ETH,BUY,0.1001,555018.000,2024-07-20 18:08:39.520
ETH,BUY,0.0978,555261.000,2024-07-20 18:08:39.520
ETH,BUY,0.0946,555261.000,2024-07-20 18:08:39.651
ETH,BUY,0.0242,554999.000,2024-07-20 18:08:42.631
ETH,SELL,0.0001,554990.000,2024-07-20 18:08:52.465
ETH,SELL,0.4999,554914.000,2024-07-20 18:08:52.465
ETH,SELL,0.5000,554914.000,2024-07-20 18:08:52.843
ETH,SELL,0.0001,554914.000,2024-07-20 18:08:52.947
ETH,SELL,0.1999,554734.000,2024-07-20 18:08:52.947
ETH,BUY,0.0100,554656.000,2024-07-20 18:09:50.232
ETH,SELL,0.0500,554923.000,2024-07-20 18:11:15.884
ETH,BUY,0.0100,555185.000,2024-07-20 18:12:14.306
ETH,SELL,0.0162,555091.000,2024-07-20 18:13:16.383
ETH,BUY,0.0800,555459.000,2024-07-20 18:15:50.383
ETH,SELL,0.0264,555959.000,2024-07-20 18:16:14.509
ETH,SELL,0.0228,555959.000,2024-07-20 18:17:15.842
ETH,SELL,0.0625,555959.000,2024-07-20 18:17:17.575
ETH,SELL,0.0238,555959.000,2024-07-20 18:17:32.203
ETH,SELL,0.0728,555959.000,2024-07-20 18:17:34.584
ETH,SELL,0.0455,555959.000,2024-07-20 18:17:43.290
ETH,SELL,0.1000,555959.000,2024-07-20 18:18:37.740
ETH,SELL,0.0100,555959.000,2024-07-20 18:18:43.798
ETH,BUY,0.1000,556154.000,2024-07-20 18:19:17.641
ETH,BUY,1.0000,556249.000,2024-07-20 18:19:17.641
ETH,BUY,0.2000,556275.000,2024-07-20 18:19:17.641
ETH,BUY,4.0000,556278.000,2024-07-20 18:19:17.641
ETH,BUY,0.0200,556292.000,2024-07-20 18:19:17.641
ETH,BUY,0.5842,556299.000,2024-07-20 18:19:17.641
ETH,BUY,0.0370,556300.000,2024-07-20 18:19:17.641
ETH,BUY,1.0588,556336.000,2024-07-20 18:19:17.641
ETH,BUY,0.1100,556164.000,2024-07-20 18:19:21.193
ETH,SELL,0.2000,555965.000,2024-07-20 18:19:36.942
ETH,BUY,0.0498,556143.000,2024-07-20 18:20:09.606
ETH,BUY,0.0102,556300.000,2024-07-20 18:20:09.606
ETH,BUY,0.0498,556307.000,2024-07-20 18:20:13.294
ETH,SELL,0.2000,555965.000,2024-07-20 18:20:39.000
ETH,SELL,0.0112,555966.000,2024-07-20 18:20:39.742
ETH,SELL,0.1167,555966.000,2024-07-20 18:20:40.911
ETH,SELL,0.8000,555965.000,2024-07-20 18:20:46.652
ETH,BUY,0.1800,556237.000,2024-07-20 18:30:18.274
ETH,SELL,0.1000,556236.000,2024-07-20 18:32:32.304
ETH,SELL,0.0726,556236.000,2024-07-20 18:32:32.597
ETH,SELL,0.0274,555865.000,2024-07-20 18:32:34.475
ETH,BUY,0.0100,555534.000,2024-07-20 18:40:26.113
ETH,BUY,0.0100,555667.000,2024-07-20 18:40:26.645
ETH,SELL,0.0600,556237.000,2024-07-20 18:43:27.210
ETH,BUY,0.0289,556468.000,2024-07-20 18:46:04.288
ETH,BUY,0.7500,556480.000,2024-07-20 18:46:05.957
ETH,BUY,0.0389,556500.000,2024-07-20 18:46:07.313
ETH,BUY,0.9611,556500.000,2024-07-20 18:46:08.188
ETH,BUY,0.0100,556500.000,2024-07-20 18:46:08.188
ETH,BUY,0.4089,556500.000,2024-07-20 18:46:08.188
ETH,BUY,0.0911,556500.000,2024-07-20 18:46:08.382
ETH,BUY,0.6189,556500.000,2024-07-20 18:46:08.382
ETH,BUY,0.3811,556500.000,2024-07-20 18:46:10.096
ETH,BUY,0.2514,556741.000,2024-07-20 18:46:10.096
ETH,BUY,0.0370,556900.000,2024-07-20 18:46:10.096
ETH,BUY,0.1000,557000.000,2024-07-20 18:46:10.096
ETH,BUY,0.0100,557000.000,2024-07-20 18:46:10.096
ETH,BUY,0.6205,557105.000,2024-07-20 18:46:10.096
ETH,BUY,0.1000,557145.000,2024-07-20 18:46:15.702
ETH,BUY,0.0100,557146.000,2024-07-20 18:46:25.742
ETH,BUY,0.0400,557185.000,2024-07-20 18:46:25.742
ETH,BUY,0.0100,557196.000,2024-07-20 18:47:21.296
ETH,BUY,0.0200,557227.000,2024-07-20 18:47:23.696
ETH,SELL,0.1000,557064.000,2024-07-20 18:49:04.992
ETH,SELL,0.9000,557064.000,2024-07-20 18:49:05.100
ETH,SELL,0.1000,556760.000,2024-07-20 18:49:06.169
ETH,BUY,0.0100,556920.000,2024-07-20 18:49:41.849
ETH,BUY,0.0100,557090.000,2024-07-20 18:49:41.849
ETH,BUY,0.0126,557035.000,2024-07-20 18:50:08.816
ETH,BUY,0.1000,557041.000,2024-07-20 18:50:08.816
ETH,BUY,0.0874,557043.000,2024-07-20 18:50:08.816
ETH,BUY,0.3000,557043.000,2024-07-20 18:50:09.174
ETH,BUY,0.0226,557037.000,2024-07-20 18:50:12.687
ETH,BUY,0.0226,557043.000,2024-07-20 18:50:13.214
ETH,BUY,0.0100,557149.000,2024-07-20 18:50:27.855
ETH,BUY,0.0100,557291.000,2024-07-20 18:50:28.834
ETH,BUY,0.0800,557298.000,2024-07-20 18:50:29.239
ETH,BUY,0.0200,557284.000,2024-07-20 18:50:31.800
ETH,SELL,0.0945,557313.000,2024-07-20 18:50:39.018
ETH,SELL,0.2127,556950.000,2024-07-20 18:53:31.799
ETH,SELL,0.2000,556434.000,2024-07-20 18:55:47.956
ETH,SELL,0.0306,556432.000,2024-07-20 18:55:47.956
ETH,BUY,0.0200,556283.000,2024-07-20 18:58:41.875
ETH,SELL,0.1000,556461.000,2024-07-20 18:59:54.175
ETH,BUY,0.1000,556283.000,2024-07-20 19:06:24.022
ETH,BUY,0.2000,556284.000,2024-07-20 19:06:25.051
ETH,BUY,0.0100,556285.000,2024-07-20 19:06:25.972
ETH,BUY,0.0261,556356.000,2024-07-20 19:07:42.227
ETH,BUY,0.1000,556357.000,2024-07-20 19:07:43.459
ETH,BUY,0.9000,556357.000,2024-07-20 19:07:43.741
ETH,BUY,0.2000,556358.000,2024-07-20 19:07:44.361
ETH,BUY,0.0892,556358.000,2024-07-20 19:07:45.193
ETH,BUY,1.0999,556489.000,2024-07-20 19:10:05.412
ETH,BUY,0.0200,556567.000,2024-07-20 19:13:06.889
ETH,SELL,0.1725,556558.000,2024-07-20 19:14:44.720
ETH,SELL,0.3275,556507.000,2024-07-20 19:14:44.720
ETH,SELL,0.1000,556476.000,2024-07-20 19:14:47.551
ETH,BUY,0.0100,555609.000,2024-07-20 19:18:02.412
ETH,BUY,0.0119,555663.000,2024-07-20 19:21:53.081
ETH,BUY,0.1881,555937.000,2024-07-20 19:21:53.081
ETH,BUY,0.0119,555935.000,2024-07-20 19:21:55.644
ETH,SELL,0.0100,555576.000,2024-07-20 19:35:10.481
ETH,BUY,0.0100,555577.000,2024-07-20 19:35:38.770
ETH,SELL,0.2474,555579.000,2024-07-20 19:36:01.760
ETH,SELL,0.0900,555579.000,2024-07-20 19:36:03.029
ETH,SELL,0.0026,555579.000,2024-07-20 19:36:03.109
ETH,SELL,0.0974,555560.000,2024-07-20 19:36:03.109
ETH,SELL,0.4812,555560.000,2024-07-20 19:36:03.248
ETH,SELL,0.4000,555383.000,2024-07-20 19:36:03.739
ETH,SELL,0.2000,555383.000,2024-07-20 19:36:04.728
ETH,SELL,0.4000,555383.000,2024-07-20 19:36:04.919
ETH,SELL,0.0300,555379.000,2024-07-20 19:36:05.969
ETH,SELL,0.2000,555000.000,2024-07-20 19:36:14.728
ETH,SELL,1.2286,555000.000,2024-07-20 19:36:14.773
ETH,SELL,0.0014,555000.000,2024-07-20 19:36:15.303
ETH,SELL,0.0100,554267.000,2024-07-20 19:36:15.677
ETH,SELL,0.4886,554119.000,2024-07-20 19:36:15.677
ETH,SELL,1.5500,554168.000,2024-07-20 19:41:26.958
ETH,BUY,0.0900,554254.000,2024-07-20 19:43:09.049
ETH,SELL,0.0100,554254.000,2024-07-20 19:46:53.531
ETH,SELL,0.9000,553500.000,2024-07-20 19:54:31.469
ETH,SELL,0.9998,553500.000,2024-07-20 19:54:31.469
ETH,SELL,0.0002,553500.000,2024-07-20 19:54:31.528
ETH,SELL,0.0098,553437.000,2024-07-20 19:54:31.528
ETH,SELL,0.9999,553268.000,2024-07-20 19:55:09.412
ETH,SELL,0.9999,553307.000,2024-07-20 19:55:21.804
ETH,SELL,0.9999,553326.000,2024-07-20 19:55:25.892
ETH,SELL,0.9999,553383.000,2024-07-20 19:55:33.495
ETH,BUY,0.0100,553462.000,2024-07-20 19:56:03.373
ETH,BUY,0.0200,553518.000,2024-07-20 19:56:05.706
ETH,BUY,0.0200,553518.000,2024-07-20 19:56:08.372
ETH,BUY,0.0100,553518.000,2024-07-20 19:56:08.979
ETH,BUY,0.0100,553518.000,2024-07-20 19:56:09.183
ETH,BUY,0.0100,553659.000,2024-07-20 19:56:15.569
ETH,BUY,0.0200,553694.000,2024-07-20 19:59:01.519
ETH,BUY,0.0200,553737.000,2024-07-20 19:59:05.138
ETH,SELL,0.9999,554009.000,2024-07-20 20:01:01.619
ETH,SELL,0.1000,554824.000,2024-07-20 20:11:22.070
ETH,SELL,0.5861,554824.000,2024-07-20 20:11:22.070
ETH,SELL,0.3139,554824.000,2024-07-20 20:11:22.070
ETH,SELL,0.1000,554824.000,2024-07-20 20:11:48.523
ETH,SELL,0.5859,554824.000,2024-07-20 20:11:48.523
ETH,SELL,0.3141,554824.000,2024-07-20 20:11:48.523
ETH,SELL,1.0000,554818.000,2024-07-20 20:12:53.204
