symbol,side,size,price,timestamp
BTC,BUY,0.0048,10246297.000,2024-07-16 21:00:02.995
BTC,BUY,0.0004,10240001.000,2024-07-16 21:00:26.054
BTC,SELL,0.0002,10240000.000,2024-07-16 21:00:45.745
BTC,BUY,0.0100,10240001.000,2024-07-16 21:01:06.247
BTC,BUY,0.0013,10242022.000,2024-07-16 21:01:18.577
BTC,BUY,0.0125,10242880.000,2024-07-16 21:01:18.577
BTC,BUY,0.0462,10242940.000,2024-07-16 21:01:18.577
BTC,BUY,0.0038,10242940.000,2024-07-16 21:01:18.938
BTC,BUY,0.0001,10247652.000,2024-07-16 21:02:05.769
BTC,BUY,0.0009,10248064.000,2024-07-16 21:02:05.769
BTC,BUY,0.0090,10250778.000,2024-07-16 21:02:05.769
BTC,BUY,0.0010,10248897.000,2024-07-16 21:02:24.067
BTC,BUY,0.0008,10253877.000,2024-07-16 21:02:31.008
BTC,BUY,0.0468,10255119.000,2024-07-16 21:02:31.008
BTC,SELL,0.0004,10256880.000,2024-07-16 21:02:51.602
BTC,BUY,0.0005,10257947.000,2024-07-16 21:03:00.172
BTC,BUY,0.0010,10256881.000,2024-07-16 21:03:33.371
BTC,SELL,0.0161,10256880.000,2024-07-16 21:03:47.658
BTC,BUY,0.0001,10256262.000,2024-07-16 21:04:25.812
BTC,BUY,0.0049,10258560.000,2024-07-16 21:04:25.812
BTC,BUY,0.0001,10253347.000,2024-07-16 21:06:22.664
BTC,SELL,0.1000,10250168.000,2024-07-16 21:07:21.007
BTC,SELL,0.1000,10249786.000,2024-07-16 21:07:25.885
BTC,SELL,0.0150,10246579.000,2024-07-16 21:07:27.722
BTC,SELL,0.0001,10244000.000,2024-07-16 21:07:38.324
BTC,SELL,0.0001,10240000.000,2024-07-16 21:07:58.916
BTC,SELL,0.0001,10240000.000,2024-07-16 21:07:58.916
BTC,SELL,0.0010,10240000.000,2024-07-16 21:07:58.916
BTC,SELL,0.0002,10240000.000,2024-07-16 21:07:58.916
BTC,SELL,0.0002,10240000.000,2024-07-16 21:07:58.916
BTC,BUY,0.0001,10238844.000,2024-07-16 21:08:49.226
BTC,SELL,0.0022,10236950.000,2024-07-16 21:09:02.773
BTC,BUY,0.0041,10236651.000,2024-07-16 21:10:33.613
BTC,SELL,0.0050,10230590.000,2024-07-16 21:10:58.802
BTC,SELL,0.0001,10230001.000,2024-07-16 21:11:44.376
BTC,SELL,0.0003,10230000.000,2024-07-16 21:11:45.248
BTC,SELL,0.0010,10230000.000,2024-07-16 21:11:45.248
BTC,SELL,0.0003,10230000.000,2024-07-16 21:11:45.248
BTC,SELL,0.0100,10228961.000,2024-07-16 21:11:45.835
BTC,SELL,0.0500,10228961.000,2024-07-16 21:11:45.969
BTC,SELL,0.0400,10228961.000,2024-07-16 21:11:45.999
BTC,SELL,0.0600,10224230.000,2024-07-16 21:11:45.999
BTC,SELL,0.1000,10224230.000,2024-07-16 21:11:46.165
BTC,SELL,0.0030,10223170.000,2024-07-16 21:11:46.727
BTC,SELL,0.1000,10222640.000,2024-07-16 21:11:47.192
BTC,SELL,0.0250,10223570.000,2024-07-16 21:11:48.644
BTC,SELL,0.0750,10223570.000,2024-07-16 21:11:48.853
BTC,SELL,0.0125,10222160.000,2024-07-16 21:11:48.853
BTC,SELL,0.0002,10220000.000,2024-07-16 21:11:51.227
BTC,SELL,0.0001,10220000.000,2024-07-16 21:11:53.222
BTC,SELL,0.0005,10220000.000,2024-07-16 21:11:53.222
BTC,SELL,0.0005,10220000.000,2024-07-16 21:13:08.726
BTC,SELL,0.0003,10220000.000,2024-07-16 21:13:08.726
BTC,SELL,0.1992,10219460.000,2024-07-16 21:13:08.726
BTC,SELL,0.2000,10219460.000,2024-07-16 21:13:08.846
BTC,SELL,0.0474,10219460.000,2024-07-16 21:13:08.980
BTC,SELL,0.1000,10228096.000,2024-07-16 21:14:13.173
BTC,SELL,0.0044,10220000.000,2024-07-16 21:14:13.442
BTC,SELL,0.0100,10219460.000,2024-07-16 21:14:13.442
BTC,SELL,0.0356,10218930.000,2024-07-16 21:14:13.442
BTC,SELL,0.0030,10218930.000,2024-07-16 21:14:13.717
BTC,SELL,0.0240,10226193.000,2024-07-16 21:15:40.002
BTC,SELL,0.0300,10226100.000,2024-07-16 21:15:40.002
BTC,SELL,0.0700,10223531.000,2024-07-16 21:15:40.002
BTC,SELL,0.0200,10223527.000,2024-07-16 21:15:40.002
BTC,SELL,0.0560,10223526.000,2024-07-16 21:15:40.002
BTC,BUY,0.0500,10230399.000,2024-07-16 21:15:42.866
BTC,BUY,0.0370,10230350.000,2024-07-16 21:15:54.584
BTC,BUY,0.0180,10230590.000,2024-07-16 21:16:03.378
BTC,BUY,0.0125,10231808.000,2024-07-16 21:16:03.378
BTC,BUY,0.0195,10234655.000,2024-07-16 21:16:03.378
BTC,BUY,0.0005,10234197.000,2024-07-16 21:16:42.988
BTC,BUY,0.0174,10241400.000,2024-07-16 21:18:35.030
BTC,BUY,0.0010,10243844.000,2024-07-16 21:18:47.768
BTC,BUY,0.0001,10242251.000,2024-07-16 21:20:09.273
BTC,BUY,0.0002,10241750.000,2024-07-16 21:20:25.892
BTC,SELL,0.0020,10241190.000,2024-07-16 21:20:34.300
BTC,BUY,0.0002,10243096.000,2024-07-16 21:20:38.723
BTC,BUY,0.0004,10243657.000,2024-07-16 21:21:06.322
BTC,BUY,0.0076,10243680.000,2024-07-16 21:21:06.322
BTC,BUY,0.0400,10243749.000,2024-07-16 21:21:06.322
BTC,BUY,0.0050,10243311.000,2024-07-16 21:21:37.375
BTC,BUY,0.0005,10242300.000,2024-07-16 21:23:30.794
BTC,BUY,0.0030,10242288.000,2024-07-16 21:24:00.224
BTC,BUY,0.0006,10250000.000,2024-07-16 21:30:34.294
BTC,BUY,0.0001,10250000.000,2024-07-16 21:31:42.647
BTC,BUY,0.0003,10250000.000,2024-07-16 21:31:59.732
BTC,BUY,0.0097,10250000.000,2024-07-16 21:31:59.732
BTC,BUY,0.0003,10250000.000,2024-07-16 21:32:04.434
BTC,SELL,0.0060,10254577.000,2024-07-16 21:32:28.215
BTC,BUY,0.0002,10254578.000,2024-07-16 21:33:18.507
BTC,BUY,0.0001,10260000.000,2024-07-16 21:33:40.930
BTC,BUY,0.0001,10260000.000,2024-07-16 21:33:42.857
BTC,BUY,0.0001,10257091.000,2024-07-16 21:35:20.578
BTC,SELL,0.0012,10256501.000,2024-07-16 21:35:46.668
BTC,SELL,0.0041,10255500.000,2024-07-16 21:35:46.668
BTC,SELL,0.0066,10252880.000,2024-07-16 21:36:36.339
BTC,SELL,0.0059,10252880.000,2024-07-16 21:36:39.054
BTC,SELL,0.1000,10250100.000,2024-07-16 21:36:39.606
BTC,SELL,0.0001,10250000.000,2024-07-16 21:36:41.849
BTC,SELL,0.0001,10251260.000,2024-07-16 21:36:43.848
BTC,SELL,0.0999,10251260.000,2024-07-16 21:36:45.162
BTC,SELL,0.0001,10250000.000,2024-07-16 21:36:45.162
BTC,SELL,0.0002,10250000.000,2024-07-16 21:36:58.682
BTC,SELL,0.0001,10249746.000,2024-07-16 21:37:02.847
BTC,SELL,0.0080,10249746.000,2024-07-16 21:37:02.909
BTC,SELL,0.0196,10249746.000,2024-07-16 21:37:02.994
BTC,SELL,0.0200,10249746.000,2024-07-16 21:37:03.056
BTC,SELL,0.0523,10249746.000,2024-07-16 21:37:03.234
BTC,SELL,0.0200,10245794.000,2024-07-16 21:37:04.491
BTC,SELL,0.0800,10245794.000,2024-07-16 21:37:06.295
BTC,SELL,0.0001,10242287.000,2024-07-16 21:37:06.295
BTC,SELL,0.0099,10240000.000,2024-07-16 21:37:06.295
BTC,BUY,0.0001,10240001.000,2024-07-16 21:37:39.554
BTC,BUY,0.0001,10240001.000,2024-07-16 21:38:25.912
BTC,BUY,0.0004,10240001.000,2024-07-16 21:38:26.450
BTC,SELL,0.0001,10240000.000,2024-07-16 21:39:33.333
BTC,SELL,0.0003,10240000.000,2024-07-16 21:39:33.333
BTC,SELL,0.0010,10238540.000,2024-07-16 21:39:33.333
BTC,SELL,0.0249,10233774.000,2024-07-16 21:39:33.333
BTC,SELL,0.0050,10230062.000,2024-07-16 21:39:38.467
BTC,BUY,0.0001,10239040.000,2024-07-16 21:41:06.696
BTC,SELL,0.0005,10240955.000,2024-07-16 21:43:18.536
BTC,SELL,0.0011,10237205.000,2024-07-16 21:43:50.823
BTC,SELL,0.0010,10236430.000,2024-07-16 21:47:22.887
BTC,SELL,0.0500,10236430.000,2024-07-16 21:47:51.356
BTC,BUY,0.0002,10237201.000,2024-07-16 21:48:01.176
BTC,SELL,0.0014,10236955.000,2024-07-16 21:48:25.982
BTC,BUY,0.0003,10239965.000,2024-07-16 21:49:46.018
BTC,SELL,0.0100,10239600.000,2024-07-16 21:49:47.218
BTC,SELL,0.0350,10236973.000,2024-07-16 21:51:40.678
BTC,SELL,0.0001,10236955.000,2024-07-16 21:52:52.471
BTC,SELL,0.0001,10233624.000,2024-07-16 21:52:53.376
BTC,SELL,0.0004,10233624.000,2024-07-16 21:52:53.428
BTC,SELL,0.0200,10233624.000,2024-07-16 21:52:53.488
BTC,SELL,0.0400,10230683.000,2024-07-16 21:52:58.592
BTC,SELL,0.0100,10230100.000,2024-07-16 21:53:08.905
BTC,SELL,0.0001,10230100.000,2024-07-16 21:54:23.316
BTC,BUY,0.0050,10230101.000,2024-07-16 21:55:46.462
BTC,BUY,0.0050,10230101.000,2024-07-16 21:58:00.262
BTC,SELL,0.0001,10230100.000,2024-07-16 21:58:02.076
BTC,SELL,0.0048,10230100.000,2024-07-16 21:58:11.874
BTC,SELL,0.0003,10230000.000,2024-07-16 21:58:12.799
BTC,SELL,0.0300,10230000.000,2024-07-16 21:58:12.799
BTC,SELL,0.0100,10230000.000,2024-07-16 21:58:12.799
BTC,SELL,0.0002,10230000.000,2024-07-16 21:58:12.799
BTC,SELL,0.0005,10226960.000,2024-07-16 21:59:18.159
BTC,SELL,0.0059,10226960.000,2024-07-16 21:59:31.116
BTC,SELL,0.0030,10226960.000,2024-07-16 21:59:31.203
BTC,SELL,0.0024,10226960.000,2024-07-16 21:59:32.493
BTC,SELL,0.0007,10226960.000,2024-07-16 21:59:35.621
BTC,SELL,0.0493,10226146.000,2024-07-16 21:59:35.621
BTC,SELL,0.0100,10226146.000,2024-07-16 21:59:35.895
BTC,SELL,0.0203,10226146.000,2024-07-16 21:59:36.470
BTC,SELL,0.0229,10222603.000,2024-07-16 21:59:42.201
BTC,SELL,0.0100,10221892.000,2024-07-16 21:59:46.565
BTC,SELL,0.0489,10221611.000,2024-07-16 21:59:49.645
BTC,SELL,0.0056,10221389.000,2024-07-16 21:59:54.680
BTC,BUY,0.0008,10220544.000,2024-07-16 22:00:03.492
BTC,BUY,0.0001,10220441.000,2024-07-16 22:00:04.051
BTC,SELL,0.0004,10220323.000,2024-07-16 22:00:22.052
BTC,SELL,0.0010,10220000.000,2024-07-16 22:00:22.052
BTC,SELL,0.0003,10220000.000,2024-07-16 22:00:22.052
BTC,SELL,0.0001,10219800.000,2024-07-16 22:00:22.052
BTC,SELL,0.0382,10218941.000,2024-07-16 22:00:22.052
BTC,SELL,0.0002,10217884.000,2024-07-16 22:00:41.466
BTC,SELL,0.0188,10213108.000,2024-07-16 22:00:41.466
BTC,BUY,0.0125,10219920.000,2024-07-16 22:01:02.155
BTC,BUY,0.0025,10220441.000,2024-07-16 22:01:02.155
BTC,SELL,0.0010,10220440.000,2024-07-16 22:02:12.401
BTC,SELL,0.0107,10220440.000,2024-07-16 22:04:32.212
BTC,SELL,0.0893,10220440.000,2024-07-16 22:04:32.675
BTC,SELL,0.0100,10212187.000,2024-07-16 22:05:27.525
BTC,SELL,0.0003,10210000.000,2024-07-16 22:05:29.134
BTC,SELL,0.0001,10210000.000,2024-07-16 22:05:29.134
BTC,SELL,0.0010,10210000.000,2024-07-16 22:05:29.134
BTC,SELL,0.0003,10210000.000,2024-07-16 22:05:29.134
BTC,SELL,0.0003,10210000.000,2024-07-16 22:05:29.134
BTC,SELL,0.0002,10210000.000,2024-07-16 22:05:29.134
BTC,SELL,0.1000,10208783.000,2024-07-16 22:05:29.134
BTC,SELL,0.0700,10202126.000,2024-07-16 22:05:29.222
BTC,SELL,0.0050,10202125.000,2024-07-16 22:05:29.222
BTC,SELL,0.0001,10201440.000,2024-07-16 22:05:29.222
BTC,SELL,0.0050,10201000.000,2024-07-16 22:05:29.222
BTC,SELL,0.0199,10200910.000,2024-07-16 22:05:29.222
BTC,SELL,0.0022,10200910.000,2024-07-16 22:05:29.263
BTC,SELL,0.0261,10200380.000,2024-07-16 22:05:30.103
BTC,SELL,0.0003,10200000.000,2024-07-16 22:05:31.294
BTC,SELL,0.0006,10200000.000,2024-07-16 22:05:31.294
BTC,SELL,0.0020,10200000.000,2024-07-16 22:05:31.294
BTC,SELL,0.0459,10200000.000,2024-07-16 22:05:31.294
BTC,SELL,0.0026,10200000.000,2024-07-16 22:05:31.360
BTC,BUY,0.0124,10200247.000,2024-07-16 22:05:32.200
BTC,BUY,0.0898,10200300.000,2024-07-16 22:05:32.200
BTC,SELL,0.0700,10200051.000,2024-07-16 22:06:26.642
BTC,SELL,0.0880,10200007.000,2024-07-16 22:06:26.642
BTC,SELL,0.0880,10200007.000,2024-07-16 22:06:26.642
BTC,SELL,0.0015,10200000.000,2024-07-16 22:06:26.642
BTC,SELL,0.0005,10200000.000,2024-07-16 22:06:26.642
BTC,SELL,0.0001,10200000.000,2024-07-16 22:06:26.642
BTC,SELL,0.0100,10200000.000,2024-07-16 22:06:26.642
BTC,SELL,0.0100,10200000.000,2024-07-16 22:06:26.642
BTC,SELL,0.0002,10200000.000,2024-07-16 22:06:26.642
BTC,SELL,0.0010,10200000.000,2024-07-16 22:06:26.642
BTC,SELL,0.0003,10200000.000,2024-07-16 22:06:26.642
BTC,SELL,0.0010,10200000.000,2024-07-16 22:06:26.642
BTC,SELL,0.0002,10200000.000,2024-07-16 22:06:26.642
BTC,SELL,0.0056,10199964.000,2024-07-16 22:06:26.642
BTC,SELL,0.0236,10199850.000,2024-07-16 22:06:26.642
BTC,SELL,0.0500,10196670.000,2024-07-16 22:06:58.822
BTC,SELL,0.0001,10196447.000,2024-07-16 22:07:40.713
BTC,SELL,0.0019,10196140.000,2024-07-16 22:07:40.713
BTC,SELL,0.0004,10190000.000,2024-07-16 22:08:26.807
BTC,SELL,0.0001,10190000.000,2024-07-16 22:08:26.807
BTC,SELL,0.0003,10190000.000,2024-07-16 22:08:26.807
BTC,SELL,0.0010,10190000.000,2024-07-16 22:08:26.807
BTC,SELL,0.0002,10190000.000,2024-07-16 22:08:26.807
BTC,SELL,0.0400,10189503.000,2024-07-16 22:08:26.958
BTC,SELL,0.0600,10189503.000,2024-07-16 22:08:26.961
BTC,SELL,0.0001,10186865.000,2024-07-16 22:08:26.961
BTC,SELL,0.0020,10181301.000,2024-07-16 22:08:27.053
BTC,SELL,0.0676,10181301.000,2024-07-16 22:08:27.192
BTC,SELL,0.0052,10180770.000,2024-07-16 22:08:27.468
BTC,SELL,0.0004,10180000.000,2024-07-16 22:08:27.468
BTC,SELL,0.0001,10180000.000,2024-07-16 22:08:27.468
BTC,SELL,0.0009,10180000.000,2024-07-16 22:08:27.468
BTC,SELL,0.0001,10180000.000,2024-07-16 22:08:27.468
BTC,SELL,0.0003,10180000.000,2024-07-16 22:08:27.468
BTC,SELL,0.0010,10180000.000,2024-07-16 22:08:27.468
BTC,SELL,0.0034,10179300.000,2024-07-16 22:08:27.468
BTC,SELL,0.0004,10179182.000,2024-07-16 22:08:27.468
BTC,SELL,0.0372,10179180.000,2024-07-16 22:08:27.468
BTC,SELL,0.0002,10180000.000,2024-07-16 22:08:27.564
BTC,SELL,0.0998,10178650.000,2024-07-16 22:08:27.564
BTC,SELL,0.0400,10178650.000,2024-07-16 22:08:27.683
BTC,SELL,0.0411,10178650.000,2024-07-16 22:08:27.763
BTC,SELL,0.1000,10178650.000,2024-07-16 22:08:27.861
BTC,SELL,0.0200,10179181.000,2024-07-16 22:08:28.466
BTC,SELL,0.0010,10175748.000,2024-07-16 22:08:29.110
BTC,SELL,0.0001,10174962.000,2024-07-16 22:08:29.110
BTC,SELL,0.0001,10171490.000,2024-07-16 22:08:29.110
BTC,SELL,0.0188,10171261.000,2024-07-16 22:08:29.110
BTC,SELL,0.0001,10171261.000,2024-07-16 22:08:29.443
BTC,SELL,0.0240,10171261.000,2024-07-16 22:08:29.674
BTC,SELL,0.0070,10171261.000,2024-07-16 22:08:30.036
BTC,SELL,0.0501,10171261.000,2024-07-16 22:08:30.277
BTC,BUY,0.0300,10171255.000,2024-07-16 22:08:30.638
BTC,BUY,0.0004,10171596.000,2024-07-16 22:08:35.022
BTC,BUY,0.0125,10171760.000,2024-07-16 22:08:35.022
BTC,BUY,0.0172,10171799.000,2024-07-16 22:08:35.022
BTC,SELL,0.0018,10171261.000,2024-07-16 22:08:40.339
BTC,SELL,0.0880,10171083.000,2024-07-16 22:08:41.732
BTC,BUY,0.0061,10171340.000,2024-07-16 22:08:47.369
BTC,BUY,0.0125,10172640.000,2024-07-16 22:08:47.369
BTC,BUY,0.0014,10172663.000,2024-07-16 22:08:47.369
BTC,BUY,0.0054,10172561.000,2024-07-16 22:08:49.591
BTC,BUY,0.0046,10172663.000,2024-07-16 22:08:49.591
BTC,SELL,0.0100,10172295.000,2024-07-16 22:09:01.073
BTC,BUY,0.0100,10172663.000,2024-07-16 22:09:07.043
BTC,BUY,0.0100,10172663.000,2024-07-16 22:09:21.936
BTC,BUY,0.0030,10172663.000,2024-07-16 22:09:37.245
BTC,BUY,0.0100,10172663.000,2024-07-16 22:09:42.082
BTC,BUY,0.0100,10172663.000,2024-07-16 22:09:42.085
BTC,SELL,0.0004,10170000.000,2024-07-16 22:09:54.656
BTC,SELL,0.0020,10170000.000,2024-07-16 22:09:54.656
BTC,SELL,0.0001,10170000.000,2024-07-16 22:09:54.656
BTC,SELL,0.0003,10170000.000,2024-07-16 22:09:54.656
BTC,SELL,0.0010,10170000.000,2024-07-16 22:09:54.656
BTC,SELL,0.0100,10170000.000,2024-07-16 22:09:54.656
BTC,SELL,0.0002,10170000.000,2024-07-16 22:09:54.656
BTC,SELL,0.0360,10168050.000,2024-07-16 22:09:54.656
BTC,BUY,0.0100,10168910.000,2024-07-16 22:10:53.838
BTC,BUY,0.0010,10169841.000,2024-07-16 22:10:53.838
BTC,BUY,0.0090,10171416.000,2024-07-16 22:10:53.838
BTC,SELL,0.0100,10170020.000,2024-07-16 22:11:29.707
BTC,SELL,0.0300,10170020.000,2024-07-16 22:11:30.306
BTC,SELL,0.0100,10170020.000,2024-07-16 22:11:32.410
BTC,SELL,0.0100,10170020.000,2024-07-16 22:11:32.569
BTC,SELL,0.0400,10170020.000,2024-07-16 22:11:32.629
BTC,SELL,0.0100,10170000.000,2024-07-16 22:11:35.755
BTC,SELL,0.0010,10170000.000,2024-07-16 22:11:35.940
BTC,SELL,0.0090,10166655.000,2024-07-16 22:11:35.940
BTC,BUY,0.0004,10166372.000,2024-07-16 22:11:41.062
BTC,BUY,0.0001,10165499.000,2024-07-16 22:11:57.987
BTC,BUY,0.0008,10165402.000,2024-07-16 22:12:21.310
BTC,BUY,0.0100,10166000.000,2024-07-16 22:12:32.455
BTC,BUY,0.0001,10166000.000,2024-07-16 22:12:32.858
BTC,BUY,0.0100,10166000.000,2024-07-16 22:12:34.638
BTC,BUY,0.0100,10166000.000,2024-07-16 22:12:36.399
BTC,BUY,0.0260,10166000.000,2024-07-16 22:12:37.159
BTC,BUY,0.0002,10166000.000,2024-07-16 22:12:37.324
BTC,BUY,0.0182,10166000.000,2024-07-16 22:12:37.571
BTC,BUY,0.0150,10166000.000,2024-07-16 22:12:37.790
BTC,BUY,0.0050,10166000.000,2024-07-16 22:12:39.089
BTC,BUY,0.0555,10166000.000,2024-07-16 22:12:43.473
BTC,BUY,0.0038,10172663.000,2024-07-16 22:12:43.473
BTC,BUY,0.0007,10172800.000,2024-07-16 22:12:43.473
BTC,BUY,0.0005,10172800.000,2024-07-16 22:12:43.561
BTC,BUY,0.0050,10172800.000,2024-07-16 22:12:43.564
BTC,BUY,0.0060,10172800.000,2024-07-16 22:12:43.602
BTC,SELL,0.0002,10172799.000,2024-07-16 22:13:02.798
BTC,BUY,0.0002,10172800.000,2024-07-16 22:13:10.774
BTC,BUY,0.0001,10172800.000,2024-07-16 22:13:15.875
BTC,BUY,0.0014,10178650.000,2024-07-16 22:13:34.721
BTC,BUY,0.0002,10180251.000,2024-07-16 22:13:35.656
BTC,SELL,0.0001,10182800.000,2024-07-16 22:14:18.940
BTC,BUY,0.0100,10189094.000,2024-07-16 22:14:29.041
BTC,BUY,0.0001,10192365.000,2024-07-16 22:15:03.610
BTC,SELL,0.0001,10192466.000,2024-07-16 22:15:43.439
BTC,SELL,0.0999,10192466.000,2024-07-16 22:16:09.311
BTC,SELL,0.1000,10192466.000,2024-07-16 22:16:09.311
BTC,SELL,0.0009,10192466.000,2024-07-16 22:16:09.311
BTC,SELL,0.0001,10192430.000,2024-07-16 22:16:09.311
BTC,SELL,0.0124,10192400.000,2024-07-16 22:16:09.311
BTC,SELL,0.0700,10191902.000,2024-07-16 22:16:09.311
BTC,SELL,0.0167,10191900.000,2024-07-16 22:16:09.311
BTC,SELL,0.0001,10192466.000,2024-07-16 22:16:13.485
BTC,BUY,0.0001,10192467.000,2024-07-16 22:16:24.934
BTC,BUY,0.0010,10200000.000,2024-07-16 22:16:29.297
BTC,BUY,0.0040,10200000.000,2024-07-16 22:16:29.297
BTC,BUY,0.0005,10199766.000,2024-07-16 22:16:44.491
BTC,BUY,0.0007,10199657.000,2024-07-16 22:16:46.164
BTC,SELL,0.0050,10198320.000,2024-07-16 22:16:51.203
BTC,BUY,0.0001,10198748.000,2024-07-16 22:16:57.154
BTC,BUY,0.0002,10196161.000,2024-07-16 22:17:26.913
BTC,BUY,0.0098,10199039.000,2024-07-16 22:17:26.913
BTC,BUY,0.0001,10200000.000,2024-07-16 22:17:46.330
BTC,BUY,0.0002,10198261.000,2024-07-16 22:18:40.106
BTC,BUY,0.0005,10198550.000,2024-07-16 22:18:40.106
BTC,SELL,0.0050,10198260.000,2024-07-16 22:18:42.993
BTC,BUY,0.0001,10198205.000,2024-07-16 22:18:44.436
BTC,SELL,0.0005,10197730.000,2024-07-16 22:20:02.613
BTC,SELL,0.0001,10197730.000,2024-07-16 22:22:23.797
BTC,SELL,0.0182,10196670.000,2024-07-16 22:22:23.797
BTC,SELL,0.0060,10192430.000,2024-07-16 22:22:29.964
BTC,SELL,0.1000,10191900.000,2024-07-16 22:22:32.725
BTC,SELL,0.0500,10194685.000,2024-07-16 22:22:36.172
BTC,SELL,0.0228,10194685.000,2024-07-16 22:22:36.230
BTC,SELL,0.0300,10190310.000,2024-07-16 22:22:37.373
BTC,SELL,0.0050,10189780.000,2024-07-16 22:22:39.708
BTC,SELL,0.0300,10191656.000,2024-07-16 22:23:09.373
BTC,SELL,0.0020,10187130.000,2024-07-16 22:23:13.034
BTC,SELL,0.0500,10186070.000,2024-07-16 22:23:21.718
BTC,SELL,0.0010,10184480.000,2024-07-16 22:23:35.230
BTC,SELL,0.0001,10184900.000,2024-07-16 22:24:56.290
BTC,BUY,0.0001,10190000.000,2024-07-16 22:26:46.970
BTC,SELL,0.0029,10187660.000,2024-07-16 22:28:54.336
BTC,BUY,0.0001,10189248.000,2024-07-16 22:31:45.836
BTC,SELL,0.0500,10188720.000,2024-07-16 22:32:38.933
BTC,BUY,0.0002,10190000.000,2024-07-16 22:33:04.497
BTC,BUY,0.0001,10190000.000,2024-07-16 22:33:15.222
BTC,BUY,0.0020,10190000.000,2024-07-16 22:33:26.706
BTC,BUY,0.0001,10190000.000,2024-07-16 22:33:29.658
BTC,SELL,0.0001,10189999.000,2024-07-16 22:33:38.546
BTC,BUY,0.0034,10190000.000,2024-07-16 22:33:52.259
BTC,BUY,0.0016,10197081.000,2024-07-16 22:33:52.259
BTC,BUY,0.0001,10196893.000,2024-07-16 22:35:41.262
BTC,BUY,0.0005,10194050.000,2024-07-16 22:37:51.579
BTC,SELL,0.0333,10192430.000,2024-07-16 22:38:56.779
BTC,BUY,0.0020,10190311.000,2024-07-16 22:40:13.530
BTC,BUY,0.0003,10197118.000,2024-07-16 22:41:04.456
BTC,BUY,0.0002,10197121.000,2024-07-16 22:45:15.819
BTC,BUY,0.0008,10198205.000,2024-07-16 22:45:19.039
BTC,BUY,0.0002,10198205.000,2024-07-16 22:45:19.830
BTC,BUY,0.0100,10200000.000,2024-07-16 22:45:26.004
BTC,BUY,0.0001,10200000.000,2024-07-16 22:45:26.740
BTC,BUY,0.0002,10202228.000,2024-07-16 22:46:08.373
BTC,BUY,0.0002,10205000.000,2024-07-16 22:46:09.432
BTC,SELL,0.0008,10205150.000,2024-07-16 22:47:48.824
BTC,BUY,0.0005,10210000.000,2024-07-16 22:48:07.535
BTC,BUY,0.0002,10210000.000,2024-07-16 22:48:09.106
BTC,BUY,0.0003,10210000.000,2024-07-16 22:48:18.448
BTC,BUY,0.0004,10210000.000,2024-07-16 22:48:18.448
BTC,BUY,0.0001,10212240.000,2024-07-16 22:48:27.235
BTC,SELL,0.0075,10216000.000,2024-07-16 22:51:09.475
BTC,SELL,0.0025,10215925.000,2024-07-16 22:51:09.475
BTC,SELL,0.0100,10215925.000,2024-07-16 22:51:20.902
BTC,BUY,0.0001,10219449.000,2024-07-16 22:51:31.072
BTC,SELL,0.0142,10219335.000,2024-07-16 22:51:33.238
BTC,SELL,0.0158,10219335.000,2024-07-16 22:51:33.315
BTC,SELL,0.0300,10219335.000,2024-07-16 22:51:33.315
BTC,SELL,0.0125,10218960.000,2024-07-16 22:51:35.445
BTC,SELL,0.0333,10218930.000,2024-07-16 22:51:37.140
BTC,SELL,0.0100,10218400.000,2024-07-16 22:51:38.604
BTC,SELL,0.0100,10218405.000,2024-07-16 22:51:41.727
BTC,BUY,0.0100,10218150.000,2024-07-16 22:51:45.474
BTC,BUY,0.0300,10217876.000,2024-07-16 22:51:55.388
BTC,SELL,0.0043,10217875.000,2024-07-16 22:52:10.314
BTC,SELL,0.0100,10217871.000,2024-07-16 22:52:11.969
BTC,BUY,0.0100,10217872.000,2024-07-16 22:52:16.268
BTC,BUY,0.0100,10217872.000,2024-07-16 22:52:16.311
BTC,BUY,0.0200,10217872.000,2024-07-16 22:52:30.541
BTC,SELL,0.0100,10217871.000,2024-07-16 22:52:41.958
BTC,SELL,0.0100,10217871.000,2024-07-16 22:53:18.206
BTC,SELL,0.0100,10217867.000,2024-07-16 22:53:22.259
BTC,SELL,0.0080,10217867.000,2024-07-16 22:53:22.639
BTC,SELL,0.0100,10217867.000,2024-07-16 22:53:32.347
BTC,SELL,0.0100,10217863.000,2024-07-16 22:53:42.297
BTC,BUY,0.0080,10217350.000,2024-07-16 22:54:20.385
BTC,BUY,0.0002,10217346.000,2024-07-16 22:54:47.267
BTC,BUY,0.0103,10218384.000,2024-07-16 22:54:47.267
BTC,BUY,0.1000,10218405.000,2024-07-16 22:55:22.058
BTC,BUY,0.0001,10219972.000,2024-07-16 22:55:59.156
BTC,BUY,0.0003,10220000.000,2024-07-16 22:57:39.938
BTC,BUY,0.0001,10220000.000,2024-07-16 22:57:51.477
BTC,BUY,0.0009,10220000.000,2024-07-16 22:57:51.477
BTC,BUY,0.0001,10220000.000,2024-07-16 22:58:28.293
BTC,BUY,0.0100,10220000.000,2024-07-16 22:59:20.586
BTC,BUY,0.0040,10220000.000,2024-07-16 22:59:20.586
BTC,BUY,0.0008,10220000.000,2024-07-16 23:00:11.868
BTC,BUY,0.0002,10220000.000,2024-07-16 23:00:26.263
BTC,BUY,0.0002,10220441.000,2024-07-16 23:00:26.263
BTC,BUY,0.0001,10220441.000,2024-07-16 23:00:26.305
BTC,BUY,0.0001,10220441.000,2024-07-16 23:00:38.932
BTC,BUY,0.0008,10220441.000,2024-07-16 23:00:45.352
BTC,BUY,0.0005,10220441.000,2024-07-16 23:00:48.114
BTC,BUY,0.0005,10220441.000,2024-07-16 23:00:48.900
BTC,BUY,0.0003,10220441.000,2024-07-16 23:01:01.361
BTC,BUY,0.0004,10220441.000,2024-07-16 23:02:39.878
BTC,BUY,0.0014,10220441.000,2024-07-16 23:02:40.406
BTC,SELL,0.0050,10224493.000,2024-07-16 23:04:26.380
BTC,BUY,0.0001,10224494.000,2024-07-16 23:04:33.551
BTC,BUY,0.0001,10224494.000,2024-07-16 23:04:51.732
BTC,SELL,0.0059,10224493.000,2024-07-16 23:05:10.692
BTC,BUY,0.0300,10224494.000,2024-07-16 23:05:29.328
BTC,BUY,0.0004,10225349.000,2024-07-16 23:07:22.546
BTC,BUY,0.0021,10225349.000,2024-07-16 23:07:22.793
BTC,BUY,0.0002,10230000.000,2024-07-16 23:08:48.101
BTC,BUY,0.0008,10230000.000,2024-07-16 23:08:54.309
BTC,BUY,0.0003,10230000.000,2024-07-16 23:08:54.309
BTC,BUY,0.0001,10230000.000,2024-07-16 23:08:55.913
BTC,BUY,0.0002,10232705.000,2024-07-16 23:09:08.013
BTC,BUY,0.0003,10240000.000,2024-07-16 23:10:24.551
BTC,BUY,0.0010,10240000.000,2024-07-16 23:10:24.551
BTC,BUY,0.0001,10244316.000,2024-07-16 23:10:28.196
BTC,BUY,0.0001,10244315.000,2024-07-16 23:10:28.253
BTC,SELL,0.0010,10243900.000,2024-07-16 23:11:46.470
BTC,BUY,0.0013,10244870.000,2024-07-16 23:12:26.338
BTC,BUY,0.0010,10244870.000,2024-07-16 23:12:27.904
BTC,BUY,0.0011,10244870.000,2024-07-16 23:12:28.223
BTC,BUY,0.0001,10250000.000,2024-07-16 23:13:13.044
BTC,BUY,0.0010,10250000.000,2024-07-16 23:13:13.044
BTC,BUY,0.0182,10250000.000,2024-07-16 23:13:13.044
BTC,BUY,0.1000,10250000.000,2024-07-16 23:13:19.775
BTC,BUY,0.0127,10250000.000,2024-07-16 23:13:21.275
BTC,BUY,0.0060,10250000.000,2024-07-16 23:13:21.384
BTC,BUY,0.0100,10250000.000,2024-07-16 23:13:21.710
BTC,BUY,0.0031,10250000.000,2024-07-16 23:13:22.621
BTC,BUY,0.0003,10250000.000,2024-07-16 23:13:22.621
BTC,BUY,0.0006,10250000.000,2024-07-16 23:13:22.621
BTC,BUY,0.0010,10250000.000,2024-07-16 23:13:22.621
BTC,BUY,0.0090,10250000.000,2024-07-16 23:13:23.434
BTC,BUY,0.0050,10250000.000,2024-07-16 23:13:23.434
BTC,BUY,0.0060,10257089.000,2024-07-16 23:13:23.434
BTC,BUY,0.0002,10257163.000,2024-07-16 23:13:23.648
BTC,BUY,0.0048,10257663.000,2024-07-16 23:13:23.648
BTC,BUY,0.0002,10257201.000,2024-07-16 23:13:41.945
BTC,BUY,0.0008,10259999.000,2024-07-16 23:13:41.945
BTC,BUY,0.0002,10259741.000,2024-07-16 23:13:58.775
BTC,BUY,0.0552,10259998.000,2024-07-16 23:13:58.775
BTC,BUY,0.0001,10260000.000,2024-07-16 23:13:58.775
BTC,BUY,0.0010,10260000.000,2024-07-16 23:13:58.775
BTC,SELL,0.0001,10260000.000,2024-07-16 23:14:13.210
BTC,BUY,0.0001,10264639.000,2024-07-16 23:14:20.692
BTC,BUY,0.0001,10264639.000,2024-07-16 23:14:20.729
BTC,BUY,0.0002,10260001.000,2024-07-16 23:14:28.847
BTC,BUY,0.0083,10260200.000,2024-07-16 23:14:28.847
BTC,BUY,0.0015,10264611.000,2024-07-16 23:14:28.847
BTC,SELL,0.0050,10264510.000,2024-07-16 23:14:30.161
BTC,SELL,0.0050,10264510.000,2024-07-16 23:14:30.643
BTC,SELL,0.0060,10263980.000,2024-07-16 23:14:31.368
BTC,SELL,0.0200,10263980.000,2024-07-16 23:14:31.581
BTC,SELL,0.1000,10263980.000,2024-07-16 23:14:31.715
BTC,SELL,0.0127,10263450.000,2024-07-16 23:14:31.734
BTC,SELL,0.0100,10262920.000,2024-07-16 23:14:32.358
BTC,BUY,0.0002,10262391.000,2024-07-16 23:15:16.392
BTC,BUY,0.0700,10267689.000,2024-07-16 23:15:19.445
BTC,BUY,0.0219,10267747.000,2024-07-16 23:15:19.445
BTC,BUY,0.0010,10270000.000,2024-07-16 23:15:19.445
BTC,BUY,0.0003,10270000.000,2024-07-16 23:15:19.445
BTC,BUY,0.0020,10270000.000,2024-07-16 23:15:19.445
BTC,BUY,0.0048,10270470.000,2024-07-16 23:15:19.445
BTC,BUY,0.0002,10270341.000,2024-07-16 23:15:27.487
BTC,BUY,0.0107,10271745.000,2024-07-16 23:15:27.487
BTC,BUY,0.0091,10271795.000,2024-07-16 23:15:27.487
BTC,BUY,0.0100,10271795.000,2024-07-16 23:15:27.491
BTC,BUY,0.0088,10274027.000,2024-07-16 23:15:33.477
BTC,BUY,0.0002,10275955.000,2024-07-16 23:15:37.416
BTC,SELL,0.0088,10275645.000,2024-07-16 23:15:40.469
BTC,BUY,0.0001,10280000.000,2024-07-16 23:15:49.810
BTC,BUY,0.0009,10280000.000,2024-07-16 23:15:49.896
BTC,BUY,0.0003,10280000.000,2024-07-16 23:15:49.896
BTC,BUY,0.0008,10280000.000,2024-07-16 23:15:49.896
BTC,BUY,0.0092,10280000.000,2024-07-16 23:16:00.036
BTC,BUY,0.0580,10280000.000,2024-07-16 23:16:00.036
BTC,BUY,0.0001,10280235.000,2024-07-16 23:16:27.349
BTC,BUY,0.0325,10282655.000,2024-07-16 23:16:27.349
BTC,BUY,0.0480,10282675.000,2024-07-16 23:16:27.349
BTC,BUY,0.0100,10285144.000,2024-07-16 23:16:27.349
BTC,BUY,0.0700,10285144.000,2024-07-16 23:16:27.349
BTC,BUY,0.0077,10285144.000,2024-07-16 23:16:27.349
BTC,BUY,0.0302,10285155.000,2024-07-16 23:16:27.349
BTC,BUY,0.0015,10286938.000,2024-07-16 23:16:27.349
BTC,BUY,0.0002,10280001.000,2024-07-16 23:16:28.766
BTC,BUY,0.0001,10280232.000,2024-07-16 23:16:28.766
BTC,BUY,0.0001,10286832.000,2024-07-16 23:16:32.522
BTC,SELL,0.0100,10286770.000,2024-07-16 23:16:51.889
BTC,BUY,0.0700,10286454.000,2024-07-16 23:17:03.675
BTC,BUY,0.0099,10286454.000,2024-07-16 23:17:03.675
BTC,BUY,0.0200,10286457.000,2024-07-16 23:17:03.675
BTC,BUY,0.0012,10286459.000,2024-07-16 23:17:03.675
BTC,BUY,0.0179,10286771.000,2024-07-16 23:17:03.675
BTC,SELL,0.0500,10287000.000,2024-07-16 23:17:12.019
BTC,BUY,0.0010,10287001.000,2024-07-16 23:17:12.440
BTC,SELL,0.0100,10287000.000,2024-07-16 23:17:25.701
BTC,SELL,0.0100,10287000.000,2024-07-16 23:17:57.613
BTC,SELL,0.0100,10287000.000,2024-07-16 23:17:58.215
BTC,SELL,0.3010,10287000.000,2024-07-16 23:17:58.280
BTC,SELL,0.0010,10287000.000,2024-07-16 23:17:58.280
BTC,SELL,0.0001,10283060.000,2024-07-16 23:18:01.032
BTC,BUY,0.0001,10284334.000,2024-07-16 23:18:13.331
BTC,SELL,0.0100,10284120.000,2024-07-16 23:18:18.201
BTC,BUY,0.0700,10284124.000,2024-07-16 23:18:18.472
BTC,BUY,0.0016,10284127.000,2024-07-16 23:18:18.472
BTC,BUY,0.0500,10284650.000,2024-07-16 23:18:18.472
BTC,BUY,0.0300,10284651.000,2024-07-16 23:18:18.472
BTC,BUY,0.0084,10284689.000,2024-07-16 23:18:18.472
BTC,BUY,0.0094,10283803.000,2024-07-16 23:18:36.131
BTC,BUY,0.0041,10283814.000,2024-07-16 23:18:36.131
BTC,BUY,0.0001,10284877.000,2024-07-16 23:18:42.125
BTC,BUY,0.0184,10286170.000,2024-07-16 23:18:42.125
BTC,SELL,0.0042,10289999.000,2024-07-16 23:18:43.210
BTC,SELL,0.0100,10289999.000,2024-07-16 23:18:45.240
BTC,SELL,0.0100,10289999.000,2024-07-16 23:18:47.026
BTC,BUY,0.0010,10290000.000,2024-07-16 23:18:47.917
BTC,BUY,0.0003,10290000.000,2024-07-16 23:18:47.917
BTC,BUY,0.0001,10290000.000,2024-07-16 23:18:47.917
BTC,BUY,0.0009,10290000.000,2024-07-16 23:18:47.917
BTC,BUY,0.0001,10290000.000,2024-07-16 23:18:47.917
BTC,BUY,0.0100,10290000.000,2024-07-16 23:18:47.917
BTC,BUY,0.0002,10290000.000,2024-07-16 23:18:47.917
BTC,SELL,0.0100,10292436.000,2024-07-16 23:18:48.766
BTC,SELL,0.0500,10292436.000,2024-07-16 23:18:49.427
BTC,SELL,0.0098,10292436.000,2024-07-16 23:18:50.362
BTC,SELL,0.0033,10292436.000,2024-07-16 23:18:52.142
BTC,BUY,0.0100,10292437.000,2024-07-16 23:18:54.344
BTC,BUY,0.0100,10294615.000,2024-07-16 23:18:54.344
BTC,BUY,0.0099,10294616.000,2024-07-16 23:18:54.344
BTC,BUY,0.0125,10294720.000,2024-07-16 23:18:54.344
BTC,BUY,0.0157,10294730.000,2024-07-16 23:18:54.344
BTC,SELL,0.0016,10291010.000,2024-07-16 23:18:56.778
BTC,SELL,0.0001,10289950.000,2024-07-16 23:18:58.613
BTC,BUY,0.0001,10297628.000,2024-07-16 23:19:42.246
BTC,BUY,0.0002,10299176.000,2024-07-16 23:19:43.012
BTC,BUY,0.0010,10300000.000,2024-07-16 23:19:43.012
BTC,BUY,0.0003,10300000.000,2024-07-16 23:19:43.012
BTC,BUY,0.0085,10300000.000,2024-07-16 23:19:43.012
BTC,BUY,0.0001,10299073.000,2024-07-16 23:19:43.879
BTC,SELL,0.0015,10298430.000,2024-07-16 23:19:46.847
BTC,BUY,0.0012,10299897.000,2024-07-16 23:19:53.321
BTC,SELL,0.0001,10295000.000,2024-07-16 23:20:25.718
BTC,SELL,0.0001,10295000.000,2024-07-16 23:20:27.814
BTC,SELL,0.0001,10295000.000,2024-07-16 23:20:37.681
BTC,BUY,0.0023,10295001.000,2024-07-16 23:20:41.474
BTC,BUY,0.0050,10290791.000,2024-07-16 23:21:11.532
BTC,SELL,0.0200,10290790.000,2024-07-16 23:21:11.684
BTC,SELL,0.0400,10290790.000,2024-07-16 23:21:11.688
BTC,SELL,0.0400,10290790.000,2024-07-16 23:21:12.129
BTC,SELL,0.0170,10284650.000,2024-07-16 23:21:13.775
BTC,SELL,0.0001,10284120.000,2024-07-16 23:21:14.769
BTC,SELL,0.0001,10283590.000,2024-07-16 23:21:16.969
BTC,SELL,0.0396,10283060.000,2024-07-16 23:21:17.585
BTC,SELL,0.0190,10281470.000,2024-07-16 23:21:21.251
BTC,SELL,0.0010,10278290.000,2024-07-16 23:21:34.831
BTC,SELL,0.0580,10284707.000,2024-07-16 23:21:35.350
BTC,SELL,0.0100,10284707.000,2024-07-16 23:21:36.092
BTC,SELL,0.0200,10284707.000,2024-07-16 23:21:36.552
BTC,SELL,0.0002,10284707.000,2024-07-16 23:21:36.733
BTC,SELL,0.0021,10284707.000,2024-07-16 23:21:37.505
BTC,SELL,0.0419,10282266.000,2024-07-16 23:21:38.012
BTC,SELL,0.0100,10282266.000,2024-07-16 23:21:38.111
BTC,SELL,0.0100,10282266.000,2024-07-16 23:21:38.443
BTC,SELL,0.0200,10282266.000,2024-07-16 23:21:38.616
BTC,SELL,0.0181,10282266.000,2024-07-16 23:21:39.698
BTC,SELL,0.0100,10279965.000,2024-07-16 23:21:41.138
BTC,SELL,0.0200,10279965.000,2024-07-16 23:21:41.219
BTC,SELL,0.0200,10279965.000,2024-07-16 23:21:41.227
BTC,SELL,0.0080,10279965.000,2024-07-16 23:21:43.094
BTC,SELL,0.0120,10278290.000,2024-07-16 23:21:44.569
BTC,SELL,0.0002,10277760.000,2024-07-16 23:21:47.735
BTC,SELL,0.0200,10277230.000,2024-07-16 23:21:51.288
BTC,BUY,0.0008,10277128.000,2024-07-16 23:21:59.721
BTC,BUY,0.0001,10279857.000,2024-07-16 23:22:05.826
BTC,BUY,0.0001,10279651.000,2024-07-16 23:22:21.638
BTC,BUY,0.0001,10289374.000,2024-07-16 23:23:34.615
BTC,BUY,0.0002,10289168.000,2024-07-16 23:23:41.001
BTC,BUY,0.0005,10287200.000,2024-07-16 23:24:03.857
BTC,SELL,0.0001,10282000.000,2024-07-16 23:24:13.360
BTC,SELL,0.0001,10281470.000,2024-07-16 23:24:19.154
BTC,SELL,0.0018,10281470.000,2024-07-16 23:24:19.619
BTC,SELL,0.0790,10283843.000,2024-07-16 23:26:16.024
BTC,SELL,0.0100,10283751.000,2024-07-16 23:26:16.024
BTC,SELL,0.1119,10283152.000,2024-07-16 23:26:16.024
BTC,SELL,0.0157,10282504.000,2024-07-16 23:26:16.024
BTC,BUY,0.0100,10281470.000,2024-07-16 23:26:17.438
BTC,BUY,0.1300,10281470.000,2024-07-16 23:26:20.465
BTC,BUY,0.0050,10281470.000,2024-07-16 23:26:20.745
BTC,BUY,0.0001,10292563.000,2024-07-16 23:26:49.939
BTC,BUY,0.0004,10292759.000,2024-07-16 23:26:49.939
BTC,SELL,0.0080,10290480.000,2024-07-16 23:27:22.967
BTC,BUY,0.0002,10290000.000,2024-07-16 23:28:37.732
BTC,BUY,0.2650,10290000.000,2024-07-16 23:29:21.111
BTC,BUY,0.0400,10290000.000,2024-07-16 23:29:23.214
BTC,BUY,0.0200,10290000.000,2024-07-16 23:29:23.218
BTC,BUY,0.0023,10290000.000,2024-07-16 23:29:23.368
BTC,BUY,0.1000,10290000.000,2024-07-16 23:29:23.573
BTC,BUY,0.0050,10290000.000,2024-07-16 23:29:23.575
BTC,BUY,0.0164,10290000.000,2024-07-16 23:29:23.651
BTC,BUY,0.0060,10290000.000,2024-07-16 23:29:23.849
BTC,BUY,0.0050,10290000.000,2024-07-16 23:29:24.026
BTC,BUY,0.0200,10290000.000,2024-07-16 23:29:24.526
BTC,BUY,0.0201,10290000.000,2024-07-16 23:29:24.530
BTC,BUY,0.0061,10291831.000,2024-07-16 23:29:24.530
BTC,BUY,0.0003,10293807.000,2024-07-16 23:29:30.176
BTC,BUY,0.0002,10293807.000,2024-07-16 23:29:31.484
BTC,BUY,0.0288,10299999.000,2024-07-16 23:29:31.484
BTC,BUY,0.0712,10299999.000,2024-07-16 23:29:43.040
BTC,BUY,0.0115,10300000.000,2024-07-16 23:29:43.040
BTC,BUY,0.0200,10300000.000,2024-07-16 23:29:43.040
BTC,BUY,0.0100,10300000.000,2024-07-16 23:29:43.040
BTC,BUY,0.0007,10300000.000,2024-07-16 23:29:43.040
BTC,BUY,0.0100,10300000.000,2024-07-16 23:29:43.040
BTC,BUY,0.0100,10300000.000,2024-07-16 23:29:43.040
BTC,BUY,0.0015,10300000.000,2024-07-16 23:29:43.040
BTC,BUY,0.0026,10300000.000,2024-07-16 23:29:43.040
BTC,BUY,0.0459,10300000.000,2024-07-16 23:29:43.040
BTC,BUY,0.0001,10300000.000,2024-07-16 23:29:43.040
BTC,BUY,0.0001,10300000.000,2024-07-16 23:29:43.040
BTC,BUY,0.0050,10300000.000,2024-07-16 23:29:43.040
BTC,BUY,0.0024,10300000.000,2024-07-16 23:29:43.040
BTC,SELL,0.0010,10299999.000,2024-07-16 23:29:43.330
BTC,BUY,0.0248,10300000.000,2024-07-16 23:29:45.071
BTC,BUY,0.0025,10300000.000,2024-07-16 23:29:45.213
BTC,BUY,0.0059,10300000.000,2024-07-16 23:29:45.215
BTC,BUY,0.1000,10300000.000,2024-07-16 23:29:45.360
BTC,BUY,0.0050,10300000.000,2024-07-16 23:29:45.420
BTC,BUY,0.0200,10300000.000,2024-07-16 23:29:45.450
BTC,BUY,0.0261,10300000.000,2024-07-16 23:29:45.504
BTC,BUY,0.0154,10300000.000,2024-07-16 23:29:45.583
BTC,BUY,0.1000,10300000.000,2024-07-16 23:29:45.734
BTC,BUY,0.0050,10300000.000,2024-07-16 23:29:45.900
BTC,BUY,0.0156,10300000.000,2024-07-16 23:29:46.107
BTC,BUY,0.0273,10300000.000,2024-07-16 23:29:46.177
BTC,BUY,0.0100,10300000.000,2024-07-16 23:29:46.177
BTC,BUY,0.1000,10300000.000,2024-07-16 23:29:46.177
BTC,BUY,0.0100,10300000.000,2024-07-16 23:29:46.177
BTC,BUY,0.0010,10300000.000,2024-07-16 23:29:46.177
BTC,BUY,0.0020,10300000.000,2024-07-16 23:29:46.177
BTC,BUY,0.2497,10300000.000,2024-07-16 23:29:46.177
BTC,BUY,0.0050,10300000.000,2024-07-16 23:29:46.439
BTC,BUY,0.0226,10300000.000,2024-07-16 23:29:46.513
BTC,BUY,0.0127,10300000.000,2024-07-16 23:29:46.620
BTC,BUY,0.0020,10302000.000,2024-07-16 23:29:46.692
BTC,BUY,0.0010,10303000.000,2024-07-16 23:29:46.692
BTC,BUY,0.0150,10303050.000,2024-07-16 23:29:46.692
BTC,BUY,0.0100,10305000.000,2024-07-16 23:29:46.692
BTC,BUY,0.0195,10306483.000,2024-07-16 23:29:46.692
BTC,BUY,0.0010,10310000.000,2024-07-16 23:29:46.692
BTC,BUY,0.0003,10310000.000,2024-07-16 23:29:46.692
BTC,BUY,0.0012,10310000.000,2024-07-16 23:29:46.692
BTC,BUY,0.0154,10310000.000,2024-07-16 23:29:47.119
BTC,BUY,0.0095,10310000.000,2024-07-16 23:29:47.387
BTC,BUY,0.0070,10310000.000,2024-07-16 23:29:47.539
BTC,BUY,0.0319,10310000.000,2024-07-16 23:29:47.620
BTC,BUY,0.0030,10310000.000,2024-07-16 23:29:47.698
BTC,SELL,0.0100,10309600.000,2024-07-16 23:29:48.158
BTC,BUY,0.0019,10309896.000,2024-07-16 23:29:48.256
BTC,BUY,0.0039,10310000.000,2024-07-16 23:29:48.256
BTC,BUY,0.0156,10310000.000,2024-07-16 23:29:48.491
BTC,BUY,0.0160,10310000.000,2024-07-16 23:29:48.577
BTC,BUY,0.0115,10310000.000,2024-07-16 23:29:48.681
BTC,BUY,0.0001,10310000.000,2024-07-16 23:29:48.681
BTC,BUY,0.0034,10310860.000,2024-07-16 23:29:49.384
BTC,BUY,0.0106,10311120.000,2024-07-16 23:29:49.384
BTC,BUY,0.0019,10311120.000,2024-07-16 23:29:49.486
BTC,BUY,0.0001,10312000.000,2024-07-16 23:29:49.486
BTC,BUY,0.0010,10313000.000,2024-07-16 23:29:49.486
BTC,BUY,0.0070,10315000.000,2024-07-16 23:29:49.486
BTC,BUY,0.0001,10319000.000,2024-07-16 23:29:49.486
BTC,BUY,0.0100,10319459.000,2024-07-16 23:29:49.486
BTC,BUY,0.0020,10319690.000,2024-07-16 23:29:49.486
BTC,BUY,0.0068,10320000.000,2024-07-16 23:29:49.486
BTC,BUY,0.0010,10320000.000,2024-07-16 23:29:49.486
BTC,BUY,0.0003,10320000.000,2024-07-16 23:29:49.486
BTC,BUY,0.0020,10320000.000,2024-07-16 23:29:49.486
BTC,BUY,0.0010,10320000.000,2024-07-16 23:29:49.486
BTC,BUY,0.0040,10320000.000,2024-07-16 23:29:49.486
BTC,BUY,0.0001,10320000.000,2024-07-16 23:29:49.486
BTC,BUY,0.0001,10320000.000,2024-07-16 23:29:49.486
BTC,BUY,0.0001,10320000.000,2024-07-16 23:29:49.486
BTC,BUY,0.0025,10320000.000,2024-07-16 23:29:49.486
BTC,BUY,0.0001,10320000.000,2024-07-16 23:29:50.932
BTC,BUY,0.0024,10320000.000,2024-07-16 23:29:52.026
BTC,BUY,0.0124,10320000.000,2024-07-16 23:29:52.026
BTC,BUY,0.0003,10320000.000,2024-07-16 23:29:52.510
BTC,BUY,0.0173,10320000.000,2024-07-16 23:29:53.020
BTC,BUY,0.0010,10320000.000,2024-07-16 23:29:53.020
BTC,SELL,0.0025,10320000.000,2024-07-16 23:29:54.583
BTC,SELL,0.0015,10320000.000,2024-07-16 23:29:54.583
BTC,BUY,0.0010,10321950.000,2024-07-16 23:29:55.640
BTC,SELL,0.0020,10321949.000,2024-07-16 23:29:56.056
BTC,SELL,0.0030,10321949.000,2024-07-16 23:29:56.258
BTC,SELL,0.0030,10321750.000,2024-07-16 23:29:56.258
BTC,BUY,0.0020,10321949.000,2024-07-16 23:29:58.086
BTC,SELL,0.0050,10321750.000,2024-07-16 23:29:58.548
BTC,SELL,0.4000,10321220.000,2024-07-16 23:29:58.899
BTC,SELL,0.0116,10321220.000,2024-07-16 23:29:58.977
BTC,SELL,0.0150,10321220.000,2024-07-16 23:29:59.101
BTC,SELL,0.0125,10321280.000,2024-07-16 23:29:59.264
BTC,SELL,0.0025,10321220.000,2024-07-16 23:29:59.264
BTC,SELL,0.0050,10321751.000,2024-07-16 23:29:59.569
BTC,BUY,0.0001,10321750.000,2024-07-16 23:29:59.982
BTC,SELL,0.0119,10321220.000,2024-07-16 23:30:00.050
BTC,SELL,0.0119,10321220.000,2024-07-16 23:30:00.175
BTC,SELL,0.0045,10320691.000,2024-07-16 23:30:00.628
BTC,SELL,0.0005,10320690.000,2024-07-16 23:30:00.628
BTC,SELL,0.0150,10319999.000,2024-07-16 23:30:01.088
BTC,SELL,0.0150,10319999.000,2024-07-16 23:30:01.093
BTC,SELL,0.0050,10319999.000,2024-07-16 23:30:01.096
BTC,SELL,0.0030,10319999.000,2024-07-16 23:30:01.173
BTC,SELL,0.0050,10319630.000,2024-07-16 23:30:01.625
BTC,SELL,0.0001,10317510.000,2024-07-16 23:30:01.979
BTC,SELL,0.0103,10316980.000,2024-07-16 23:30:01.979
BTC,SELL,0.0068,10316450.000,2024-07-16 23:30:02.796
BTC,SELL,0.0010,10316307.000,2024-07-16 23:30:04.736
BTC,SELL,0.1000,10315920.000,2024-07-16 23:30:10.161
BTC,BUY,0.0001,10322000.000,2024-07-16 23:30:18.195
BTC,BUY,0.0002,10321752.000,2024-07-16 23:30:39.251
BTC,BUY,0.0009,10322000.000,2024-07-16 23:30:39.251
BTC,BUY,0.0010,10322417.000,2024-07-16 23:30:39.251
BTC,BUY,0.0001,10322867.000,2024-07-16 23:30:39.251
BTC,BUY,0.0078,10328115.000,2024-07-16 23:30:39.251
BTC,BUY,0.0044,10328115.000,2024-07-16 23:30:39.668
BTC,BUY,0.0100,10330000.000,2024-07-16 23:30:40.262
BTC,BUY,0.0003,10330000.000,2024-07-16 23:30:40.262
BTC,BUY,0.0010,10330000.000,2024-07-16 23:30:40.262
BTC,BUY,0.0013,10330000.000,2024-07-16 23:30:40.262
BTC,BUY,0.0001,10330000.000,2024-07-16 23:30:40.262
BTC,BUY,0.0050,10330000.000,2024-07-16 23:30:40.262
BTC,SELL,0.0004,10329700.000,2024-07-16 23:30:40.831
BTC,SELL,0.0010,10329750.000,2024-07-16 23:30:41.490
BTC,SELL,0.0100,10329800.000,2024-07-16 23:30:42.377
BTC,BUY,0.0001,10330945.000,2024-07-16 23:30:42.536
BTC,BUY,0.0015,10331000.000,2024-07-16 23:30:42.536
BTC,BUY,0.0024,10331122.000,2024-07-16 23:30:42.536
BTC,BUY,0.0004,10331122.000,2024-07-16 23:30:42.828
BTC,BUY,0.0133,10331122.000,2024-07-16 23:30:44.092
BTC,BUY,0.0001,10331124.000,2024-07-16 23:30:49.241
BTC,BUY,0.0100,10332950.000,2024-07-16 23:31:04.036
BTC,BUY,0.0010,10333000.000,2024-07-16 23:31:04.036
BTC,BUY,0.0128,10333550.000,2024-07-16 23:31:04.036
BTC,BUY,0.0010,10333873.000,2024-07-16 23:31:04.036
BTC,BUY,0.0020,10333969.000,2024-07-16 23:31:04.036
BTC,BUY,0.0150,10334498.000,2024-07-16 23:31:04.036
BTC,BUY,0.0300,10334907.000,2024-07-16 23:31:04.036
BTC,BUY,0.0282,10338581.000,2024-07-16 23:31:04.036
BTC,BUY,0.0010,10338581.000,2024-07-16 23:31:04.141
BTC,SELL,0.1002,10330760.000,2024-07-16 23:31:04.786
BTC,SELL,0.0277,10330230.000,2024-07-16 23:31:12.158
BTC,BUY,0.0028,10330127.000,2024-07-16 23:31:13.618
BTC,BUY,0.0002,10330231.000,2024-07-16 23:31:13.618
BTC,BUY,0.0170,10332552.000,2024-07-16 23:31:13.618
BTC,SELL,0.0006,10331820.000,2024-07-16 23:31:19.713
BTC,SELL,0.0145,10331290.000,2024-07-16 23:31:27.147
BTC,SELL,0.2937,10329700.000,2024-07-16 23:31:35.950
BTC,SELL,0.0214,10322280.000,2024-07-16 23:31:54.450
BTC,SELL,0.0001,10320690.000,2024-07-16 23:31:55.336
BTC,BUY,0.0110,10322280.000,2024-07-16 23:31:56.233
BTC,BUY,0.0050,10322281.000,2024-07-16 23:31:56.233
BTC,BUY,0.0040,10322706.000,2024-07-16 23:31:56.233
BTC,SELL,0.1734,10316980.000,2024-07-16 23:31:57.164
BTC,SELL,0.0010,10316980.000,2024-07-16 23:31:57.245
BTC,SELL,0.0100,10316980.000,2024-07-16 23:31:57.458
BTC,SELL,0.0001,10316450.000,2024-07-16 23:31:58.119
BTC,BUY,0.0300,10317936.000,2024-07-16 23:32:00.617
BTC,SELL,0.0001,10315390.000,2024-07-16 23:32:07.587
BTC,BUY,0.0039,10317285.000,2024-07-16 23:32:38.328
BTC,BUY,0.0261,10324002.000,2024-07-16 23:32:38.328
BTC,SELL,0.0001,10323340.000,2024-07-16 23:32:46.448
BTC,BUY,0.0050,10323500.000,2024-07-16 23:33:00.140
BTC,SELL,0.0200,10322810.000,2024-07-16 23:33:01.240
BTC,SELL,0.0009,10322552.000,2024-07-16 23:33:18.942
BTC,SELL,0.0050,10322852.000,2024-07-16 23:33:27.816
BTC,BUY,0.0002,10325000.000,2024-07-16 23:33:28.573
BTC,BUY,0.0001,10327768.000,2024-07-16 23:33:28.573
BTC,BUY,0.0017,10330000.000,2024-07-16 23:33:28.573
BTC,SELL,0.0107,10329170.000,2024-07-16 23:33:29.767
BTC,BUY,0.0001,10330000.000,2024-07-16 23:33:43.734
BTC,BUY,0.0001,10330000.000,2024-07-16 23:33:52.040
BTC,SELL,0.0005,10329170.000,2024-07-16 23:34:03.877
BTC,SELL,0.0008,10329170.000,2024-07-16 23:34:10.540
BTC,SELL,0.0192,10325990.000,2024-07-16 23:34:11.021
BTC,SELL,0.0008,10325990.000,2024-07-16 23:34:11.128
BTC,SELL,0.0001,10323870.000,2024-07-16 23:34:13.911
BTC,BUY,0.0001,10323827.000,2024-07-16 23:34:18.894
BTC,SELL,0.0001,10323340.000,2024-07-16 23:34:27.750
BTC,SELL,0.0068,10322810.000,2024-07-16 23:35:02.649
BTC,SELL,0.0040,10322810.000,2024-07-16 23:35:02.649
BTC,SELL,0.0001,10322280.000,2024-07-16 23:35:03.304
BTC,SELL,0.0001,10321220.000,2024-07-16 23:35:05.430
BTC,SELL,0.0001,10319630.000,2024-07-16 23:35:07.497
BTC,BUY,0.0001,10319114.000,2024-07-16 23:35:17.854
BTC,SELL,0.0001,10316450.000,2024-07-16 23:35:23.538
BTC,SELL,0.0010,10316450.000,2024-07-16 23:35:23.610
BTC,SELL,0.0201,10315920.000,2024-07-16 23:35:23.908
BTC,SELL,0.0001,10313280.000,2024-07-16 23:35:31.692
BTC,SELL,0.0001,10313280.000,2024-07-16 23:35:37.965
BTC,SELL,0.0100,10313280.000,2024-07-16 23:35:49.066
BTC,SELL,0.0005,10313280.000,2024-07-16 23:35:53.417
BTC,SELL,0.0001,10313280.000,2024-07-16 23:35:58.788
BTC,SELL,0.0009,10313280.000,2024-07-16 23:36:00.632
BTC,SELL,0.0001,10313280.000,2024-07-16 23:36:00.906
BTC,SELL,0.0005,10313280.000,2024-07-16 23:36:01.363
BTC,SELL,0.0002,10313280.000,2024-07-16 23:36:01.933
BTC,SELL,0.0200,10308500.000,2024-07-16 23:36:04.263
BTC,SELL,0.0001,10309030.000,2024-07-16 23:36:04.496
BTC,SELL,0.0370,10308500.000,2024-07-16 23:36:06.523
BTC,SELL,0.0001,10306910.000,2024-07-16 23:36:14.100
BTC,SELL,0.0023,10306380.000,2024-07-16 23:36:28.884
BTC,SELL,0.0008,10305850.000,2024-07-16 23:36:38.399
BTC,SELL,0.0200,10303200.000,2024-07-16 23:36:56.674
BTC,SELL,0.0001,10300000.000,2024-07-16 23:37:06.467
BTC,SELL,0.0001,10300000.000,2024-07-16 23:37:12.996
BTC,SELL,0.0039,10300000.000,2024-07-16 23:37:15.293
BTC,SELL,0.0010,10300000.000,2024-07-16 23:37:15.293
BTC,SELL,0.0031,10300000.000,2024-07-16 23:37:15.293
BTC,SELL,0.0001,10300000.000,2024-07-16 23:37:15.722
BTC,SELL,0.0002,10300000.000,2024-07-16 23:37:37.172
BTC,SELL,0.0033,10300000.000,2024-07-16 23:37:39.532
BTC,SELL,0.0033,10300000.000,2024-07-16 23:37:40.322
BTC,SELL,0.0067,10300000.000,2024-07-16 23:37:40.322
BTC,SELL,0.0033,10300000.000,2024-07-16 23:37:42.202
BTC,SELL,0.0439,10296840.000,2024-07-16 23:37:42.202
BTC,SELL,0.0200,10295780.000,2024-07-16 23:37:59.338
BTC,SELL,0.0008,10295251.000,2024-07-16 23:38:05.879
BTC,SELL,0.0002,10295251.000,2024-07-16 23:38:30.543
BTC,SELL,0.1000,10294720.000,2024-07-16 23:38:31.006
BTC,BUY,0.0001,10304666.000,2024-07-16 23:41:32.727
BTC,BUY,0.0004,10304666.000,2024-07-16 23:41:32.727
BTC,SELL,0.0005,10304261.000,2024-07-16 23:41:34.810
BTC,BUY,0.0010,10304771.000,2024-07-16 23:41:47.973
BTC,SELL,0.0010,10311105.000,2024-07-16 23:42:40.860
BTC,BUY,0.0050,10318000.000,2024-07-16 23:43:55.786
BTC,BUY,0.0060,10318000.000,2024-07-16 23:43:56.192
BTC,BUY,0.0040,10318000.000,2024-07-16 23:43:56.241
BTC,BUY,0.0001,10320870.000,2024-07-16 23:43:59.317
BTC,BUY,0.0050,10325640.000,2024-07-16 23:44:41.326
BTC,SELL,0.0060,10325537.000,2024-07-16 23:44:54.205
BTC,SELL,0.0001,10325536.000,2024-07-16 23:45:06.388
BTC,SELL,0.0050,10324930.000,2024-07-16 23:45:07.076
BTC,SELL,0.0100,10323870.000,2024-07-16 23:45:08.402
BTC,SELL,0.0001,10319631.000,2024-07-16 23:45:16.705
BTC,SELL,0.0339,10319100.000,2024-07-16 23:45:17.262
BTC,SELL,0.0025,10319100.000,2024-07-16 23:45:17.377
BTC,SELL,0.0014,10318570.000,2024-07-16 23:45:17.818
BTC,SELL,0.0186,10318040.000,2024-07-16 23:45:17.818
BTC,BUY,0.0001,10318795.000,2024-07-16 23:45:20.704
BTC,SELL,0.0008,10316980.000,2024-07-16 23:45:25.370
BTC,SELL,0.0125,10314880.000,2024-07-16 23:45:29.187
BTC,SELL,0.0074,10313270.000,2024-07-16 23:45:29.187
BTC,SELL,0.0001,10312210.000,2024-07-16 23:45:31.404
BTC,SELL,0.0001,10311681.000,2024-07-16 23:45:40.990
BTC,SELL,0.0001,10310620.000,2024-07-16 23:46:00.597
BTC,SELL,0.0002,10310000.000,2024-07-16 23:46:34.920
BTC,BUY,0.0075,10309031.000,2024-07-16 23:47:03.679
BTC,BUY,0.0004,10309031.000,2024-07-16 23:47:03.679
BTC,BUY,0.0109,10309036.000,2024-07-16 23:47:03.679
BTC,BUY,0.0046,10309140.000,2024-07-16 23:47:03.679
BTC,BUY,0.0010,10309600.000,2024-07-16 23:47:03.679
BTC,BUY,0.0125,10310000.000,2024-07-16 23:47:03.679
BTC,SELL,0.0500,10310000.000,2024-07-16 23:47:56.032
BTC,BUY,0.0012,10313667.000,2024-07-16 23:48:55.181
BTC,BUY,0.0080,10313979.000,2024-07-16 23:48:55.181
BTC,BUY,0.0108,10318080.000,2024-07-16 23:48:55.181
BTC,SELL,0.0003,10317510.000,2024-07-16 23:49:00.150
BTC,SELL,0.0007,10315920.000,2024-07-16 23:49:08.369
BTC,SELL,0.0100,10315390.000,2024-07-16 23:49:09.200
BTC,BUY,0.0001,10315616.000,2024-07-16 23:49:13.209
BTC,BUY,0.0789,10315358.000,2024-07-16 23:49:16.409
BTC,BUY,0.0011,10315576.000,2024-07-16 23:49:16.409
BTC,BUY,0.0300,10313190.000,2024-07-16 23:49:33.561
BTC,BUY,0.0089,10314316.000,2024-07-16 23:49:33.561
BTC,BUY,0.0050,10314317.000,2024-07-16 23:49:33.561
BTC,BUY,0.0461,10315171.000,2024-07-16 23:49:33.561
BTC,BUY,0.0026,10312250.000,2024-07-16 23:49:48.317
BTC,SELL,0.0050,10310620.000,2024-07-16 23:50:00.653
BTC,BUY,0.0001,10310333.000,2024-07-16 23:50:12.803
BTC,SELL,0.0028,10310092.000,2024-07-16 23:50:14.879
BTC,BUY,0.0001,10310619.000,2024-07-16 23:50:22.176
BTC,BUY,0.0027,10310304.000,2024-07-16 23:50:30.198
BTC,BUY,0.0020,10310305.000,2024-07-16 23:50:30.198
BTC,BUY,0.0003,10310620.000,2024-07-16 23:50:30.198
BTC,BUY,0.0001,10310620.000,2024-07-16 23:50:32.463
BTC,SELL,0.1910,10310090.000,2024-07-16 23:52:01.486
BTC,SELL,0.0002,10310203.000,2024-07-16 23:52:32.843
BTC,BUY,0.0001,10310516.000,2024-07-16 23:54:07.556
BTC,BUY,0.0004,10310620.000,2024-07-16 23:54:07.556
BTC,SELL,0.0050,10310350.000,2024-07-16 23:54:15.715
BTC,SELL,0.0001,10310325.000,2024-07-16 23:54:22.866
BTC,BUY,0.0051,10310619.000,2024-07-16 23:55:09.077
BTC,BUY,0.0002,10310620.000,2024-07-16 23:55:09.077
BTC,BUY,0.0147,10311243.000,2024-07-16 23:55:09.077
BTC,SELL,0.0099,10310620.000,2024-07-16 23:56:16.380
BTC,SELL,0.0010,10310090.000,2024-07-16 23:56:24.974
BTC,BUY,0.0300,10313429.000,2024-07-16 23:56:25.701
BTC,BUY,0.0002,10313689.000,2024-07-16 23:56:25.701
BTC,BUY,0.0048,10314279.000,2024-07-16 23:56:25.701
BTC,SELL,0.0184,10316409.000,2024-07-16 23:56:28.063
BTC,SELL,0.0083,10316409.000,2024-07-16 23:56:28.179
BTC,SELL,0.0384,10316409.000,2024-07-16 23:56:29.192
BTC,SELL,0.0008,10316409.000,2024-07-16 23:56:29.451
BTC,SELL,0.0008,10310000.000,2024-07-16 23:56:29.581
BTC,SELL,0.0123,10310000.000,2024-07-16 23:56:29.981
BTC,SELL,0.0100,10310000.000,2024-07-16 23:56:29.981
BTC,SELL,0.0005,10310000.000,2024-07-16 23:56:29.981
BTC,SELL,0.0662,10306911.000,2024-07-16 23:56:29.981
BTC,SELL,0.0001,10306912.000,2024-07-16 23:56:31.103
BTC,SELL,0.0100,10315529.000,2024-07-16 23:56:33.174
BTC,SELL,0.0004,10315529.000,2024-07-16 23:56:34.555
BTC,SELL,0.0016,10315529.000,2024-07-16 23:56:35.350
BTC,SELL,0.0890,10314881.000,2024-07-16 23:56:36.769
BTC,SELL,0.0110,10314881.000,2024-07-16 23:56:36.772
BTC,SELL,0.0199,10312620.000,2024-07-16 23:56:43.580
BTC,SELL,0.0384,10312596.000,2024-07-16 23:56:45.942
BTC,SELL,0.0616,10312596.000,2024-07-16 23:56:45.946
BTC,SELL,0.1000,10312403.000,2024-07-16 23:56:48.934
BTC,SELL,0.0013,10310620.000,2024-07-16 23:56:52.141
BTC,BUY,0.0600,10308276.000,2024-07-16 23:57:19.174
BTC,SELL,0.0047,10309338.000,2024-07-16 23:57:22.988
BTC,SELL,0.0003,10309337.000,2024-07-16 23:57:22.988
BTC,BUY,0.0062,10312457.000,2024-07-16 23:57:38.324
BTC,BUY,0.0100,10312461.000,2024-07-16 23:57:38.324
BTC,BUY,0.0003,10313856.000,2024-07-16 23:57:38.324
BTC,BUY,0.0125,10316850.000,2024-07-16 23:57:38.324
BTC,SELL,0.0001,10311680.000,2024-07-16 23:57:46.348
BTC,SELL,0.0006,10311680.000,2024-07-16 23:57:46.498
BTC,BUY,0.0050,10317704.000,2024-07-16 23:57:46.844
BTC,SELL,0.0010,10313800.000,2024-07-16 23:58:04.463
BTC,SELL,0.0001,10314397.000,2024-07-16 23:58:30.189
BTC,SELL,0.0002,10306910.000,2024-07-16 23:58:33.202
BTC,SELL,0.0001,10306380.000,2024-07-16 23:58:49.603
BTC,SELL,0.0100,10314043.000,2024-07-16 23:58:52.662
BTC,SELL,0.0001,10314043.000,2024-07-16 23:58:52.915
BTC,SELL,0.0001,10307970.000,2024-07-16 23:58:54.977
BTC,SELL,0.0001,10304260.000,2024-07-16 23:58:57.943
BTC,SELL,0.0200,10304260.000,2024-07-16 23:58:58.239
BTC,SELL,0.0100,10311911.000,2024-07-16 23:59:03.385
BTC,SELL,0.0100,10311911.000,2024-07-16 23:59:03.387
BTC,SELL,0.0001,10303730.000,2024-07-16 23:59:17.305
BTC,SELL,0.0384,10311460.000,2024-07-16 23:59:18.266
BTC,SELL,0.0384,10311460.000,2024-07-16 23:59:19.259
BTC,SELL,0.0100,10311460.000,2024-07-16 23:59:19.654
BTC,SELL,0.0100,10311460.000,2024-07-16 23:59:19.657
BTC,SELL,0.0384,10311454.000,2024-07-16 23:59:25.406
BTC,SELL,0.0001,10311454.000,2024-07-16 23:59:25.438
BTC,SELL,0.0384,10311436.000,2024-07-16 23:59:26.409
BTC,SELL,0.0001,10311436.000,2024-07-16 23:59:27.478
BTC,SELL,0.0384,10311436.000,2024-07-16 23:59:28.962
BTC,SELL,0.0001,10310661.000,2024-07-16 23:59:29.546
BTC,SELL,0.0148,10310661.000,2024-07-16 23:59:31.043
BTC,SELL,0.0001,10310661.000,2024-07-16 23:59:31.155
BTC,SELL,0.0001,10309624.000,2024-07-16 23:59:33.141
BTC,SELL,0.0001,10309624.000,2024-07-16 23:59:35.354
BTC,SELL,0.0001,10308422.000,2024-07-17 00:00:08.156
BTC,SELL,0.0100,10308422.000,2024-07-17 00:00:08.349
BTC,SELL,0.0200,10307645.000,2024-07-17 00:00:09.548
BTC,BUY,0.0005,10309560.000,2024-07-17 00:00:46.902
BTC,SELL,0.0004,10308531.000,2024-07-17 00:00:49.171
BTC,SELL,0.0020,10308531.000,2024-07-17 00:00:49.984
BTC,SELL,0.0915,10306196.000,2024-07-17 00:00:50.789
BTC,SELL,0.0001,10306196.000,2024-07-17 00:00:50.880
BTC,SELL,0.0084,10306196.000,2024-07-17 00:00:52.372
BTC,SELL,0.0029,10300080.000,2024-07-17 00:00:52.372
BTC,SELL,0.0069,10300080.000,2024-07-17 00:00:53.214
BTC,SELL,0.0178,10301900.000,2024-07-17 00:01:02.474
BTC,SELL,0.0002,10300080.000,2024-07-17 00:01:10.996
BTC,SELL,0.0025,10300080.000,2024-07-17 00:01:15.347
BTC,SELL,0.0050,10297540.000,2024-07-17 00:01:15.347
BTC,SELL,0.0309,10295406.000,2024-07-17 00:01:15.347
BTC,SELL,0.0171,10297591.000,2024-07-17 00:02:04.755
BTC,BUY,0.0007,10300000.000,2024-07-17 00:02:46.455
BTC,BUY,0.0003,10301200.000,2024-07-17 00:02:46.455
BTC,SELL,0.0384,10311014.000,2024-07-17 00:03:37.081
BTC,SELL,0.0022,10309030.000,2024-07-17 00:03:46.500
BTC,SELL,0.0031,10308500.000,2024-07-17 00:03:56.462
BTC,SELL,0.0032,10306910.000,2024-07-17 00:04:05.208
BTC,SELL,0.0100,10305851.000,2024-07-17 00:04:14.222
BTC,SELL,0.0080,10305850.000,2024-07-17 00:04:14.222
BTC,SELL,0.0011,10308096.000,2024-07-17 00:05:04.962
BTC,SELL,0.0048,10307441.000,2024-07-17 00:05:11.970
BTC,SELL,0.0014,10307447.000,2024-07-17 00:05:17.495
BTC,SELL,0.0002,10310607.000,2024-07-17 00:05:40.746
BTC,BUY,0.0005,10313560.000,2024-07-17 00:05:44.666
BTC,BUY,0.0002,10313561.000,2024-07-17 00:06:19.454
BTC,SELL,0.0032,10322143.000,2024-07-17 00:07:10.987
BTC,SELL,0.0051,10322142.000,2024-07-17 00:07:10.987
BTC,BUY,0.0014,10329120.000,2024-07-17 00:07:31.008
BTC,BUY,0.0500,10329190.000,2024-07-17 00:07:31.008
BTC,BUY,0.0612,10330000.000,2024-07-17 00:07:31.008
BTC,BUY,0.0029,10329920.000,2024-07-17 00:07:53.309
BTC,BUY,0.0096,10329920.000,2024-07-17 00:08:00.791
BTC,BUY,0.0104,10330000.000,2024-07-17 00:08:00.791
BTC,BUY,0.0293,10330000.000,2024-07-17 00:08:00.794
BTC,BUY,0.0080,10330000.000,2024-07-17 00:08:00.794
BTC,BUY,0.0010,10330000.000,2024-07-17 00:08:00.794
BTC,SELL,0.0230,10330113.000,2024-07-17 00:08:19.654
BTC,BUY,0.0001,10330114.000,2024-07-17 00:08:35.249
BTC,BUY,0.0001,10330114.000,2024-07-17 00:08:36.441
BTC,BUY,0.0100,10330114.000,2024-07-17 00:08:49.266
BTC,BUY,0.0860,10330114.000,2024-07-17 00:08:55.787
BTC,BUY,0.0870,10330114.000,2024-07-17 00:08:56.842
BTC,BUY,0.0010,10330114.000,2024-07-17 00:09:12.009
BTC,BUY,0.0124,10330114.000,2024-07-17 00:09:14.767
BTC,BUY,0.1000,10330114.000,2024-07-17 00:09:14.955
BTC,BUY,0.0124,10330114.000,2024-07-17 00:09:15.078
BTC,BUY,0.1000,10330114.000,2024-07-17 00:09:15.141
BTC,BUY,0.0002,10330114.000,2024-07-17 00:09:22.442
BTC,BUY,0.0008,10331290.000,2024-07-17 00:09:22.442
BTC,SELL,0.0020,10331289.000,2024-07-17 00:09:25.538
BTC,BUY,0.0001,10331290.000,2024-07-17 00:09:30.617
BTC,BUY,0.0050,10331290.000,2024-07-17 00:09:32.993
BTC,BUY,0.0050,10331290.000,2024-07-17 00:09:55.379
BTC,BUY,0.0060,10331290.000,2024-07-17 00:09:57.756
BTC,BUY,0.0030,10331290.000,2024-07-17 00:10:00.346
BTC,SELL,0.0020,10338999.000,2024-07-17 00:10:01.659
BTC,SELL,0.0010,10338999.000,2024-07-17 00:10:03.998
BTC,BUY,0.0010,10339000.000,2024-07-17 00:10:04.041
BTC,BUY,0.0010,10339920.000,2024-07-17 00:10:04.457
BTC,SELL,0.0011,10339919.000,2024-07-17 00:10:33.009
BTC,BUY,0.0115,10339920.000,2024-07-17 00:10:35.727
BTC,BUY,0.0885,10339920.000,2024-07-17 00:10:35.727
BTC,SELL,0.0050,10337650.000,2024-07-17 00:11:12.141
BTC,SELL,0.0050,10337120.000,2024-07-17 00:11:13.679
BTC,SELL,0.0010,10335000.000,2024-07-17 00:11:16.033
BTC,SELL,0.0001,10333940.000,2024-07-17 00:11:22.964
BTC,SELL,0.0100,10331290.000,2024-07-17 00:11:30.257
BTC,SELL,0.0008,10330000.000,2024-07-17 00:11:37.965
BTC,SELL,0.0010,10330000.000,2024-07-17 00:11:38.060
BTC,SELL,0.0060,10330000.000,2024-07-17 00:11:43.466
BTC,SELL,0.0035,10331944.000,2024-07-17 00:12:26.471
BTC,BUY,0.0003,10335114.000,2024-07-17 00:13:43.671
BTC,SELL,0.0004,10335101.000,2024-07-17 00:14:00.483
BTC,SELL,0.0013,10335113.000,2024-07-17 00:14:29.681
BTC,BUY,0.0483,10335114.000,2024-07-17 00:14:49.905
BTC,BUY,0.1000,10335114.000,2024-07-17 00:15:01.706
BTC,BUY,0.0119,10335114.000,2024-07-17 00:15:02.725
BTC,BUY,0.0119,10335114.000,2024-07-17 00:15:02.728
BTC,BUY,0.0100,10335114.000,2024-07-17 00:15:02.730
BTC,BUY,0.1000,10335114.000,2024-07-17 00:15:03.567
BTC,SELL,0.0730,10335113.000,2024-07-17 00:15:50.957
BTC,SELL,0.0422,10335000.000,2024-07-17 00:15:50.957
BTC,SELL,0.0002,10335000.000,2024-07-17 00:15:50.957
BTC,SELL,0.0346,10334470.000,2024-07-17 00:15:50.957
BTC,BUY,0.0030,10335114.000,2024-07-17 00:16:50.135
BTC,BUY,0.0030,10335114.000,2024-07-17 00:17:25.248
BTC,BUY,0.0026,10335114.000,2024-07-17 00:17:27.655
BTC,BUY,0.0001,10339949.000,2024-07-17 00:17:27.655
BTC,BUY,0.0095,10340000.000,2024-07-17 00:17:27.655
BTC,BUY,0.0005,10340000.000,2024-07-17 00:17:28.065
BTC,BUY,0.0010,10340000.000,2024-07-17 00:17:28.065
BTC,BUY,0.0003,10340000.000,2024-07-17 00:17:28.065
BTC,BUY,0.0001,10340000.000,2024-07-17 00:17:28.065
BTC,BUY,0.0001,10340000.000,2024-07-17 00:17:28.065
BTC,BUY,0.0091,10340000.000,2024-07-17 00:17:28.065
BTC,BUY,0.0009,10340000.000,2024-07-17 00:17:28.265
BTC,BUY,0.0002,10340000.000,2024-07-17 00:17:28.265
BTC,BUY,0.0100,10340289.000,2024-07-17 00:17:28.265
BTC,BUY,0.0010,10343000.000,2024-07-17 00:17:28.265
BTC,BUY,0.0029,10344900.000,2024-07-17 00:17:28.265
BTC,BUY,0.0025,10344900.000,2024-07-17 00:17:28.635
BTC,BUY,0.0010,10345329.000,2024-07-17 00:17:28.635
BTC,BUY,0.0002,10346340.000,2024-07-17 00:17:28.635
BTC,BUY,0.0010,10347000.000,2024-07-17 00:17:28.635
BTC,BUY,0.0003,10348000.000,2024-07-17 00:17:28.635
BTC,SELL,0.0010,10347720.000,2024-07-17 00:17:29.293
BTC,BUY,0.0007,10348000.000,2024-07-17 00:17:29.525
BTC,BUY,0.0013,10349512.000,2024-07-17 00:17:29.525
BTC,SELL,0.0100,10347190.000,2024-07-17 00:17:29.564
BTC,SELL,0.0010,10347190.000,2024-07-17 00:17:29.659
BTC,SELL,0.0020,10347750.000,2024-07-17 00:17:30.008
BTC,BUY,0.0010,10349512.000,2024-07-17 00:17:31.283
BTC,BUY,0.0020,10349512.000,2024-07-17 00:17:31.998
BTC,BUY,0.0001,10349512.000,2024-07-17 00:17:48.571
BTC,SELL,0.0050,10349310.000,2024-07-17 00:18:37.342
BTC,BUY,0.0010,10347136.000,2024-07-17 00:19:15.712
BTC,BUY,0.0010,10349512.000,2024-07-17 00:19:54.649
BTC,BUY,0.0010,10349512.000,2024-07-17 00:20:00.779
BTC,BUY,0.0076,10349512.000,2024-07-17 00:20:04.217
BTC,BUY,0.0001,10349558.000,2024-07-17 00:20:04.217
BTC,BUY,0.0100,10350000.000,2024-07-17 00:20:04.217
BTC,BUY,0.0010,10350000.000,2024-07-17 00:20:04.217
BTC,BUY,0.0003,10350000.000,2024-07-17 00:20:04.217
BTC,BUY,0.0007,10350000.000,2024-07-17 00:20:04.217
BTC,BUY,0.0010,10350000.000,2024-07-17 00:20:04.217
BTC,BUY,0.0003,10350000.000,2024-07-17 00:20:04.217
BTC,BUY,0.0010,10350000.000,2024-07-17 00:20:04.217
BTC,BUY,0.0010,10350000.000,2024-07-17 00:20:04.217
BTC,BUY,0.0270,10350000.000,2024-07-17 00:20:04.217
BTC,BUY,0.0029,10350000.000,2024-07-17 00:20:04.217
BTC,BUY,0.0010,10350000.000,2024-07-17 00:20:04.217
BTC,BUY,0.0005,10350000.000,2024-07-17 00:20:04.217
BTC,BUY,0.0001,10350000.000,2024-07-17 00:20:04.217
BTC,BUY,0.0030,10350000.000,2024-07-17 00:20:04.217
BTC,BUY,0.0125,10350000.000,2024-07-17 00:20:04.217
BTC,BUY,0.0050,10350000.000,2024-07-17 00:20:04.217
BTC,BUY,0.0029,10350000.000,2024-07-17 00:20:04.217
BTC,BUY,0.0010,10350000.000,2024-07-17 00:20:04.217
BTC,BUY,0.0050,10350000.000,2024-07-17 00:20:04.217
BTC,BUY,0.0100,10350000.000,2024-07-17 00:20:04.217
BTC,BUY,0.0001,10350000.000,2024-07-17 00:20:04.217
BTC,BUY,0.0010,10350000.000,2024-07-17 00:20:04.217
BTC,BUY,0.0030,10350000.000,2024-07-17 00:20:04.217
BTC,BUY,0.0050,10350000.000,2024-07-17 00:20:04.217
BTC,BUY,0.0001,10350000.000,2024-07-17 00:20:04.217
BTC,BUY,0.0002,10350000.000,2024-07-17 00:20:04.217
BTC,BUY,0.0320,10351000.000,2024-07-17 00:20:04.217
BTC,BUY,0.8647,10352000.000,2024-07-17 00:20:04.217
BTC,BUY,0.0008,10351950.000,2024-07-17 00:20:08.634
BTC,SELL,0.0010,10351431.000,2024-07-17 00:20:13.464
BTC,BUY,0.0001,10352000.000,2024-07-17 00:20:14.464
BTC,BUY,0.0001,10351214.000,2024-07-17 00:20:24.457
BTC,SELL,0.1001,10350900.000,2024-07-17 00:20:27.139
BTC,SELL,0.0060,10347136.000,2024-07-17 00:20:44.014
BTC,SELL,0.0120,10347136.000,2024-07-17 00:20:49.577
BTC,SELL,0.0010,10347136.000,2024-07-17 00:21:14.924
BTC,SELL,0.0040,10347136.000,2024-07-17 00:21:23.254
BTC,SELL,0.0020,10347136.000,2024-07-17 00:21:49.789
BTC,SELL,0.0005,10347136.000,2024-07-17 00:22:05.981
BTC,SELL,0.0500,10347526.000,2024-07-17 00:22:40.312
BTC,SELL,0.0020,10351999.000,2024-07-17 00:23:17.942
BTC,BUY,0.0500,10352000.000,2024-07-17 00:23:25.973
BTC,BUY,0.0050,10352000.000,2024-07-17 00:23:26.052
BTC,BUY,0.0217,10352000.000,2024-07-17 00:23:26.309
BTC,BUY,0.0060,10352000.000,2024-07-17 00:23:26.375
BTC,BUY,0.0100,10352000.000,2024-07-17 00:23:26.757
BTC,BUY,0.0162,10352000.000,2024-07-17 00:23:27.345
BTC,BUY,0.0050,10352000.000,2024-07-17 00:23:27.519
BTC,BUY,0.0106,10352000.000,2024-07-17 00:23:28.787
BTC,BUY,0.0001,10352000.000,2024-07-17 00:23:33.120
BTC,BUY,0.0050,10352000.000,2024-07-17 00:23:35.680
BTC,BUY,0.0030,10352000.000,2024-07-17 00:24:18.363
BTC,BUY,0.0020,10351920.000,2024-07-17 00:25:06.581
BTC,SELL,0.0004,10351350.000,2024-07-17 00:25:09.980
BTC,BUY,0.0026,10352000.000,2024-07-17 00:25:26.745
BTC,BUY,0.0024,10354000.000,2024-07-17 00:25:26.745
BTC,BUY,0.0001,10354000.000,2024-07-17 00:25:33.262
BTC,SELL,0.0011,10353800.000,2024-07-17 00:26:09.472
BTC,SELL,0.0023,10353750.000,2024-07-17 00:26:58.469
BTC,BUY,0.0010,10354000.000,2024-07-17 00:27:01.097
BTC,BUY,0.0065,10354000.000,2024-07-17 00:27:04.580
BTC,BUY,0.0002,10355000.000,2024-07-17 00:27:04.580
BTC,BUY,0.0033,10355605.000,2024-07-17 00:27:04.580
BTC,SELL,0.0040,10355141.000,2024-07-17 00:27:06.548
BTC,SELL,0.0004,10355140.000,2024-07-17 00:27:06.792
BTC,BUY,0.0010,10356749.000,2024-07-17 00:27:07.608
BTC,BUY,0.0004,10356700.000,2024-07-17 00:27:08.789
BTC,SELL,0.0050,10356201.000,2024-07-17 00:27:15.974
BTC,BUY,0.0260,10356650.000,2024-07-17 00:27:23.968
BTC,SELL,0.0010,10353801.000,2024-07-17 00:28:01.968
BTC,SELL,0.0010,10353800.000,2024-07-17 00:28:15.030
BTC,SELL,0.0010,10351350.000,2024-07-17 00:28:16.346
BTC,SELL,0.0004,10351350.000,2024-07-17 00:28:26.471
BTC,SELL,0.0100,10351350.000,2024-07-17 00:28:31.299
BTC,SELL,0.0050,10351350.000,2024-07-17 00:28:31.413
BTC,SELL,0.0100,10351350.000,2024-07-17 00:28:33.086
BTC,SELL,0.0050,10351350.000,2024-07-17 00:28:33.425
BTC,SELL,0.0050,10351350.000,2024-07-17 00:28:33.927
BTC,SELL,0.0100,10351350.000,2024-07-17 00:28:34.185
BTC,SELL,0.0100,10351350.000,2024-07-17 00:28:35.204
BTC,SELL,0.0001,10347136.000,2024-07-17 00:28:46.009
BTC,SELL,0.0042,10347136.000,2024-07-17 00:29:15.495
BTC,SELL,0.0004,10347136.000,2024-07-17 00:29:20.974
BTC,BUY,0.0001,10348550.000,2024-07-17 00:29:34.015
BTC,SELL,0.0015,10347136.000,2024-07-17 00:29:36.961
BTC,SELL,0.0100,10347136.000,2024-07-17 00:29:40.604
BTC,SELL,0.0005,10347136.000,2024-07-17 00:29:49.633
BTC,BUY,0.0050,10351205.000,2024-07-17 00:31:19.218
BTC,BUY,0.0030,10351205.000,2024-07-17 00:31:28.374
BTC,BUY,0.0020,10351205.000,2024-07-17 00:31:31.998
BTC,SELL,0.0061,10356230.000,2024-07-17 00:31:34.971
BTC,BUY,0.0010,10356784.000,2024-07-17 00:32:15.120
BTC,BUY,0.0002,10357000.000,2024-07-17 00:32:15.120
BTC,SELL,0.0012,10356910.000,2024-07-17 00:32:17.996
BTC,BUY,0.0008,10357000.000,2024-07-17 00:32:23.665
BTC,BUY,0.0136,10359000.000,2024-07-17 00:32:23.665
BTC,SELL,0.0015,10356999.000,2024-07-17 00:32:23.879
BTC,BUY,0.0144,10359000.000,2024-07-17 00:32:23.995
BTC,BUY,0.0050,10359000.000,2024-07-17 00:32:24.256
BTC,BUY,0.0138,10359000.000,2024-07-17 00:32:24.608
BTC,BUY,0.0133,10359000.000,2024-07-17 00:32:24.905
BTC,BUY,0.0133,10359000.000,2024-07-17 00:32:24.997
BTC,BUY,0.0010,10360000.000,2024-07-17 00:32:24.997
BTC,BUY,0.0003,10360000.000,2024-07-17 00:32:24.997
BTC,BUY,0.0100,10360000.000,2024-07-17 00:32:24.997
BTC,BUY,0.0020,10360000.000,2024-07-17 00:32:24.997
BTC,BUY,0.0001,10360000.000,2024-07-17 00:32:24.997
BTC,BUY,0.0001,10360000.000,2024-07-17 00:32:24.997
BTC,BUY,0.0600,10360000.000,2024-07-17 00:32:24.997
BTC,BUY,0.0010,10363000.000,2024-07-17 00:32:24.997
BTC,BUY,0.0002,10365180.000,2024-07-17 00:32:25.124
BTC,BUY,0.0008,10365445.000,2024-07-17 00:32:25.124
BTC,BUY,0.0250,10365445.000,2024-07-17 00:32:25.129
BTC,SELL,0.0010,10362030.000,2024-07-17 00:32:25.519
BTC,BUY,0.0020,10366094.000,2024-07-17 00:32:25.647
BTC,BUY,0.0002,10366424.000,2024-07-17 00:32:25.647
BTC,BUY,0.0015,10366440.000,2024-07-17 00:32:25.647
BTC,BUY,0.0010,10368240.000,2024-07-17 00:32:25.733
BTC,BUY,0.0040,10369369.000,2024-07-17 00:32:25.733
BTC,BUY,0.0016,10369369.000,2024-07-17 00:32:26.095
BTC,SELL,0.0010,10367860.000,2024-07-17 00:32:26.480
BTC,BUY,0.0461,10369369.000,2024-07-17 00:32:26.633
BTC,BUY,0.0010,10369369.000,2024-07-17 00:32:27.474
BTC,BUY,0.0010,10369369.000,2024-07-17 00:32:28.446
BTC,BUY,0.0087,10367740.000,2024-07-17 00:32:38.318
BTC,BUY,0.0213,10369350.000,2024-07-17 00:32:38.318
BTC,SELL,0.0027,10364681.000,2024-07-17 00:32:41.469
BTC,SELL,0.0050,10361083.000,2024-07-17 00:33:08.368
BTC,SELL,0.0261,10361083.000,2024-07-17 00:33:08.573
BTC,SELL,0.0050,10360239.000,2024-07-17 00:33:09.272
BTC,SELL,0.0050,10360239.000,2024-07-17 00:33:09.902
BTC,SELL,0.0001,10360239.000,2024-07-17 00:33:10.386
BTC,SELL,0.0163,10360239.000,2024-07-17 00:33:10.554
BTC,SELL,0.0163,10360239.000,2024-07-17 00:33:10.556
BTC,SELL,0.0025,10360239.000,2024-07-17 00:33:11.184
BTC,SELL,0.0095,10360239.000,2024-07-17 00:33:11.188
BTC,SELL,0.0453,10360239.000,2024-07-17 00:33:11.397
BTC,SELL,0.0060,10350902.000,2024-07-17 00:33:11.945
BTC,SELL,0.0088,10354570.000,2024-07-17 00:33:12.500
BTC,SELL,0.0100,10354570.000,2024-07-17 00:33:13.624
BTC,SELL,0.0104,10354570.000,2024-07-17 00:33:14.237
BTC,SELL,0.0261,10354570.000,2024-07-17 00:33:14.534
BTC,SELL,0.0300,10351224.000,2024-07-17 00:33:15.087
BTC,SELL,0.0030,10351224.000,2024-07-17 00:33:15.663
BTC,SELL,0.0026,10347140.000,2024-07-17 00:33:27.995
BTC,SELL,0.0010,10347140.000,2024-07-17 00:33:28.060
BTC,BUY,0.0001,10347137.000,2024-07-17 00:34:14.485
BTC,BUY,0.0005,10348000.000,2024-07-17 00:34:18.926
BTC,BUY,0.0050,10348106.000,2024-07-17 00:34:18.926
BTC,BUY,0.0398,10348200.000,2024-07-17 00:34:18.926
BTC,SELL,0.0023,10349045.000,2024-07-17 00:34:43.961
BTC,SELL,0.0002,10349045.000,2024-07-17 00:35:04.461
BTC,SELL,0.0020,10347136.000,2024-07-17 00:35:31.710
BTC,SELL,0.0018,10347136.000,2024-07-17 00:35:33.961
BTC,BUY,0.0001,10347137.000,2024-07-17 00:35:41.799
BTC,SELL,0.1000,10347136.000,2024-07-17 00:35:49.760
BTC,SELL,0.0026,10347136.000,2024-07-17 00:35:49.988
BTC,SELL,0.0500,10347136.000,2024-07-17 00:35:50.393
BTC,SELL,0.1000,10347136.000,2024-07-17 00:35:51.270
BTC,SELL,0.0263,10347136.000,2024-07-17 00:35:51.687
BTC,SELL,0.0005,10347136.000,2024-07-17 00:36:43.133
BTC,SELL,0.0062,10347136.000,2024-07-17 00:37:46.895
BTC,SELL,0.0004,10347136.000,2024-07-17 00:37:52.706
BTC,BUY,0.0009,10347137.000,2024-07-17 00:38:03.793
BTC,SELL,0.0023,10348999.000,2024-07-17 00:38:34.476
BTC,SELL,0.0004,10348999.000,2024-07-17 00:38:44.483
BTC,SELL,0.0009,10348999.000,2024-07-17 00:38:44.483
BTC,BUY,0.0002,10349000.000,2024-07-17 00:38:53.600
BTC,BUY,0.0070,10349000.000,2024-07-17 00:39:37.690
BTC,BUY,0.0028,10349000.000,2024-07-17 00:39:45.141
BTC,BUY,0.0001,10361417.000,2024-07-17 00:40:55.809
BTC,BUY,0.0140,10366048.000,2024-07-17 00:40:55.809
BTC,BUY,0.0059,10368997.000,2024-07-17 00:40:55.809
BTC,SELL,0.1500,10368390.000,2024-07-17 00:41:19.043
BTC,BUY,0.0044,10367270.000,2024-07-17 00:41:26.745
BTC,SELL,0.0018,10366800.000,2024-07-17 00:41:33.473
BTC,BUY,0.0001,10369369.000,2024-07-17 00:42:05.504
BTC,BUY,0.0004,10369369.000,2024-07-17 00:42:41.247
BTC,SELL,0.0127,10369368.000,2024-07-17 00:43:04.751
BTC,SELL,0.0373,10369368.000,2024-07-17 00:43:04.751
BTC,SELL,0.0380,10369063.000,2024-07-17 00:43:31.668
BTC,SELL,0.0112,10369053.000,2024-07-17 00:43:31.668
BTC,SELL,0.4508,10368920.000,2024-07-17 00:43:31.668
BTC,BUY,0.0162,10368869.000,2024-07-17 00:44:14.876
BTC,BUY,0.0007,10369369.000,2024-07-17 00:44:36.030
BTC,BUY,0.0225,10369369.000,2024-07-17 00:44:38.831
BTC,BUY,0.0050,10369369.000,2024-07-17 00:44:38.913
BTC,BUY,0.0113,10369369.000,2024-07-17 00:44:38.998
BTC,BUY,0.0060,10369369.000,2024-07-17 00:44:40.777
BTC,BUY,0.0003,10369369.000,2024-07-17 00:44:41.119
BTC,BUY,0.0001,10369400.000,2024-07-17 00:44:41.119
BTC,BUY,0.0010,10370000.000,2024-07-17 00:44:41.119
BTC,BUY,0.0003,10370000.000,2024-07-17 00:44:41.119
BTC,BUY,0.0100,10370000.000,2024-07-17 00:44:41.119
BTC,BUY,0.0010,10370000.000,2024-07-17 00:44:41.119
BTC,BUY,0.0001,10370000.000,2024-07-17 00:44:41.119
BTC,BUY,0.0002,10375000.000,2024-07-17 00:44:41.119
BTC,SELL,0.0010,10374864.000,2024-07-17 00:44:43.273
BTC,SELL,0.0020,10374900.000,2024-07-17 00:44:43.538
BTC,SELL,0.0020,10374900.000,2024-07-17 00:44:44.004
BTC,BUY,0.0010,10377270.000,2024-07-17 00:44:45.416
BTC,BUY,0.0020,10377270.000,2024-07-17 00:44:45.562
BTC,BUY,0.0003,10377270.000,2024-07-17 00:44:46.040
BTC,BUY,0.0017,10378000.000,2024-07-17 00:44:46.040
BTC,BUY,0.0043,10378000.000,2024-07-17 00:45:08.721
BTC,BUY,0.0010,10379696.000,2024-07-17 00:45:08.721
BTC,BUY,0.0082,10380000.000,2024-07-17 00:45:08.721
BTC,BUY,0.0018,10380000.000,2024-07-17 00:45:09.380
BTC,BUY,0.0010,10380000.000,2024-07-17 00:45:09.380
BTC,BUY,0.0003,10380000.000,2024-07-17 00:45:09.380
BTC,BUY,0.0019,10380000.000,2024-07-17 00:45:09.380
BTC,BUY,0.0081,10380000.000,2024-07-17 00:45:09.548
BTC,BUY,0.0001,10380000.000,2024-07-17 00:45:09.548
BTC,BUY,0.0001,10380000.000,2024-07-17 00:45:09.548
BTC,BUY,0.0001,10380000.000,2024-07-17 00:45:09.548
BTC,BUY,0.0001,10380000.000,2024-07-17 00:45:09.548
BTC,BUY,0.0030,10382700.000,2024-07-17 00:45:09.687
BTC,SELL,0.0004,10382170.000,2024-07-17 00:45:10.838
BTC,SELL,0.0010,10382284.000,2024-07-17 00:45:11.599
BTC,BUY,0.0040,10382700.000,2024-07-17 00:45:12.574
BTC,BUY,0.0004,10382700.000,2024-07-17 00:45:12.816
BTC,SELL,0.0005,10381110.000,2024-07-17 00:45:29.220
BTC,SELL,0.0065,10380580.000,2024-07-17 00:45:29.220
BTC,SELL,0.0017,10378000.000,2024-07-17 00:45:32.054
BTC,SELL,0.0008,10378000.000,2024-07-17 00:45:32.974
BTC,SELL,0.0199,10378000.000,2024-07-17 00:45:34.757
BTC,SELL,0.0100,10378000.000,2024-07-17 00:45:49.456
BTC,SELL,0.0050,10378000.000,2024-07-17 00:45:49.602
BTC,SELL,0.0050,10378000.000,2024-07-17 00:45:50.147
BTC,SELL,0.0140,10378000.000,2024-07-17 00:45:50.520
BTC,SELL,0.0194,10378000.000,2024-07-17 00:45:50.660
BTC,SELL,0.0100,10378000.000,2024-07-17 00:45:51.164
BTC,SELL,0.0160,10378000.000,2024-07-17 00:45:51.602
BTC,SELL,0.0160,10378000.000,2024-07-17 00:45:51.605
BTC,SELL,0.0060,10378000.000,2024-07-17 00:45:52.286
BTC,SELL,0.0100,10378000.000,2024-07-17 00:45:52.460
BTC,SELL,0.0142,10378000.000,2024-07-17 00:45:52.539
BTC,SELL,0.0159,10378000.000,2024-07-17 00:45:52.576
BTC,SELL,0.0150,10378000.000,2024-07-17 00:45:52.898
BTC,SELL,0.0166,10378000.000,2024-07-17 00:45:53.088
BTC,SELL,0.0178,10378000.000,2024-07-17 00:45:53.589
BTC,SELL,0.0200,10378000.000,2024-07-17 00:45:53.591
BTC,SELL,0.0030,10378000.000,2024-07-17 00:45:53.905
BTC,SELL,0.0101,10378000.000,2024-07-17 00:45:54.582
BTC,SELL,0.0900,10378000.000,2024-07-17 00:45:55.521
BTC,SELL,0.0100,10378000.000,2024-07-17 00:45:57.704
BTC,SELL,0.0858,10378000.000,2024-07-17 00:45:58.184
BTC,SELL,0.0692,10378000.000,2024-07-17 00:45:58.237
BTC,BUY,0.0001,10378001.000,2024-07-17 00:46:00.386
BTC,SELL,0.0011,10378000.000,2024-07-17 00:46:14.489
BTC,BUY,0.0373,10379406.000,2024-07-17 00:47:33.174
BTC,BUY,0.0127,10379410.000,2024-07-17 00:47:33.174
BTC,BUY,0.0001,10379406.000,2024-07-17 00:47:33.744
BTC,BUY,0.0100,10378001.000,2024-07-17 00:48:02.019
BTC,BUY,0.0780,10378001.000,2024-07-17 00:48:02.019
BTC,BUY,0.0111,10378035.000,2024-07-17 00:48:02.340
BTC,SELL,0.0001,10378001.000,2024-07-17 00:48:02.392
BTC,SELL,0.0094,10378001.000,2024-07-17 00:48:11.731
BTC,SELL,0.0006,10378000.000,2024-07-17 00:48:11.731
BTC,SELL,0.0494,10378000.000,2024-07-17 00:48:24.653
BTC,BUY,0.0004,10372677.000,2024-07-17 00:48:49.937
BTC,SELL,0.0016,10371384.000,2024-07-17 00:49:10.962
BTC,BUY,0.0089,10374319.000,2024-07-17 00:49:20.673
BTC,BUY,0.0105,10374320.000,2024-07-17 00:49:20.673
BTC,BUY,0.0300,10374365.000,2024-07-17 00:49:20.673
BTC,BUY,0.0300,10374365.000,2024-07-17 00:49:20.673
BTC,BUY,0.0206,10374580.000,2024-07-17 00:49:20.673
BTC,BUY,0.0007,10375051.000,2024-07-17 00:49:23.390
BTC,SELL,0.0002,10375049.000,2024-07-17 00:49:23.783
BTC,BUY,0.0001,10372928.000,2024-07-17 00:49:39.094
BTC,BUY,0.1000,10372665.000,2024-07-17 00:49:44.916
BTC,BUY,0.1000,10375810.000,2024-07-17 00:49:44.916
BTC,SELL,0.0001,10371220.000,2024-07-17 00:50:01.787
BTC,BUY,0.0008,10370562.000,2024-07-17 00:50:04.916
BTC,BUY,0.1000,10371254.000,2024-07-17 00:50:06.382
BTC,BUY,0.0091,10372928.000,2024-07-17 00:50:06.382
BTC,BUY,0.0122,10374422.000,2024-07-17 00:50:06.382
BTC,BUY,0.0050,10375342.000,2024-07-17 00:50:06.382
BTC,BUY,0.0737,10375810.000,2024-07-17 00:50:06.382
BTC,BUY,0.1000,10370467.000,2024-07-17 00:50:12.323
BTC,BUY,0.0125,10377360.000,2024-07-17 00:50:12.323
BTC,BUY,0.0875,10377400.000,2024-07-17 00:50:12.323
BTC,SELL,0.0104,10370229.000,2024-07-17 00:50:17.376
BTC,BUY,0.1000,10371365.000,2024-07-17 00:50:19.798
BTC,BUY,0.0104,10375278.000,2024-07-17 00:50:19.798
BTC,BUY,0.0896,10376870.000,2024-07-17 00:50:19.798
BTC,BUY,0.1000,10377667.000,2024-07-17 00:50:25.029
BTC,BUY,0.0200,10377688.000,2024-07-17 00:50:25.029
BTC,BUY,0.0800,10378990.000,2024-07-17 00:50:25.029
BTC,BUY,0.0001,10378990.000,2024-07-17 00:50:27.144
BTC,BUY,0.0100,10377531.000,2024-07-17 00:50:30.402
BTC,BUY,0.1000,10377699.000,2024-07-17 00:50:30.402
BTC,BUY,0.0002,10380000.000,2024-07-17 00:50:30.402
BTC,BUY,0.0481,10380862.000,2024-07-17 00:50:30.402
BTC,BUY,0.0417,10381640.000,2024-07-17 00:50:30.402
BTC,BUY,0.1000,10378196.000,2024-07-17 00:50:36.125
BTC,BUY,0.1000,10382170.000,2024-07-17 00:50:36.125
BTC,SELL,0.0008,10378727.000,2024-07-17 00:50:39.531
BTC,BUY,0.1000,10380241.000,2024-07-17 00:50:43.620
BTC,BUY,0.0026,10382700.000,2024-07-17 00:50:43.620
BTC,BUY,0.0010,10383000.000,2024-07-17 00:50:43.620
BTC,BUY,0.0010,10386940.000,2024-07-17 00:50:43.620
BTC,BUY,0.0248,10387192.000,2024-07-17 00:50:43.620
BTC,BUY,0.0706,10387470.000,2024-07-17 00:50:43.620
BTC,BUY,0.0400,10388232.000,2024-07-17 00:51:03.294
BTC,BUY,0.0001,10388542.000,2024-07-17 00:51:04.712
BTC,BUY,0.0001,10389040.000,2024-07-17 00:51:11.056
BTC,SELL,0.0001,10385601.000,2024-07-17 00:51:33.473
BTC,BUY,0.0001,10385629.000,2024-07-17 00:52:17.772
BTC,BUY,0.0052,10388000.000,2024-07-17 00:52:17.772
BTC,BUY,0.1000,10384223.000,2024-07-17 00:52:24.253
BTC,BUY,0.1000,10388530.000,2024-07-17 00:52:24.253
BTC,SELL,0.0001,10381800.000,2024-07-17 00:52:27.504
BTC,BUY,0.0700,10371506.000,2024-07-17 00:52:36.277
BTC,SELL,0.0010,10371505.000,2024-07-17 00:52:36.314
BTC,SELL,0.0010,10371505.000,2024-07-17 00:52:36.397
BTC,SELL,0.0010,10371505.000,2024-07-17 00:52:36.478
BTC,SELL,0.0010,10371505.000,2024-07-17 00:52:36.533
BTC,SELL,0.0300,10371505.000,2024-07-17 00:52:38.967
BTC,SELL,0.0034,10371000.000,2024-07-17 00:52:44.492
BTC,SELL,0.0018,10372326.000,2024-07-17 00:52:49.963
BTC,BUY,0.0070,10374118.000,2024-07-17 00:52:59.151
BTC,SELL,0.0029,10375930.000,2024-07-17 00:53:10.473
BTC,BUY,0.0020,10378950.000,2024-07-17 00:53:14.552
BTC,SELL,0.0023,10375950.000,2024-07-17 00:53:18.409
BTC,SELL,0.0002,10376571.000,2024-07-17 00:53:25.205
BTC,BUY,0.0010,10376573.000,2024-07-17 00:53:25.625
BTC,SELL,0.0012,10376385.000,2024-07-17 00:54:40.006
BTC,SELL,0.0100,10380711.000,2024-07-17 00:54:57.669
BTC,SELL,0.0045,10380181.000,2024-07-17 00:55:02.079
BTC,SELL,0.0085,10382266.000,2024-07-17 00:55:22.555
BTC,SELL,0.0001,10382266.000,2024-07-17 00:55:23.828
BTC,SELL,0.0005,10381082.000,2024-07-17 00:55:26.496
BTC,SELL,0.0001,10377963.000,2024-07-17 00:55:27.876
BTC,BUY,0.0001,10381715.000,2024-07-17 00:56:28.108
BTC,SELL,0.0023,10383716.000,2024-07-17 00:56:35.487
BTC,SELL,0.0005,10382654.000,2024-07-17 00:56:40.603
BTC,SELL,0.0004,10387245.000,2024-07-17 00:57:58.468
BTC,SELL,0.0125,10385440.000,2024-07-17 00:58:38.681
BTC,SELL,0.0375,10385400.000,2024-07-17 00:58:38.681
BTC,BUY,0.0001,10389024.000,2024-07-17 00:58:45.048
BTC,BUY,0.0049,10389871.000,2024-07-17 00:58:45.048
BTC,BUY,0.0001,10389006.000,2024-07-17 00:58:55.853
BTC,BUY,0.0010,10390000.000,2024-07-17 00:58:59.439
BTC,BUY,0.0003,10390000.000,2024-07-17 00:58:59.439
BTC,BUY,0.0009,10390000.000,2024-07-17 00:58:59.439
BTC,BUY,0.0028,10390000.000,2024-07-17 00:58:59.439
BTC,BUY,0.0001,10390000.000,2024-07-17 01:00:20.877
BTC,BUY,0.0071,10390000.000,2024-07-17 01:00:22.799
BTC,BUY,0.0001,10390000.000,2024-07-17 01:00:22.799
BTC,BUY,0.0001,10390000.000,2024-07-17 01:00:22.799
BTC,BUY,0.0020,10390000.000,2024-07-17 01:00:22.799
BTC,BUY,0.0010,10391052.000,2024-07-17 01:00:22.799
BTC,BUY,0.0010,10391151.000,2024-07-17 01:00:22.799
BTC,BUY,0.0362,10392369.000,2024-07-17 01:00:22.799
BTC,BUY,0.0010,10392369.000,2024-07-17 01:00:22.874
BTC,BUY,0.0020,10392369.000,2024-07-17 01:00:23.412
BTC,BUY,0.1000,10392369.000,2024-07-17 01:00:28.932
BTC,BUY,0.0608,10392369.000,2024-07-17 01:00:28.966
BTC,SELL,0.0010,10393919.000,2024-07-17 01:00:31.509
BTC,BUY,0.0010,10393920.000,2024-07-17 01:00:31.636
BTC,BUY,0.0010,10393920.000,2024-07-17 01:00:33.796
BTC,SELL,0.0010,10393950.000,2024-07-17 01:00:34.411
BTC,BUY,0.0002,10395000.000,2024-07-17 01:00:35.467
BTC,BUY,0.0008,10395041.000,2024-07-17 01:00:35.467
BTC,SELL,0.0100,10395040.000,2024-07-17 01:00:44.449
BTC,SELL,0.0040,10395040.000,2024-07-17 01:00:45.180
BTC,BUY,0.0020,10394774.000,2024-07-17 01:00:49.153
BTC,BUY,0.0124,10394880.000,2024-07-17 01:00:49.153
BTC,BUY,0.0100,10394899.000,2024-07-17 01:00:49.153
BTC,BUY,0.0500,10394900.000,2024-07-17 01:00:49.153
BTC,BUY,0.1000,10394900.000,2024-07-17 01:00:49.153
BTC,BUY,0.0156,10394900.000,2024-07-17 01:00:49.153
BTC,SELL,0.0009,10393920.000,2024-07-17 01:00:53.475
BTC,SELL,0.0008,10390000.000,2024-07-17 01:00:54.660
BTC,BUY,0.0029,10390549.000,2024-07-17 01:00:57.414
BTC,SELL,0.0011,10390000.000,2024-07-17 01:00:58.979
BTC,SELL,0.0011,10391431.000,2024-07-17 01:01:15.474
BTC,SELL,0.0028,10390001.000,2024-07-17 01:02:09.995
BTC,SELL,0.0007,10390000.000,2024-07-17 01:02:12.494
BTC,SELL,0.0004,10390000.000,2024-07-17 01:02:14.051
BTC,SELL,0.0001,10388500.000,2024-07-17 01:02:24.732
BTC,SELL,0.0001,10388500.000,2024-07-17 01:02:31.049
BTC,SELL,0.0001,10388500.000,2024-07-17 01:02:37.111
BTC,SELL,0.0001,10388500.000,2024-07-17 01:02:39.279
BTC,SELL,0.0023,10394468.000,2024-07-17 01:03:00.992
BTC,SELL,0.0009,10394904.000,2024-07-17 01:03:02.243
BTC,BUY,0.0005,10395041.000,2024-07-17 01:03:14.467
BTC,BUY,0.0140,10395041.000,2024-07-17 01:03:16.800
BTC,SELL,0.0005,10395040.000,2024-07-17 01:03:25.188
BTC,SELL,0.0014,10395040.000,2024-07-17 01:03:28.468
BTC,BUY,0.0005,10395041.000,2024-07-17 01:03:35.314
BTC,BUY,0.0012,10395041.000,2024-07-17 01:03:42.889
BTC,BUY,0.0002,10395041.000,2024-07-17 01:04:04.967
BTC,BUY,0.0001,10395041.000,2024-07-17 01:04:17.849
BTC,SELL,0.1000,10394850.000,2024-07-17 01:04:20.835
BTC,BUY,0.0010,10395041.000,2024-07-17 01:04:28.821
BTC,BUY,0.0200,10395041.000,2024-07-17 01:04:31.885
BTC,BUY,0.1000,10395041.000,2024-07-17 01:04:33.381
BTC,BUY,0.0633,10395041.000,2024-07-17 01:04:36.912
BTC,BUY,0.0020,10396969.000,2024-07-17 01:04:36.912
BTC,BUY,0.0050,10399000.000,2024-07-17 01:04:36.912
BTC,BUY,0.0010,10399000.000,2024-07-17 01:04:36.912
BTC,BUY,0.0010,10399000.000,2024-07-17 01:04:36.912
BTC,BUY,0.0100,10399500.000,2024-07-17 01:04:36.912
BTC,BUY,0.0001,10399900.000,2024-07-17 01:04:36.912
BTC,BUY,0.0125,10399920.000,2024-07-17 01:04:36.912
BTC,BUY,0.0004,10399984.000,2024-07-17 01:04:36.912
BTC,BUY,0.0005,10399999.000,2024-07-17 01:04:36.912
BTC,BUY,0.0150,10399999.000,2024-07-17 01:04:36.912
BTC,BUY,0.0100,10399999.000,2024-07-17 01:04:36.912
BTC,BUY,0.0010,10400000.000,2024-07-17 01:04:36.912
BTC,BUY,0.0003,10400000.000,2024-07-17 01:04:36.912
BTC,BUY,0.0009,10400000.000,2024-07-17 01:04:36.912
BTC,BUY,0.0070,10400000.000,2024-07-17 01:04:36.912
BTC,BUY,0.0430,10400000.000,2024-07-17 01:04:37.006
BTC,BUY,0.0020,10400000.000,2024-07-17 01:04:37.006
BTC,BUY,0.0010,10400000.000,2024-07-17 01:04:37.006
BTC,BUY,0.0040,10400000.000,2024-07-17 01:04:37.006
BTC,BUY,0.0050,10400000.000,2024-07-17 01:04:37.051
BTC,BUY,0.0001,10400000.000,2024-07-17 01:04:37.053
BTC,BUY,0.0009,10400000.000,2024-07-17 01:04:37.132
BTC,BUY,0.0041,10400000.000,2024-07-17 01:04:37.132
BTC,SELL,0.0039,10399939.000,2024-07-17 01:04:39.572
BTC,SELL,0.0050,10399920.000,2024-07-17 01:04:54.977
BTC,BUY,0.0017,10399941.000,2024-07-17 01:05:11.632
BTC,BUY,0.0059,10400000.000,2024-07-17 01:05:11.632
BTC,BUY,0.0024,10400000.000,2024-07-17 01:05:11.632
BTC,SELL,0.0050,10399999.000,2024-07-17 01:05:13.415
BTC,BUY,0.0050,10399900.000,2024-07-17 01:05:31.808
BTC,SELL,0.0001,10395440.000,2024-07-17 01:05:39.189
BTC,SELL,0.0074,10395440.000,2024-07-17 01:05:39.213
BTC,BUY,0.0002,10390036.000,2024-07-17 01:05:44.846
BTC,SELL,0.0009,10390034.000,2024-07-17 01:05:45.375
BTC,SELL,0.0008,10389030.000,2024-07-17 01:05:45.594
BTC,SELL,0.0010,10389030.000,2024-07-17 01:05:45.653
BTC,SELL,0.0860,10388505.000,2024-07-17 01:05:53.774
BTC,SELL,0.0140,10388505.000,2024-07-17 01:05:53.774
BTC,BUY,0.0001,10390120.000,2024-07-17 01:05:57.363
BTC,BUY,0.0020,10388501.000,2024-07-17 01:06:22.954
BTC,SELL,0.0005,10388560.000,2024-07-17 01:06:40.882
BTC,BUY,0.0001,10389276.000,2024-07-17 01:06:49.030
BTC,SELL,0.0001,10390332.000,2024-07-17 01:06:55.498
BTC,BUY,0.0001,10395340.000,2024-07-17 01:07:07.575
BTC,BUY,0.0059,10396275.000,2024-07-17 01:07:07.575
BTC,BUY,0.0041,10396275.000,2024-07-17 01:07:10.208
BTC,SELL,0.0010,10397529.000,2024-07-17 01:07:15.869
BTC,BUY,0.0023,10397530.000,2024-07-17 01:07:29.831
BTC,BUY,0.0026,10400000.000,2024-07-17 01:07:29.831
BTC,BUY,0.0010,10400000.000,2024-07-17 01:07:29.831
BTC,BUY,0.0014,10400000.000,2024-07-17 01:07:29.831
BTC,BUY,0.0020,10400000.000,2024-07-17 01:07:29.831
BTC,BUY,0.0047,10400000.000,2024-07-17 01:07:29.831
BTC,BUY,0.0140,10400000.000,2024-07-17 01:07:29.908
BTC,BUY,0.0479,10400000.000,2024-07-17 01:07:30.445
BTC,BUY,0.0050,10400000.000,2024-07-17 01:07:30.448
BTC,BUY,0.0284,10400000.000,2024-07-17 01:07:30.603
BTC,BUY,0.0500,10400000.000,2024-07-17 01:07:30.603
BTC,BUY,0.0015,10400000.000,2024-07-17 01:07:30.603
BTC,BUY,0.0001,10400000.000,2024-07-17 01:07:30.603
BTC,BUY,0.0003,10400000.000,2024-07-17 01:07:30.603
BTC,BUY,0.0010,10400000.000,2024-07-17 01:07:30.603
BTC,BUY,0.0050,10400000.000,2024-07-17 01:07:30.603
BTC,BUY,0.0022,10400000.000,2024-07-17 01:07:30.603
BTC,BUY,0.0100,10400000.000,2024-07-17 01:07:30.603
BTC,BUY,0.0010,10400000.000,2024-07-17 01:07:30.603
BTC,BUY,0.0005,10400000.000,2024-07-17 01:07:30.603
BTC,BUY,0.0025,10400000.000,2024-07-17 01:07:30.625
BTC,BUY,0.0051,10400000.000,2024-07-17 01:07:30.625
BTC,BUY,0.0100,10400000.000,2024-07-17 01:07:30.625
BTC,BUY,0.0001,10400000.000,2024-07-17 01:07:30.625
BTC,BUY,0.0005,10400000.000,2024-07-17 01:07:30.625
BTC,BUY,0.0818,10400000.000,2024-07-17 01:07:30.625
BTC,BUY,0.0140,10400000.000,2024-07-17 01:07:30.763
BTC,BUY,0.0120,10400000.000,2024-07-17 01:07:30.809
BTC,BUY,0.1000,10400000.000,2024-07-17 01:07:31.032
BTC,BUY,0.0100,10400000.000,2024-07-17 01:07:31.433
BTC,BUY,0.0050,10400000.000,2024-07-17 01:07:31.510
BTC,BUY,0.0500,10400000.000,2024-07-17 01:07:31.593
BTC,BUY,0.0223,10400000.000,2024-07-17 01:07:31.812
BTC,BUY,0.0100,10400000.000,2024-07-17 01:07:31.869
BTC,BUY,0.0006,10400000.000,2024-07-17 01:07:32.003
BTC,BUY,0.0001,10400000.000,2024-07-17 01:07:32.003
BTC,BUY,0.0001,10400000.000,2024-07-17 01:07:32.003
BTC,BUY,0.0042,10400000.000,2024-07-17 01:07:32.003
BTC,BUY,0.0100,10400000.000,2024-07-17 01:07:32.132
BTC,BUY,0.0058,10400000.000,2024-07-17 01:07:32.135
BTC,BUY,0.0042,10400000.000,2024-07-17 01:07:32.135
BTC,BUY,0.0038,10400000.000,2024-07-17 01:07:32.518
BTC,BUY,0.0078,10400000.000,2024-07-17 01:07:32.518
BTC,BUY,0.0022,10400000.000,2024-07-17 01:07:32.774
BTC,BUY,0.0001,10400000.000,2024-07-17 01:07:32.774
BTC,BUY,0.0090,10400000.000,2024-07-17 01:07:32.774
BTC,BUY,0.0020,10400000.000,2024-07-17 01:07:32.774
BTC,BUY,0.0001,10400000.000,2024-07-17 01:07:32.774
BTC,BUY,0.0100,10400000.000,2024-07-17 01:07:32.774
BTC,BUY,0.0020,10400000.000,2024-07-17 01:07:32.774
BTC,BUY,0.0209,10400000.000,2024-07-17 01:07:32.774
BTC,BUY,0.0125,10400000.000,2024-07-17 01:07:32.774
BTC,BUY,0.0030,10400000.000,2024-07-17 01:07:32.774
BTC,BUY,0.0010,10400000.000,2024-07-17 01:07:32.774
BTC,BUY,0.0072,10400000.000,2024-07-17 01:07:32.774
BTC,BUY,0.0428,10400000.000,2024-07-17 01:07:32.857
BTC,BUY,0.0100,10400000.000,2024-07-17 01:07:32.857
BTC,BUY,0.0050,10400000.000,2024-07-17 01:07:32.857
BTC,BUY,0.0050,10400000.000,2024-07-17 01:07:32.857
BTC,BUY,0.0011,10400000.000,2024-07-17 01:07:32.857
BTC,BUY,0.0030,10400000.000,2024-07-17 01:07:32.857
BTC,BUY,0.0020,10400000.000,2024-07-17 01:07:32.857
BTC,BUY,0.0100,10400000.000,2024-07-17 01:07:32.857
BTC,BUY,0.0090,10400000.000,2024-07-17 01:07:32.857
BTC,BUY,0.0030,10400000.000,2024-07-17 01:07:32.857
BTC,BUY,0.0091,10400000.000,2024-07-17 01:07:32.857
BTC,BUY,0.1000,10400000.000,2024-07-17 01:07:32.985
BTC,BUY,0.0166,10400000.000,2024-07-17 01:07:33.434
BTC,BUY,0.0050,10400000.000,2024-07-17 01:07:33.484
BTC,BUY,0.0050,10400000.000,2024-07-17 01:07:34.477
BTC,BUY,0.0001,10400000.000,2024-07-17 01:07:42.254
BTC,BUY,0.0042,10400000.000,2024-07-17 01:07:47.126
BTC,BUY,0.0025,10400000.000,2024-07-17 01:07:47.126
BTC,BUY,0.0001,10402469.000,2024-07-17 01:07:47.126
BTC,BUY,0.0010,10402607.000,2024-07-17 01:07:47.126
BTC,BUY,0.0020,10403000.000,2024-07-17 01:07:47.126
BTC,BUY,0.0002,10405000.000,2024-07-17 01:07:47.126
BTC,BUY,0.0001,10405000.000,2024-07-17 01:07:49.236
BTC,SELL,0.0001,10404451.000,2024-07-17 01:07:49.295
BTC,SELL,0.0009,10404450.000,2024-07-17 01:07:49.295
BTC,SELL,0.0020,10404480.000,2024-07-17 01:07:49.554
BTC,SELL,0.0020,10404500.000,2024-07-17 01:07:50.037
BTC,BUY,0.0010,10405000.000,2024-07-17 01:07:50.392
BTC,BUY,0.0010,10405000.000,2024-07-17 01:07:51.259
BTC,BUY,0.0020,10405000.000,2024-07-17 01:07:51.523
BTC,BUY,0.0057,10405000.000,2024-07-17 01:08:22.494
BTC,BUY,0.0010,10406000.000,2024-07-17 01:08:22.494
BTC,BUY,0.0019,10409000.000,2024-07-17 01:08:22.494
BTC,SELL,0.0040,10405040.000,2024-07-17 01:08:24.759
BTC,SELL,0.0004,10405040.000,2024-07-17 01:08:24.835
BTC,BUY,0.0020,10409000.000,2024-07-17 01:08:26.025
BTC,BUY,0.0004,10409000.000,2024-07-17 01:08:26.815
BTC,BUY,0.0066,10409000.000,2024-07-17 01:08:45.494
BTC,BUY,0.0003,10410000.000,2024-07-17 01:08:45.494
BTC,BUY,0.0003,10410000.000,2024-07-17 01:08:45.494
BTC,BUY,0.0100,10410000.000,2024-07-17 01:08:45.494
BTC,BUY,0.0028,10410000.000,2024-07-17 01:08:45.494
BTC,BUY,0.0050,10410000.000,2024-07-17 01:08:46.088
BTC,BUY,0.0022,10410000.000,2024-07-17 01:09:06.259
BTC,BUY,0.0008,10410000.000,2024-07-17 01:09:06.259
BTC,BUY,0.0002,10410000.000,2024-07-17 01:09:12.994
BTC,BUY,0.0010,10410000.000,2024-07-17 01:09:12.994
BTC,BUY,0.0001,10410000.000,2024-07-17 01:09:12.994
BTC,BUY,0.0001,10410000.000,2024-07-17 01:09:12.994
BTC,BUY,0.0003,10410000.000,2024-07-17 01:09:12.994
BTC,BUY,0.0001,10410000.000,2024-07-17 01:09:14.918
BTC,BUY,0.0002,10410000.000,2024-07-17 01:09:14.918
BTC,BUY,0.0007,10414063.000,2024-07-17 01:09:14.918
BTC,BUY,0.0003,10414063.000,2024-07-17 01:09:16.133
BTC,BUY,0.0024,10418000.000,2024-07-17 01:09:16.133
BTC,BUY,0.0003,10418000.000,2024-07-17 01:09:16.133
BTC,BUY,0.0100,10420000.000,2024-07-17 01:09:16.133
BTC,BUY,0.0003,10420000.000,2024-07-17 01:09:16.133
BTC,BUY,0.0010,10420000.000,2024-07-17 01:09:16.133
BTC,BUY,0.0057,10420000.000,2024-07-17 01:09:16.133
BTC,SELL,0.0056,10418240.000,2024-07-17 01:09:17.291
BTC,SELL,0.0044,10418210.000,2024-07-17 01:09:17.291
BTC,SELL,0.0010,10417680.000,2024-07-17 01:09:17.476
BTC,SELL,0.0010,10417680.000,2024-07-17 01:09:17.687
BTC,SELL,0.0100,10418211.000,2024-07-17 01:09:18.133
BTC,BUY,0.0040,10420000.000,2024-07-17 01:09:18.535
BTC,SELL,0.0100,10419979.000,2024-07-17 01:09:19.176
BTC,BUY,0.0003,10420000.000,2024-07-17 01:09:19.453
BTC,BUY,0.0001,10420000.000,2024-07-17 01:09:19.453
BTC,BUY,0.0001,10420000.000,2024-07-17 01:09:19.453
BTC,BUY,0.0005,10420000.000,2024-07-17 01:09:19.453
BTC,SELL,0.0003,10419999.000,2024-07-17 01:09:24.158
BTC,BUY,0.0001,10420000.000,2024-07-17 01:09:26.926
BTC,BUY,0.0024,10420000.000,2024-07-17 01:09:26.930
BTC,BUY,0.0001,10420000.000,2024-07-17 01:09:26.930
BTC,BUY,0.0002,10420000.000,2024-07-17 01:09:26.930
BTC,BUY,0.0416,10424865.000,2024-07-17 01:09:26.930
BTC,BUY,0.0010,10425518.000,2024-07-17 01:09:27.146
BTC,BUY,0.0010,10429000.000,2024-07-17 01:09:38.375
BTC,BUY,0.0100,10430000.000,2024-07-17 01:09:38.375
BTC,BUY,0.0010,10430000.000,2024-07-17 01:09:38.375
BTC,BUY,0.0003,10430000.000,2024-07-17 01:09:38.375
BTC,BUY,0.0001,10430000.000,2024-07-17 01:09:38.375
BTC,BUY,0.0001,10430000.000,2024-07-17 01:09:38.375
BTC,BUY,0.0001,10430000.000,2024-07-17 01:09:38.375
BTC,BUY,0.0074,10432110.000,2024-07-17 01:09:38.375
BTC,SELL,0.0010,10431460.000,2024-07-17 01:09:39.277
BTC,SELL,0.0020,10430930.000,2024-07-17 01:09:39.520
BTC,SELL,0.0010,10430960.000,2024-07-17 01:09:40.397
BTC,BUY,0.0010,10434295.000,2024-07-17 01:09:41.282
BTC,BUY,0.0020,10434295.000,2024-07-17 01:09:41.518
BTC,BUY,0.0010,10434325.000,2024-07-17 01:09:42.432
BTC,SELL,0.0004,10431120.000,2024-07-17 01:09:42.843
BTC,SELL,0.0020,10431120.000,2024-07-17 01:09:44.044
BTC,BUY,0.0004,10434204.000,2024-07-17 01:09:44.841
BTC,BUY,0.0010,10434200.000,2024-07-17 01:09:45.617
BTC,BUY,0.0065,10433462.000,2024-07-17 01:09:56.179
BTC,BUY,0.0200,10431650.000,2024-07-17 01:10:00.406
BTC,BUY,0.0001,10431524.000,2024-07-17 01:10:01.761
BTC,SELL,0.0001,10431544.000,2024-07-17 01:10:05.832
BTC,BUY,0.0010,10431545.000,2024-07-17 01:10:06.787
BTC,BUY,0.0090,10431545.000,2024-07-17 01:10:08.164
BTC,BUY,0.0010,10431545.000,2024-07-17 01:10:08.164
BTC,BUY,0.0849,10429670.000,2024-07-17 01:10:09.497
BTC,BUY,0.0010,10431917.000,2024-07-17 01:10:11.690
BTC,BUY,0.0001,10433474.000,2024-07-17 01:10:22.432
BTC,BUY,0.0001,10434231.000,2024-07-17 01:10:22.432
BTC,BUY,0.0007,10435000.000,2024-07-17 01:10:22.432
BTC,SELL,0.0010,10433591.000,2024-07-17 01:10:28.049
BTC,BUY,0.0001,10435000.000,2024-07-17 01:10:33.303
BTC,BUY,0.0051,10435000.000,2024-07-17 01:10:40.202
BTC,BUY,0.0030,10436300.000,2024-07-17 01:10:40.277
BTC,BUY,0.0070,10436300.000,2024-07-17 01:10:40.279
BTC,BUY,0.0035,10436300.000,2024-07-17 01:10:40.279
BTC,BUY,0.0065,10436300.000,2024-07-17 01:10:40.354
BTC,BUY,0.0010,10436974.000,2024-07-17 01:10:40.354
BTC,BUY,0.0100,10440000.000,2024-07-17 01:10:40.354
BTC,BUY,0.0010,10440000.000,2024-07-17 01:10:40.354
BTC,BUY,0.0003,10440000.000,2024-07-17 01:10:40.354
BTC,BUY,0.0020,10440000.000,2024-07-17 01:10:40.354
BTC,BUY,0.0010,10440000.000,2024-07-17 01:10:40.354
BTC,BUY,0.0100,10440000.000,2024-07-17 01:10:40.354
BTC,BUY,0.0001,10440000.000,2024-07-17 01:10:40.354
BTC,BUY,0.0001,10440000.000,2024-07-17 01:10:40.354
BTC,BUY,0.0010,10443000.000,2024-07-17 01:10:40.354
BTC,BUY,0.0010,10444000.000,2024-07-17 01:10:40.354
BTC,BUY,0.0033,10444110.000,2024-07-17 01:10:40.354
BTC,BUY,0.0627,10444687.000,2024-07-17 01:10:40.354
BTC,SELL,0.0010,10444180.000,2024-07-17 01:10:41.476
BTC,BUY,0.0020,10444687.000,2024-07-17 01:10:42.009
BTC,SELL,0.0040,10447941.000,2024-07-17 01:10:42.632
BTC,SELL,0.0001,10447941.000,2024-07-17 01:10:44.174
BTC,SELL,0.0040,10447941.000,2024-07-17 01:10:44.566
BTC,BUY,0.0010,10448000.000,2024-07-17 01:10:45.515
BTC,SELL,0.0300,10447942.000,2024-07-17 01:10:45.712
BTC,SELL,0.0700,10445771.000,2024-07-17 01:10:47.172
BTC,SELL,0.0347,10444265.000,2024-07-17 01:10:47.172
BTC,SELL,0.0001,10446870.000,2024-07-17 01:10:50.887
BTC,SELL,0.0050,10443695.000,2024-07-17 01:10:58.276
BTC,SELL,0.0050,10443395.000,2024-07-17 01:10:59.303
BTC,SELL,0.0050,10442712.000,2024-07-17 01:10:59.800
BTC,BUY,0.0094,10438576.000,2024-07-17 01:11:01.633
BTC,SELL,0.0237,10438575.000,2024-07-17 01:11:02.053
BTC,SELL,0.0001,10438575.000,2024-07-17 01:11:03.076
BTC,BUY,0.1000,10438550.000,2024-07-17 01:11:08.408
BTC,SELL,0.0001,10436640.000,2024-07-17 01:11:09.766
BTC,SELL,0.0001,10440688.000,2024-07-17 01:11:38.809
BTC,BUY,0.0002,10440689.000,2024-07-17 01:11:44.980
BTC,BUY,0.0001,10442602.000,2024-07-17 01:12:07.976
BTC,SELL,0.0010,10438880.000,2024-07-17 01:12:22.470
BTC,BUY,0.0022,10442401.000,2024-07-17 01:12:50.023
BTC,BUY,0.0099,10442602.000,2024-07-17 01:12:50.023
BTC,BUY,0.0100,10443280.000,2024-07-17 01:12:50.023
BTC,BUY,0.0029,10443565.000,2024-07-17 01:12:50.023
BTC,SELL,0.0033,10442590.000,2024-07-17 01:12:53.907
BTC,BUY,0.0071,10443565.000,2024-07-17 01:13:10.650
BTC,BUY,0.0039,10444235.000,2024-07-17 01:13:10.650
BTC,BUY,0.0010,10441455.000,2024-07-17 01:13:25.646
BTC,SELL,0.0001,10441454.000,2024-07-17 01:13:26.129
BTC,SELL,0.0200,10444234.000,2024-07-17 01:13:42.002
BTC,SELL,0.0005,10441609.000,2024-07-17 01:14:20.115
BTC,SELL,0.0200,10440516.000,2024-07-17 01:14:30.970
BTC,SELL,0.0003,10444234.000,2024-07-17 01:15:46.041
BTC,BUY,0.0009,10444235.000,2024-07-17 01:15:46.516
BTC,BUY,0.0052,10444235.000,2024-07-17 01:15:48.141
BTC,BUY,0.0048,10444240.000,2024-07-17 01:15:48.141
BTC,BUY,0.0002,10444240.000,2024-07-17 01:15:49.328
BTC,BUY,0.0002,10445000.000,2024-07-17 01:15:51.998
BTC,SELL,0.0003,10444999.000,2024-07-17 01:15:53.173
BTC,BUY,0.0010,10448430.000,2024-07-17 01:16:08.702
BTC,BUY,0.0010,10450000.000,2024-07-17 01:16:08.702
BTC,BUY,0.0003,10450000.000,2024-07-17 01:16:08.702
BTC,BUY,0.0037,10450000.000,2024-07-17 01:16:08.702
BTC,BUY,0.0020,10450000.000,2024-07-17 01:16:11.038
BTC,SELL,0.0100,10449551.000,2024-07-17 01:16:13.282
BTC,SELL,0.0001,10449651.000,2024-07-17 01:16:16.131
BTC,BUY,0.0043,10450000.000,2024-07-17 01:16:27.930
BTC,BUY,0.0009,10450000.000,2024-07-17 01:16:27.930
BTC,BUY,0.0398,10450000.000,2024-07-17 01:16:27.930
BTC,BUY,0.0500,10450000.000,2024-07-17 01:16:33.841
BTC,BUY,0.0102,10450000.000,2024-07-17 01:16:35.264
BTC,BUY,0.0050,10450000.000,2024-07-17 01:16:35.264
BTC,BUY,0.0010,10450000.000,2024-07-17 01:16:35.264
BTC,BUY,0.0480,10450000.000,2024-07-17 01:16:35.264
BTC,BUY,0.0003,10450000.000,2024-07-17 01:16:35.264
BTC,BUY,0.0010,10450000.000,2024-07-17 01:16:35.264
BTC,BUY,0.0020,10450000.000,2024-07-17 01:16:35.264
BTC,BUY,0.0005,10450000.000,2024-07-17 01:16:35.264
BTC,BUY,0.0005,10450000.000,2024-07-17 01:16:35.264
BTC,BUY,0.0315,10450000.000,2024-07-17 01:16:35.264
BTC,BUY,0.0052,10450000.000,2024-07-17 01:16:35.356
BTC,SELL,0.0001,10449999.000,2024-07-17 01:16:37.876
BTC,BUY,0.0633,10450000.000,2024-07-17 01:16:41.179
BTC,BUY,0.0001,10450000.000,2024-07-17 01:16:41.179
BTC,BUY,0.0030,10450000.000,2024-07-17 01:16:41.179
BTC,BUY,0.0010,10450000.000,2024-07-17 01:16:41.179
BTC,BUY,0.0100,10450000.000,2024-07-17 01:16:41.179
BTC,BUY,0.0226,10450000.000,2024-07-17 01:16:41.179
BTC,BUY,0.1000,10450000.000,2024-07-17 01:16:42.905
BTC,BUY,0.0175,10450000.000,2024-07-17 01:16:43.388
BTC,BUY,0.1000,10450000.000,2024-07-17 01:16:45.023
BTC,BUY,0.0123,10450000.000,2024-07-17 01:17:03.495
BTC,BUY,0.0105,10450000.000,2024-07-17 01:17:17.966
BTC,BUY,0.0001,10450000.000,2024-07-17 01:17:23.972
BTC,BUY,0.0400,10450000.000,2024-07-17 01:17:24.521
BTC,BUY,0.0030,10450000.000,2024-07-17 01:17:26.489
BTC,SELL,0.0100,10449999.000,2024-07-17 01:17:34.592
BTC,BUY,0.1000,10450000.000,2024-07-17 01:17:34.860
BTC,BUY,0.0100,10450000.000,2024-07-17 01:17:34.974
BTC,BUY,0.0100,10450000.000,2024-07-17 01:17:47.195
BTC,BUY,0.0018,10450000.000,2024-07-17 01:17:48.702
BTC,BUY,0.0050,10450000.000,2024-07-17 01:17:48.887
BTC,BUY,0.0168,10450000.000,2024-07-17 01:17:49.016
BTC,BUY,0.0200,10450000.000,2024-07-17 01:17:49.298
BTC,BUY,0.0050,10450000.000,2024-07-17 01:17:49.379
BTC,BUY,0.1000,10450000.000,2024-07-17 01:17:49.495
BTC,BUY,0.3154,10450000.000,2024-07-17 01:17:49.546
BTC,BUY,0.0001,10450000.000,2024-07-17 01:17:49.546
BTC,BUY,0.0016,10450000.000,2024-07-17 01:17:49.546
BTC,BUY,0.0100,10452000.000,2024-07-17 01:17:49.953
BTC,BUY,0.0012,10452640.000,2024-07-17 01:17:49.953
BTC,BUY,0.0050,10452640.000,2024-07-17 01:17:50.212
BTC,BUY,0.0001,10452640.000,2024-07-17 01:17:54.110
BTC,BUY,0.0062,10452640.000,2024-07-17 01:17:55.201
BTC,SELL,0.0010,10456800.000,2024-07-17 01:17:57.651
BTC,BUY,0.0003,10458560.000,2024-07-17 01:17:59.654
BTC,BUY,0.0007,10459885.000,2024-07-17 01:17:59.654
BTC,SELL,0.0010,10457960.000,2024-07-17 01:18:00.454
BTC,BUY,0.0003,10459885.000,2024-07-17 01:18:00.531
BTC,BUY,0.0003,10460000.000,2024-07-17 01:18:00.531
BTC,BUY,0.0010,10460000.000,2024-07-17 01:18:00.531
BTC,BUY,0.0100,10460000.000,2024-07-17 01:18:00.531
BTC,BUY,0.0001,10460000.000,2024-07-17 01:18:00.531
BTC,BUY,0.0001,10460000.000,2024-07-17 01:18:00.531
BTC,BUY,0.0001,10460000.000,2024-07-17 01:18:00.531
BTC,BUY,0.0003,10460217.000,2024-07-17 01:18:00.531
BTC,BUY,0.0078,10465422.000,2024-07-17 01:18:00.531
BTC,SELL,0.0004,10461140.000,2024-07-17 01:18:00.806
BTC,SELL,0.0010,10460080.000,2024-07-17 01:18:01.292
BTC,SELL,0.0020,10460080.000,2024-07-17 01:18:01.615
BTC,BUY,0.0010,10465400.000,2024-07-17 01:18:02.409
BTC,BUY,0.0040,10465400.000,2024-07-17 01:18:02.576
BTC,BUY,0.0004,10465400.000,2024-07-17 01:18:02.823
BTC,BUY,0.0010,10465400.000,2024-07-17 01:18:03.269
BTC,SELL,0.0090,10461680.000,2024-07-17 01:18:11.810
BTC,SELL,0.0010,10460611.000,2024-07-17 01:18:11.810
BTC,BUY,0.0005,10465300.000,2024-07-17 01:18:15.289
BTC,SELL,0.1000,10464517.000,2024-07-17 01:18:18.986
BTC,SELL,0.0125,10459040.000,2024-07-17 01:18:18.986
BTC,SELL,0.0046,10454800.000,2024-07-17 01:18:20.997
BTC,SELL,0.1000,10460211.000,2024-07-17 01:18:22.581
BTC,SELL,0.1000,10459890.000,2024-07-17 01:18:25.578
BTC,BUY,0.0009,10457904.000,2024-07-17 01:18:31.794
BTC,BUY,0.0001,10459730.000,2024-07-17 01:18:38.972
BTC,BUY,0.0010,10459730.000,2024-07-17 01:18:39.540
BTC,BUY,0.0010,10459730.000,2024-07-17 01:18:40.004
BTC,BUY,0.0079,10459730.000,2024-07-17 01:18:42.873
BTC,BUY,0.0020,10459730.000,2024-07-17 01:18:42.873
BTC,BUY,0.0100,10460056.000,2024-07-17 01:18:42.873
BTC,BUY,0.0801,10464012.000,2024-07-17 01:18:42.873
BTC,BUY,0.0005,10465792.000,2024-07-17 01:19:01.349
BTC,BUY,0.0001,10463146.000,2024-07-17 01:19:13.522
BTC,BUY,0.0011,10466000.000,2024-07-17 01:19:58.960
BTC,BUY,0.0004,10466000.000,2024-07-17 01:20:00.506
BTC,BUY,0.0002,10466000.000,2024-07-17 01:20:00.506
BTC,BUY,0.0009,10466600.000,2024-07-17 01:20:00.506
BTC,BUY,0.0001,10466600.000,2024-07-17 01:20:02.414
BTC,SELL,0.0020,10469999.000,2024-07-17 01:20:04.043
BTC,BUY,0.0010,10470000.000,2024-07-17 01:20:05.534
BTC,BUY,0.0003,10470000.000,2024-07-17 01:20:05.534
BTC,BUY,0.0007,10470000.000,2024-07-17 01:20:05.534
BTC,BUY,0.0001,10470000.000,2024-07-17 01:20:05.974
BTC,BUY,0.0001,10470000.000,2024-07-17 01:20:10.587
BTC,SELL,0.0100,10469999.000,2024-07-17 01:20:20.671
BTC,SELL,0.0021,10469999.000,2024-07-17 01:20:20.845
BTC,SELL,0.0029,10468080.000,2024-07-17 01:20:20.845
BTC,SELL,0.0100,10468030.000,2024-07-17 01:20:22.477
BTC,SELL,0.0050,10466970.000,2024-07-17 01:20:23.864
BTC,SELL,0.0500,10466970.000,2024-07-17 01:20:24.260
BTC,SELL,0.0100,10466970.000,2024-07-17 01:20:24.324
BTC,SELL,0.0050,10462838.000,2024-07-17 01:20:24.370
BTC,SELL,0.0010,10462838.000,2024-07-17 01:20:24.455
BTC,SELL,0.0050,10462838.000,2024-07-17 01:20:24.872
BTC,BUY,0.0001,10465000.000,2024-07-17 01:20:27.842
BTC,BUY,0.0010,10464650.000,2024-07-17 01:20:36.625
BTC,SELL,0.0100,10460000.000,2024-07-17 01:20:42.016
BTC,SELL,0.0010,10460000.000,2024-07-17 01:20:42.084
BTC,SELL,0.0010,10460000.000,2024-07-17 01:20:42.211
BTC,SELL,0.0010,10461365.000,2024-07-17 01:20:42.339
BTC,SELL,0.0060,10461365.000,2024-07-17 01:20:42.341
BTC,SELL,0.0225,10461365.000,2024-07-17 01:20:44.160
BTC,SELL,0.0140,10466219.000,2024-07-17 01:21:19.692
BTC,BUY,0.0003,10466220.000,2024-07-17 01:21:20.066
BTC,BUY,0.0020,10466220.000,2024-07-17 01:21:22.891
BTC,BUY,0.0151,10462931.000,2024-07-17 01:21:53.204
BTC,BUY,0.0700,10460695.000,2024-07-17 01:22:03.442
BTC,BUY,0.0300,10460776.000,2024-07-17 01:22:03.442
BTC,SELL,0.0261,10465349.000,2024-07-17 01:22:19.325
BTC,SELL,0.0030,10465349.000,2024-07-17 01:22:20.789
BTC,SELL,0.0081,10462907.000,2024-07-17 01:22:23.365
BTC,SELL,0.0150,10460000.000,2024-07-17 01:22:27.521
BTC,BUY,0.0100,10460317.000,2024-07-17 01:22:28.290
BTC,SELL,0.0475,10460000.000,2024-07-17 01:22:28.566
BTC,SELL,0.0100,10460000.000,2024-07-17 01:22:31.944
BTC,BUY,0.0020,10460001.000,2024-07-17 01:22:33.376
