symbol,side,size,price,timestamp
BTC,SELL,0.0001,10100000.000,2024-07-17 21:00:09.171
BTC,SELL,0.0020,10100000.000,2024-07-17 21:00:09.388
BTC,SELL,0.0020,10100000.000,2024-07-17 21:00:15.213
BTC,SELL,0.0053,10100000.000,2024-07-17 21:00:21.149
BTC,BUY,0.0004,10099113.000,2024-07-17 21:00:26.222
BTC,SELL,0.0001,10090001.000,2024-07-17 21:00:31.397
BTC,SELL,0.0001,10090137.000,2024-07-17 21:00:47.767
BTC,BUY,0.0005,10090138.000,2024-07-17 21:00:48.196
BTC,SELL,0.0001,10090000.000,2024-07-17 21:00:55.772
BTC,SELL,0.0010,10090000.000,2024-07-17 21:00:55.772
BTC,SELL,0.0003,10090000.000,2024-07-17 21:00:56.409
BTC,BUY,0.0001,10089900.000,2024-07-17 21:00:57.072
BTC,SELL,0.0111,10085223.000,2024-07-17 21:00:57.601
BTC,SELL,0.0079,10085223.000,2024-07-17 21:00:57.856
BTC,SELL,0.0099,10084295.000,2024-07-17 21:00:59.933
BTC,SELL,0.0050,10084295.000,2024-07-17 21:01:00.854
BTC,SELL,0.0851,10084295.000,2024-07-17 21:01:00.859
BTC,SELL,0.1140,10082257.000,2024-07-17 21:01:00.859
BTC,SELL,0.0010,10080000.000,2024-07-17 21:01:01.157
BTC,SELL,0.0004,10080000.000,2024-07-17 21:01:01.157
BTC,SELL,0.0010,10079800.000,2024-07-17 21:01:01.157
BTC,SELL,0.0036,10077403.000,2024-07-17 21:01:01.157
BTC,SELL,0.0056,10075001.000,2024-07-17 21:01:01.692
BTC,SELL,0.0067,10075000.000,2024-07-17 21:01:01.692
BTC,SELL,0.0154,10074211.000,2024-07-17 21:01:01.692
BTC,SELL,0.0010,10070000.000,2024-07-17 21:01:01.692
BTC,SELL,0.0004,10070000.000,2024-07-17 21:01:01.692
BTC,SELL,0.0001,10064104.000,2024-07-17 21:01:01.692
BTC,SELL,0.0001,10064100.000,2024-07-17 21:01:01.692
BTC,SELL,0.0079,10061919.000,2024-07-17 21:01:01.692
BTC,SELL,0.0001,10061650.000,2024-07-17 21:01:01.692
BTC,SELL,0.0001,10061470.000,2024-07-17 21:01:01.692
BTC,SELL,0.0001,10061440.000,2024-07-17 21:01:01.692
BTC,SELL,0.0010,10060000.000,2024-07-17 21:01:01.692
BTC,SELL,0.0004,10060000.000,2024-07-17 21:01:01.692
BTC,SELL,0.0010,10059731.000,2024-07-17 21:01:01.692
BTC,SELL,0.0030,10057810.000,2024-07-17 21:01:01.692
BTC,SELL,0.0107,10057360.000,2024-07-17 21:01:01.692
BTC,SELL,0.0018,10057360.000,2024-07-17 21:01:01.935
BTC,SELL,0.0002,10057281.000,2024-07-17 21:01:01.935
BTC,SELL,0.0100,10057281.000,2024-07-17 21:01:02.238
BTC,SELL,0.0010,10080966.000,2024-07-17 21:01:03.362
BTC,SELL,0.0008,10068800.000,2024-07-17 21:01:25.152
BTC,SELL,0.0001,10079269.000,2024-07-17 21:01:33.151
BTC,SELL,0.0050,10059921.000,2024-07-17 21:01:35.724
BTC,SELL,0.0001,10069188.000,2024-07-17 21:01:36.778
BTC,SELL,0.0100,10069188.000,2024-07-17 21:01:37.076
BTC,SELL,0.0002,10075598.000,2024-07-17 21:02:17.784
BTC,SELL,0.0009,10074971.000,2024-07-17 21:02:17.784
BTC,SELL,0.0001,10075278.000,2024-07-17 21:02:24.891
BTC,SELL,0.0001,10075278.000,2024-07-17 21:02:25.897
BTC,SELL,0.0002,10075000.000,2024-07-17 21:02:28.105
BTC,SELL,0.0400,10073514.000,2024-07-17 21:02:38.796
BTC,SELL,0.0105,10073514.000,2024-07-17 21:02:38.862
BTC,SELL,0.0214,10073514.000,2024-07-17 21:02:38.885
BTC,SELL,0.0200,10073514.000,2024-07-17 21:02:40.736
BTC,SELL,0.0081,10073514.000,2024-07-17 21:02:40.816
BTC,SELL,0.0010,10072565.000,2024-07-17 21:02:41.535
BTC,SELL,0.0030,10072565.000,2024-07-17 21:02:41.632
BTC,SELL,0.0050,10072565.000,2024-07-17 21:02:41.638
BTC,SELL,0.0002,10072565.000,2024-07-17 21:02:41.704
BTC,SELL,0.0908,10072565.000,2024-07-17 21:02:41.859
BTC,SELL,0.0002,10070000.000,2024-07-17 21:02:42.014
BTC,SELL,0.0050,10050936.000,2024-07-17 21:02:42.014
BTC,SELL,0.0100,10050923.000,2024-07-17 21:02:42.014
BTC,SELL,0.0348,10050414.000,2024-07-17 21:02:42.014
BTC,SELL,0.0004,10050000.000,2024-07-17 21:02:42.129
BTC,SELL,0.0005,10050000.000,2024-07-17 21:02:42.129
BTC,SELL,0.0001,10050000.000,2024-07-17 21:02:42.129
BTC,SELL,0.0010,10050000.000,2024-07-17 21:02:42.129
BTC,SELL,0.0050,10050000.000,2024-07-17 21:02:42.129
BTC,SELL,0.0034,10049420.000,2024-07-17 21:02:42.129
BTC,SELL,0.0050,10048000.000,2024-07-17 21:02:42.129
BTC,SELL,0.0010,10042443.000,2024-07-17 21:02:42.129
BTC,SELL,0.0010,10042442.000,2024-07-17 21:02:42.129
BTC,SELL,0.0010,10042441.000,2024-07-17 21:02:42.129
BTC,SELL,0.0010,10041382.000,2024-07-17 21:02:42.129
BTC,SELL,0.0004,10040000.000,2024-07-17 21:02:42.129
BTC,SELL,0.0001,10040000.000,2024-07-17 21:02:42.129
BTC,SELL,0.0010,10040000.000,2024-07-17 21:02:42.129
BTC,SELL,0.0125,10035600.000,2024-07-17 21:02:42.129
BTC,SELL,0.0066,10030250.000,2024-07-17 21:02:42.129
BTC,SELL,0.0039,10044126.000,2024-07-17 21:02:42.845
BTC,SELL,0.0041,10030000.000,2024-07-17 21:02:42.845
BTC,BUY,0.0001,10064150.000,2024-07-17 21:02:43.500
BTC,SELL,0.0050,10044131.000,2024-07-17 21:02:43.882
BTC,SELL,0.0026,10044136.000,2024-07-17 21:02:44.493
BTC,SELL,0.0100,10044250.000,2024-07-17 21:02:45.911
BTC,SELL,0.0002,10055000.000,2024-07-17 21:02:50.474
BTC,SELL,0.0020,10038550.000,2024-07-17 21:02:58.859
BTC,BUY,0.0001,10044275.000,2024-07-17 21:03:22.949
BTC,SELL,0.0002,10038809.000,2024-07-17 21:03:50.802
BTC,SELL,0.0100,10030007.000,2024-07-17 21:03:50.802
BTC,SELL,0.0810,10030006.000,2024-07-17 21:03:50.802
BTC,SELL,0.0890,10030006.000,2024-07-17 21:03:50.802
BTC,SELL,0.0198,10030001.000,2024-07-17 21:03:50.802
BTC,SELL,0.0059,10030000.000,2024-07-17 21:05:12.856
BTC,SELL,0.0004,10030000.000,2024-07-17 21:05:12.856
BTC,SELL,0.0001,10030000.000,2024-07-17 21:05:12.856
BTC,SELL,0.0010,10030000.000,2024-07-17 21:05:12.856
BTC,SELL,0.0010,10030000.000,2024-07-17 21:05:12.856
BTC,SELL,0.0015,10030000.000,2024-07-17 21:05:12.856
BTC,BUY,0.0020,10030699.000,2024-07-17 21:05:24.465
BTC,BUY,0.0001,10030080.000,2024-07-17 21:05:44.742
BTC,BUY,0.0001,10030001.000,2024-07-17 21:05:57.164
BTC,BUY,0.0800,10030310.000,2024-07-17 21:06:25.340
BTC,BUY,0.0085,10030310.000,2024-07-17 21:06:25.563
BTC,BUY,0.0040,10030309.000,2024-07-17 21:06:25.913
BTC,BUY,0.0100,10030320.000,2024-07-17 21:06:26.219
BTC,BUY,0.0024,10030320.000,2024-07-17 21:06:26.503
BTC,BUY,0.0096,10030368.000,2024-07-17 21:06:26.931
BTC,BUY,0.0890,10030710.000,2024-07-17 21:06:27.629
BTC,BUY,0.0103,10030609.000,2024-07-17 21:06:28.264
BTC,BUY,0.0100,10030914.000,2024-07-17 21:06:29.616
BTC,BUY,0.0100,10030914.000,2024-07-17 21:06:29.925
BTC,BUY,0.0100,10030914.000,2024-07-17 21:06:30.260
BTC,BUY,0.0380,10030914.000,2024-07-17 21:06:30.406
BTC,BUY,0.0320,10030914.000,2024-07-17 21:06:30.515
BTC,BUY,0.0100,10032899.000,2024-07-17 21:06:30.982
BTC,SELL,0.0010,10031097.000,2024-07-17 21:06:35.943
BTC,BUY,0.0015,10032495.000,2024-07-17 21:06:36.249
BTC,BUY,0.0035,10032800.000,2024-07-17 21:06:36.249
BTC,SELL,0.0002,10039658.000,2024-07-17 21:07:03.986
BTC,SELL,0.0002,10035430.000,2024-07-17 21:07:22.962
BTC,BUY,0.0008,10035082.000,2024-07-17 21:07:33.813
BTC,BUY,0.0002,10036560.000,2024-07-17 21:07:33.813
BTC,SELL,0.0001,10036272.000,2024-07-17 21:07:39.287
BTC,SELL,0.0002,10036272.000,2024-07-17 21:07:43.834
BTC,BUY,0.0050,10036800.000,2024-07-17 21:07:48.379
BTC,SELL,0.0002,10037031.000,2024-07-17 21:07:55.382
BTC,SELL,0.0002,10038270.000,2024-07-17 21:07:59.501
BTC,SELL,0.0008,10053919.000,2024-07-17 21:10:00.519
BTC,SELL,0.0003,10053919.000,2024-07-17 21:10:01.451
BTC,BUY,0.0060,10054222.000,2024-07-17 21:10:31.097
BTC,BUY,0.0005,10042908.000,2024-07-17 21:11:46.914
BTC,SELL,0.1000,10040162.000,2024-07-17 21:12:56.690
BTC,BUY,0.0085,10038130.000,2024-07-17 21:13:18.553
BTC,BUY,0.0001,10037600.000,2024-07-17 21:13:24.424
BTC,SELL,0.0002,10036640.000,2024-07-17 21:13:46.750
BTC,SELL,0.0120,10037207.000,2024-07-17 21:14:08.014
BTC,SELL,0.0003,10037120.000,2024-07-17 21:14:22.674
BTC,BUY,0.0001,10037058.000,2024-07-17 21:14:36.972
BTC,BUY,0.0002,10039018.000,2024-07-17 21:14:57.728
BTC,SELL,0.0020,10037120.000,2024-07-17 21:15:01.175
BTC,BUY,0.0001,10037770.000,2024-07-17 21:15:48.071
BTC,BUY,0.0002,10037770.000,2024-07-17 21:15:48.527
BTC,BUY,0.0009,10038090.000,2024-07-17 21:15:52.091
BTC,SELL,0.0001,10029000.000,2024-07-17 21:17:50.649
BTC,BUY,0.0001,10033374.000,2024-07-17 21:18:13.018
BTC,SELL,0.0005,10038117.000,2024-07-17 21:20:02.735
BTC,BUY,0.0001,10038451.000,2024-07-17 21:20:25.828
BTC,BUY,0.0001,10038814.000,2024-07-17 21:20:25.828
BTC,BUY,0.0100,10038526.000,2024-07-17 21:20:34.417
BTC,BUY,0.0001,10038713.000,2024-07-17 21:20:51.590
BTC,SELL,0.0200,10038770.000,2024-07-17 21:22:01.833
BTC,SELL,0.0001,10037190.000,2024-07-17 21:22:24.466
BTC,BUY,0.0001,10030354.000,2024-07-17 21:22:46.304
BTC,SELL,0.0001,10029000.000,2024-07-17 21:23:44.899
BTC,SELL,0.0060,10029000.000,2024-07-17 21:23:44.899
BTC,SELL,0.0381,10028385.000,2024-07-17 21:23:44.899
BTC,SELL,0.0068,10028005.000,2024-07-17 21:24:03.943
BTC,SELL,0.0010,10029894.000,2024-07-17 21:24:36.812
BTC,SELL,0.0100,10031826.000,2024-07-17 21:24:55.274
BTC,BUY,0.0001,10034490.000,2024-07-17 21:25:43.180
BTC,SELL,0.0002,10035000.000,2024-07-17 21:25:51.606
BTC,SELL,0.0043,10034095.000,2024-07-17 21:25:51.606
BTC,SELL,0.0010,10033120.000,2024-07-17 21:26:59.993
BTC,BUY,0.0170,10037664.000,2024-07-17 21:28:21.658
BTC,BUY,0.0100,10037664.000,2024-07-17 21:28:37.866
BTC,BUY,0.0050,10037664.000,2024-07-17 21:28:39.542
BTC,BUY,0.0080,10037664.000,2024-07-17 21:28:48.418
BTC,BUY,0.0400,10039494.000,2024-07-17 21:28:49.671
BTC,BUY,0.0100,10039494.000,2024-07-17 21:28:50.300
BTC,BUY,0.0790,10039494.000,2024-07-17 21:28:50.844
BTC,BUY,0.0200,10039494.000,2024-07-17 21:28:52.665
BTC,BUY,0.0010,10039494.000,2024-07-17 21:28:52.875
BTC,BUY,0.0500,10039494.000,2024-07-17 21:28:54.680
BTC,BUY,0.0200,10039494.000,2024-07-17 21:28:54.823
BTC,BUY,0.0200,10039494.000,2024-07-17 21:28:54.905
BTC,BUY,0.0200,10039494.000,2024-07-17 21:28:55.367
BTC,BUY,0.0050,10039494.000,2024-07-17 21:28:56.278
BTC,BUY,0.0100,10039494.000,2024-07-17 21:28:59.218
BTC,BUY,0.0100,10039494.000,2024-07-17 21:29:02.645
BTC,BUY,0.0100,10039494.000,2024-07-17 21:29:29.213
BTC,SELL,0.0005,10039493.000,2024-07-17 21:30:03.218
BTC,BUY,0.0025,10039494.000,2024-07-17 21:30:42.396
BTC,BUY,0.0001,10039494.000,2024-07-17 21:31:46.460
BTC,BUY,0.0001,10039494.000,2024-07-17 21:32:19.277
BTC,BUY,0.0001,10039494.000,2024-07-17 21:32:34.284
BTC,BUY,0.0001,10039494.000,2024-07-17 21:33:09.558
BTC,SELL,0.0100,10039493.000,2024-07-17 21:33:19.539
BTC,BUY,0.0001,10039494.000,2024-07-17 21:33:35.213
BTC,BUY,0.0020,10039494.000,2024-07-17 21:34:07.569
BTC,BUY,0.0001,10040000.000,2024-07-17 21:34:14.247
BTC,BUY,0.0002,10045000.000,2024-07-17 21:34:16.501
BTC,BUY,0.0004,10045159.000,2024-07-17 21:34:16.547
BTC,BUY,0.0075,10049533.000,2024-07-17 21:34:16.547
BTC,BUY,0.0002,10049711.000,2024-07-17 21:34:17.205
BTC,BUY,0.0039,10050000.000,2024-07-17 21:34:17.205
BTC,BUY,0.0100,10050000.000,2024-07-17 21:34:17.355
BTC,BUY,0.0100,10050000.000,2024-07-17 21:34:17.463
BTC,BUY,0.0061,10050000.000,2024-07-17 21:34:17.603
BTC,BUY,0.0039,10051954.000,2024-07-17 21:34:17.603
BTC,BUY,0.0040,10051954.000,2024-07-17 21:34:17.609
BTC,BUY,0.0160,10054804.000,2024-07-17 21:34:17.609
BTC,BUY,0.0005,10056328.000,2024-07-17 21:34:59.508
BTC,BUY,0.0004,10057669.000,2024-07-17 21:34:59.508
BTC,BUY,0.0100,10059735.000,2024-07-17 21:35:06.732
BTC,BUY,0.0010,10060000.000,2024-07-17 21:36:10.749
BTC,BUY,0.0001,10060000.000,2024-07-17 21:36:10.749
BTC,BUY,0.0004,10066091.000,2024-07-17 21:36:10.749
BTC,BUY,0.0004,10068423.000,2024-07-17 21:37:54.161
BTC,BUY,0.0013,10068329.000,2024-07-17 21:38:20.180
BTC,SELL,0.0005,10068329.000,2024-07-17 21:40:03.066
BTC,SELL,0.0041,10068329.000,2024-07-17 21:40:18.578
BTC,SELL,0.0002,10068329.000,2024-07-17 21:41:19.150
BTC,SELL,0.0010,10068329.000,2024-07-17 21:41:33.729
BTC,SELL,0.0014,10068329.000,2024-07-17 21:42:03.483
BTC,BUY,0.0010,10070000.000,2024-07-17 21:42:39.152
BTC,BUY,0.0004,10070000.000,2024-07-17 21:42:39.152
BTC,BUY,0.0004,10080000.000,2024-07-17 21:43:02.527
BTC,BUY,0.0010,10080000.000,2024-07-17 21:43:02.527
BTC,BUY,0.0020,10089205.000,2024-07-17 21:43:02.730
BTC,BUY,0.0020,10089205.000,2024-07-17 21:43:02.833
BTC,BUY,0.0010,10090000.000,2024-07-17 21:43:33.162
BTC,BUY,0.0004,10090000.000,2024-07-17 21:43:33.162
BTC,BUY,0.0006,10091265.000,2024-07-17 21:43:33.162
BTC,BUY,0.0918,10086419.000,2024-07-17 21:43:48.760
BTC,BUY,0.0005,10079166.000,2024-07-17 21:44:25.074
BTC,BUY,0.0002,10072024.000,2024-07-17 21:44:39.791
BTC,BUY,0.0002,10072158.000,2024-07-17 21:44:58.753
BTC,BUY,0.0001,10075000.000,2024-07-17 21:45:23.246
BTC,BUY,0.0001,10079166.000,2024-07-17 21:45:53.716
BTC,BUY,0.0001,10078988.000,2024-07-17 21:45:57.574
BTC,BUY,0.0023,10072607.000,2024-07-17 21:46:48.582
BTC,SELL,0.0100,10069549.000,2024-07-17 21:47:06.320
BTC,BUY,0.0002,10069550.000,2024-07-17 21:47:06.961
BTC,BUY,0.1000,10065715.000,2024-07-17 21:47:29.708
BTC,BUY,0.0020,10066114.000,2024-07-17 21:47:29.708
BTC,BUY,0.0001,10068619.000,2024-07-17 21:47:31.554
BTC,BUY,0.0099,10069213.000,2024-07-17 21:47:31.554
BTC,SELL,0.0123,10067120.000,2024-07-17 21:47:50.613
BTC,SELL,0.0360,10067120.000,2024-07-17 21:47:50.613
BTC,SELL,0.0500,10067050.000,2024-07-17 21:47:50.613
BTC,SELL,0.0016,10067000.000,2024-07-17 21:47:50.613
BTC,BUY,0.0001,10078527.000,2024-07-17 21:48:23.528
BTC,BUY,0.0002,10067101.000,2024-07-17 21:51:38.012
BTC,SELL,0.0200,10067100.000,2024-07-17 21:51:56.362
BTC,SELL,0.0200,10067100.000,2024-07-17 21:51:56.511
BTC,SELL,0.0200,10067100.000,2024-07-17 21:51:58.615
BTC,SELL,0.0200,10067100.000,2024-07-17 21:52:00.799
BTC,SELL,0.0100,10067100.000,2024-07-17 21:52:02.942
BTC,SELL,0.0004,10067100.000,2024-07-17 21:52:09.620
BTC,BUY,0.0085,10067101.000,2024-07-17 21:52:14.494
BTC,SELL,0.0008,10067100.000,2024-07-17 21:52:41.374
BTC,SELL,0.0008,10067100.000,2024-07-17 21:52:43.748
BTC,SELL,0.0020,10067000.000,2024-07-17 21:54:01.632
BTC,BUY,0.0038,10069920.000,2024-07-17 21:54:24.337
BTC,BUY,0.0062,10070000.000,2024-07-17 21:54:24.337
BTC,BUY,0.0001,10067120.000,2024-07-17 21:57:32.423
BTC,SELL,0.0883,10067000.000,2024-07-17 21:59:15.316
BTC,SELL,0.0061,10067000.000,2024-07-17 21:59:15.489
BTC,SELL,0.0010,10061000.000,2024-07-17 21:59:32.632
BTC,SELL,0.0010,10060000.000,2024-07-17 21:59:33.816
BTC,SELL,0.0004,10056581.000,2024-07-17 21:59:45.992
BTC,BUY,0.0008,10056606.000,2024-07-17 22:00:03.113
BTC,BUY,0.0001,10058320.000,2024-07-17 22:00:04.190
BTC,SELL,0.0010,10056610.000,2024-07-17 22:00:13.092
BTC,SELL,0.0010,10063545.000,2024-07-17 22:01:34.587
BTC,BUY,0.0090,10060612.000,2024-07-17 22:02:28.333
BTC,SELL,0.0300,10061894.000,2024-07-17 22:02:47.563
BTC,BUY,0.0002,10062800.000,2024-07-17 22:03:19.725
BTC,BUY,0.0100,10063680.000,2024-07-17 22:04:47.886
BTC,SELL,0.0100,10063152.000,2024-07-17 22:05:08.394
BTC,BUY,0.0002,10069037.000,2024-07-17 22:06:10.360
BTC,SELL,0.0050,10071277.000,2024-07-17 22:07:33.609
BTC,SELL,0.0034,10071245.000,2024-07-17 22:07:33.609
BTC,BUY,0.0002,10075621.000,2024-07-17 22:08:47.442
BTC,BUY,0.0001,10074435.000,2024-07-17 22:09:00.357
BTC,BUY,0.0001,10064859.000,2024-07-17 22:09:36.392
BTC,BUY,0.0003,10056606.000,2024-07-17 22:10:37.869
BTC,BUY,0.0001,10056606.000,2024-07-17 22:15:02.943
BTC,SELL,0.0004,10056605.000,2024-07-17 22:15:08.867
BTC,SELL,0.0015,10055690.000,2024-07-17 22:15:21.923
BTC,SELL,0.0012,10055690.000,2024-07-17 22:15:26.152
BTC,SELL,0.0160,10050358.000,2024-07-17 22:15:32.793
BTC,SELL,0.0042,10050358.000,2024-07-17 22:16:30.843
BTC,SELL,0.0030,10050001.000,2024-07-17 22:16:30.843
BTC,SELL,0.0004,10050000.000,2024-07-17 22:16:30.843
BTC,SELL,0.0010,10050000.000,2024-07-17 22:16:30.843
BTC,SELL,0.0100,10050000.000,2024-07-17 22:16:30.843
BTC,SELL,0.0002,10045000.000,2024-07-17 22:16:30.843
BTC,SELL,0.0125,10042320.000,2024-07-17 22:16:30.843
BTC,SELL,0.0100,10042252.000,2024-07-17 22:16:30.843
BTC,SELL,0.0587,10042148.000,2024-07-17 22:16:30.843
BTC,SELL,0.0870,10041225.000,2024-07-17 22:16:51.753
BTC,SELL,0.0050,10040260.000,2024-07-17 22:16:51.753
BTC,SELL,0.0010,10040000.000,2024-07-17 22:16:51.753
BTC,SELL,0.0004,10040000.000,2024-07-17 22:16:51.753
BTC,SELL,0.0001,10039493.000,2024-07-17 22:16:51.753
BTC,SELL,0.1000,10035236.000,2024-07-17 22:16:51.753
BTC,SELL,0.0065,10034591.000,2024-07-17 22:16:51.753
BTC,BUY,0.0001,10033376.000,2024-07-17 22:16:55.417
BTC,BUY,0.0020,10033376.000,2024-07-17 22:16:56.265
BTC,SELL,0.1000,10032304.000,2024-07-17 22:17:00.513
BTC,SELL,0.0035,10030003.000,2024-07-17 22:17:00.513
BTC,SELL,0.0001,10030002.000,2024-07-17 22:17:00.513
BTC,SELL,0.0010,10030000.000,2024-07-17 22:17:00.513
BTC,SELL,0.0004,10030000.000,2024-07-17 22:17:00.513
BTC,SELL,0.0498,10028786.000,2024-07-17 22:17:00.513
BTC,SELL,0.0154,10023342.000,2024-07-17 22:17:00.513
BTC,SELL,0.0001,10022878.000,2024-07-17 22:17:00.513
BTC,SELL,0.0004,10020000.000,2024-07-17 22:17:00.513
BTC,SELL,0.0100,10020000.000,2024-07-17 22:17:00.513
BTC,SELL,0.0001,10020000.000,2024-07-17 22:17:00.513
BTC,SELL,0.0020,10020000.000,2024-07-17 22:17:00.513
BTC,SELL,0.0010,10020000.000,2024-07-17 22:17:00.513
BTC,SELL,0.0125,10018080.000,2024-07-17 22:17:00.513
BTC,SELL,0.0400,10018061.000,2024-07-17 22:17:00.513
BTC,SELL,0.0487,10018060.000,2024-07-17 22:17:00.513
BTC,BUY,0.0003,10032370.000,2024-07-17 22:17:08.074
BTC,BUY,0.0030,10034489.000,2024-07-17 22:17:09.944
BTC,BUY,0.0021,10026911.000,2024-07-17 22:17:47.228
BTC,BUY,0.0021,10024733.000,2024-07-17 22:17:50.196
BTC,BUY,0.0022,10024400.000,2024-07-17 22:17:59.939
BTC,BUY,0.0003,10024414.000,2024-07-17 22:17:59.939
BTC,BUY,0.0020,10028658.000,2024-07-17 22:18:01.524
BTC,SELL,0.0002,10027992.000,2024-07-17 22:18:05.419
BTC,SELL,0.0002,10033679.000,2024-07-17 22:18:23.894
BTC,SELL,0.0498,10028714.000,2024-07-17 22:18:23.894
BTC,SELL,0.0100,10027871.000,2024-07-17 22:18:23.894
BTC,BUY,0.0001,10036080.000,2024-07-17 22:18:33.278
BTC,BUY,0.0001,10024895.000,2024-07-17 22:21:05.365
BTC,BUY,0.0006,10030908.000,2024-07-17 22:21:40.989
BTC,BUY,0.0001,10031454.000,2024-07-17 22:22:11.949
BTC,BUY,0.0047,10034067.000,2024-07-17 22:23:34.621
BTC,BUY,0.0154,10034976.000,2024-07-17 22:23:34.621
BTC,BUY,0.0125,10035520.000,2024-07-17 22:23:34.621
BTC,BUY,0.1000,10035883.000,2024-07-17 22:23:34.621
BTC,BUY,0.0367,10036748.000,2024-07-17 22:23:34.621
BTC,BUY,0.0307,10036748.000,2024-07-17 22:23:34.621
BTC,BUY,0.0010,10036661.000,2024-07-17 22:23:46.222
BTC,BUY,0.0001,10036762.000,2024-07-17 22:23:55.160
BTC,BUY,0.0049,10037894.000,2024-07-17 22:23:55.160
BTC,BUY,0.0005,10045692.000,2024-07-17 22:24:39.771
BTC,BUY,0.0001,10045692.000,2024-07-17 22:24:40.027
BTC,BUY,0.0001,10045899.000,2024-07-17 22:26:04.311
BTC,BUY,0.0001,10045899.000,2024-07-17 22:26:06.472
BTC,BUY,0.0125,10046000.000,2024-07-17 22:26:06.472
BTC,BUY,0.0374,10046069.000,2024-07-17 22:26:06.472
BTC,BUY,0.0001,10049899.000,2024-07-17 22:27:04.997
BTC,BUY,0.0001,10048682.000,2024-07-17 22:27:10.967
BTC,BUY,0.0055,10049078.000,2024-07-17 22:27:14.371
BTC,BUY,0.0445,10049908.000,2024-07-17 22:27:14.371
BTC,BUY,0.0001,10050000.000,2024-07-17 22:28:32.397
BTC,BUY,0.0001,10050000.000,2024-07-17 22:29:56.863
BTC,BUY,0.0001,10050000.000,2024-07-17 22:32:20.583
BTC,BUY,0.0001,10050000.000,2024-07-17 22:32:24.873
BTC,BUY,0.0006,10050000.000,2024-07-17 22:32:56.887
BTC,BUY,0.0094,10050370.000,2024-07-17 22:32:56.887
BTC,SELL,0.0027,10045100.000,2024-07-17 22:35:30.490
BTC,SELL,0.0010,10045100.000,2024-07-17 22:35:30.490
BTC,SELL,0.0001,10040000.000,2024-07-17 22:35:35.330
BTC,SELL,0.0049,10035091.000,2024-07-17 22:35:35.330
BTC,BUY,0.0050,10045001.000,2024-07-17 22:41:22.960
BTC,BUY,0.0700,10046920.000,2024-07-17 22:41:22.960
BTC,BUY,0.0001,10047133.000,2024-07-17 22:41:31.185
BTC,BUY,0.0889,10047825.000,2024-07-17 22:41:31.185
BTC,BUY,0.0396,10047833.000,2024-07-17 22:41:31.185
BTC,BUY,0.0164,10047850.000,2024-07-17 22:41:31.185
BTC,BUY,0.0001,10048900.000,2024-07-17 22:41:33.913
BTC,SELL,0.0125,10045120.000,2024-07-17 22:41:34.536
BTC,SELL,0.0365,10045042.000,2024-07-17 22:41:34.536
BTC,SELL,0.0002,10045000.000,2024-07-17 22:41:34.536
BTC,SELL,0.0008,10042291.000,2024-07-17 22:41:34.536
BTC,BUY,0.0020,10050480.000,2024-07-17 22:42:06.656
BTC,SELL,0.0180,10041285.000,2024-07-17 22:42:40.470
BTC,SELL,0.0270,10041285.000,2024-07-17 22:42:40.470
BTC,SELL,0.0002,10050478.000,2024-07-17 22:43:09.947
BTC,BUY,0.0001,10049838.000,2024-07-17 22:43:14.132
BTC,BUY,0.0001,10050105.000,2024-07-17 22:43:28.216
BTC,SELL,0.0004,10043863.000,2024-07-17 22:44:13.114
BTC,SELL,0.0082,10044187.000,2024-07-17 22:44:26.718
BTC,BUY,0.0010,10054462.000,2024-07-17 22:44:28.632
BTC,BUY,0.0072,10055116.000,2024-07-17 22:45:01.040
BTC,BUY,0.0008,10055117.000,2024-07-17 22:45:01.040
BTC,BUY,0.0005,10055325.000,2024-07-17 22:45:01.040
BTC,BUY,0.0010,10053414.000,2024-07-17 22:45:21.536
BTC,BUY,0.0005,10051962.000,2024-07-17 22:46:51.034
BTC,BUY,0.0010,10047818.000,2024-07-17 22:48:36.977
BTC,BUY,0.0003,10050000.000,2024-07-17 22:50:54.982
BTC,BUY,0.0003,10047801.000,2024-07-17 22:52:22.366
BTC,BUY,0.0006,10043462.000,2024-07-17 22:53:23.552
BTC,BUY,0.0001,10044509.000,2024-07-17 22:53:33.877
BTC,BUY,0.0010,10044106.000,2024-07-17 22:53:38.560
BTC,BUY,0.0003,10048744.000,2024-07-17 22:54:04.586
BTC,BUY,0.0001,10047071.000,2024-07-17 22:56:08.371
BTC,SELL,0.0100,10044473.000,2024-07-17 22:56:35.790
BTC,SELL,0.0046,10044515.000,2024-07-17 22:57:14.857
BTC,BUY,0.0050,10047040.000,2024-07-17 22:57:32.760
BTC,SELL,0.0020,10046047.000,2024-07-17 22:58:23.381
BTC,BUY,0.0001,10048744.000,2024-07-17 22:59:28.518
BTC,BUY,0.0029,10048744.000,2024-07-17 22:59:53.556
BTC,BUY,0.0021,10049714.000,2024-07-17 22:59:53.556
BTC,BUY,0.0060,10049714.000,2024-07-17 22:59:58.407
BTC,BUY,0.0002,10049126.000,2024-07-17 23:00:05.599
BTC,BUY,0.1000,10047273.000,2024-07-17 23:00:12.280
BTC,BUY,0.0240,10047273.000,2024-07-17 23:00:12.280
BTC,BUY,0.0001,10045153.000,2024-07-17 23:00:26.024
BTC,BUY,0.0003,10044581.000,2024-07-17 23:01:08.337
BTC,SELL,0.0081,10048208.000,2024-07-17 23:03:07.455
BTC,SELL,0.0069,10048207.000,2024-07-17 23:03:07.455
BTC,BUY,0.0001,10049522.000,2024-07-17 23:03:29.966
BTC,SELL,0.0002,10043855.000,2024-07-17 23:03:47.536
BTC,SELL,0.0030,10040454.000,2024-07-17 23:04:38.919
BTC,SELL,0.0001,10040000.000,2024-07-17 23:04:38.919
BTC,SELL,0.0003,10040000.000,2024-07-17 23:04:38.919
BTC,SELL,0.0002,10040000.000,2024-07-17 23:04:38.919
BTC,SELL,0.0002,10036372.000,2024-07-17 23:04:38.919
BTC,SELL,0.0002,10030000.000,2024-07-17 23:05:24.988
BTC,SELL,0.0001,10030000.000,2024-07-17 23:05:26.156
BTC,SELL,0.0199,10020806.000,2024-07-17 23:05:26.156
BTC,SELL,0.0010,10020000.000,2024-07-17 23:05:27.206
BTC,SELL,0.0003,10020000.000,2024-07-17 23:05:27.206
BTC,SELL,0.0300,10020000.000,2024-07-17 23:05:27.206
BTC,SELL,0.0087,10014138.000,2024-07-17 23:05:27.206
BTC,BUY,0.0004,10016369.000,2024-07-17 23:05:57.716
BTC,BUY,0.0016,10016470.000,2024-07-17 23:05:57.716
BTC,BUY,0.0005,10013813.000,2024-07-17 23:06:06.825
BTC,SELL,0.0002,10013813.000,2024-07-17 23:06:51.473
BTC,SELL,0.0008,10013813.000,2024-07-17 23:07:08.737
BTC,SELL,0.0005,10013258.000,2024-07-17 23:07:08.737
BTC,SELL,0.0001,10013258.000,2024-07-17 23:10:02.153
BTC,SELL,0.0004,10013258.000,2024-07-17 23:10:40.834
BTC,SELL,0.0004,10011451.000,2024-07-17 23:10:40.834
BTC,BUY,0.0005,10013766.000,2024-07-17 23:11:04.467
BTC,BUY,0.0005,10015360.000,2024-07-17 23:11:41.324
BTC,SELL,0.0002,10015359.000,2024-07-17 23:11:44.961
BTC,SELL,0.0060,10015038.000,2024-07-17 23:11:44.961
BTC,SELL,0.0002,10012675.000,2024-07-17 23:12:12.926
BTC,BUY,0.0001,10013289.000,2024-07-17 23:12:49.426
BTC,BUY,0.0010,10013289.000,2024-07-17 23:12:59.874
BTC,BUY,0.0001,10016470.000,2024-07-17 23:13:28.221
BTC,BUY,0.0100,10020001.000,2024-07-17 23:14:58.275
BTC,BUY,0.0005,10021240.000,2024-07-17 23:15:55.493
BTC,SELL,0.0001,10021769.000,2024-07-17 23:16:12.137
BTC,SELL,0.0003,10021769.000,2024-07-17 23:16:12.709
BTC,SELL,0.0046,10021769.000,2024-07-17 23:16:15.343
BTC,SELL,0.0054,10021769.000,2024-07-17 23:16:15.343
BTC,SELL,0.0002,10024094.000,2024-07-17 23:16:30.064
BTC,BUY,0.0010,10024950.000,2024-07-17 23:17:27.483
BTC,BUY,0.0003,10022550.000,2024-07-17 23:17:44.287
BTC,BUY,0.0005,10020059.000,2024-07-17 23:18:11.082
BTC,SELL,0.0041,10020050.000,2024-07-17 23:18:33.834
BTC,BUY,0.0001,10021770.000,2024-07-17 23:18:45.144
BTC,BUY,0.0100,10020549.000,2024-07-17 23:19:20.151
BTC,BUY,0.0200,10020549.000,2024-07-17 23:19:20.339
BTC,BUY,0.0200,10022706.000,2024-07-17 23:19:24.764
BTC,BUY,0.0001,10025214.000,2024-07-17 23:20:01.250
BTC,BUY,0.0001,10025869.000,2024-07-17 23:21:01.221
BTC,BUY,0.0049,10026000.000,2024-07-17 23:21:01.221
BTC,SELL,0.0325,10020005.000,2024-07-17 23:21:46.509
BTC,SELL,0.0100,10026999.000,2024-07-17 23:25:14.935
BTC,SELL,0.0135,10025830.000,2024-07-17 23:25:14.935
BTC,BUY,0.0001,10025889.000,2024-07-17 23:25:16.780
BTC,BUY,0.0002,10027000.000,2024-07-17 23:25:31.520
BTC,BUY,0.0010,10027000.000,2024-07-17 23:27:21.515
BTC,BUY,0.0002,10027000.000,2024-07-17 23:27:21.674
BTC,BUY,0.0018,10031053.000,2024-07-17 23:27:21.674
BTC,SELL,0.0008,10028917.000,2024-07-17 23:27:30.566
BTC,SELL,0.0008,10028442.000,2024-07-17 23:27:47.971
BTC,SELL,0.0001,10029586.000,2024-07-17 23:28:08.831
BTC,BUY,0.0003,10026601.000,2024-07-17 23:29:15.612
BTC,SELL,0.0001,10026600.000,2024-07-17 23:29:53.233
BTC,SELL,0.0004,10026600.000,2024-07-17 23:30:11.820
BTC,SELL,0.0016,10026600.000,2024-07-17 23:30:11.820
BTC,BUY,0.0001,10028370.000,2024-07-17 23:30:20.920
BTC,SELL,0.0001,10031707.000,2024-07-17 23:30:48.873
BTC,SELL,0.0001,10031707.000,2024-07-17 23:30:50.362
BTC,SELL,0.0001,10031707.000,2024-07-17 23:30:57.295
BTC,SELL,0.0001,10031707.000,2024-07-17 23:31:12.804
BTC,BUY,0.0002,10032029.000,2024-07-17 23:31:29.335
BTC,SELL,0.0001,10035251.000,2024-07-17 23:31:43.991
BTC,BUY,0.0001,10035252.000,2024-07-17 23:31:53.065
BTC,SELL,0.0001,10035251.000,2024-07-17 23:32:03.636
BTC,SELL,0.0001,10035251.000,2024-07-17 23:32:13.722
BTC,BUY,0.0002,10035252.000,2024-07-17 23:32:14.398
BTC,SELL,0.0001,10035000.000,2024-07-17 23:32:32.133
BTC,SELL,0.0001,10035000.000,2024-07-17 23:32:44.434
BTC,BUY,0.0200,10033252.000,2024-07-17 23:33:05.515
BTC,SELL,0.0001,10030043.000,2024-07-17 23:33:09.838
BTC,SELL,0.0010,10026291.000,2024-07-17 23:34:37.304
BTC,BUY,0.0002,10022330.000,2024-07-17 23:35:06.956
BTC,SELL,0.0067,10025301.000,2024-07-17 23:35:47.017
BTC,BUY,0.0001,10022398.000,2024-07-17 23:36:01.407
BTC,BUY,0.0099,10022500.000,2024-07-17 23:36:01.407
BTC,BUY,0.0001,10022500.000,2024-07-17 23:36:28.282
BTC,SELL,0.0021,10020286.000,2024-07-17 23:38:17.408
BTC,SELL,0.0003,10020000.000,2024-07-17 23:38:17.408
BTC,SELL,0.0076,10020000.000,2024-07-17 23:38:17.408
BTC,SELL,0.0024,10020000.000,2024-07-17 23:38:28.212
BTC,SELL,0.0026,10020000.000,2024-07-17 23:38:28.212
BTC,SELL,0.0007,10020000.000,2024-07-17 23:38:33.238
BTC,SELL,0.0017,10020000.000,2024-07-17 23:38:34.130
BTC,SELL,0.0033,10020000.000,2024-07-17 23:38:34.130
BTC,SELL,0.0017,10020000.000,2024-07-17 23:38:34.456
BTC,SELL,0.0002,10020000.000,2024-07-17 23:38:34.456
BTC,SELL,0.0041,10017000.000,2024-07-17 23:38:34.456
BTC,BUY,0.0035,10017001.000,2024-07-17 23:38:39.813
BTC,BUY,0.0004,10017001.000,2024-07-17 23:39:08.815
BTC,BUY,0.0004,10017001.000,2024-07-17 23:39:23.687
BTC,BUY,0.0010,10017001.000,2024-07-17 23:39:47.352
BTC,BUY,0.0057,10017001.000,2024-07-17 23:40:21.892
BTC,BUY,0.0014,10017001.000,2024-07-17 23:40:21.892
BTC,BUY,0.0001,10017001.000,2024-07-17 23:40:41.048
BTC,BUY,0.0200,10017001.000,2024-07-17 23:40:47.230
BTC,SELL,0.0009,10017000.000,2024-07-17 23:41:07.194
BTC,SELL,0.0029,10017000.000,2024-07-17 23:41:07.194
BTC,BUY,0.0043,10011999.000,2024-07-17 23:41:35.341
BTC,BUY,0.0957,10012050.000,2024-07-17 23:41:35.341
BTC,SELL,0.0002,10010028.000,2024-07-17 23:42:15.076
BTC,SELL,0.0018,10010028.000,2024-07-17 23:42:54.319
BTC,SELL,0.0010,10010028.000,2024-07-17 23:42:54.319
BTC,SELL,0.0004,10010000.000,2024-07-17 23:42:58.272
BTC,SELL,0.0001,10010000.000,2024-07-17 23:42:58.272
BTC,SELL,0.0003,10010000.000,2024-07-17 23:42:58.272
BTC,SELL,0.0010,10010000.000,2024-07-17 23:42:58.272
BTC,SELL,0.0002,10010000.000,2024-07-17 23:42:58.272
BTC,SELL,0.0001,10010000.000,2024-07-17 23:42:58.272
BTC,SELL,0.0029,10010000.000,2024-07-17 23:42:58.272
BTC,SELL,0.0050,10010000.000,2024-07-17 23:43:14.421
BTC,SELL,0.0021,10010000.000,2024-07-17 23:43:45.924
BTC,SELL,0.0002,10010000.000,2024-07-17 23:43:45.924
BTC,SELL,0.0001,10009900.000,2024-07-17 23:43:45.924
BTC,SELL,0.0010,10008000.000,2024-07-17 23:43:45.924
BTC,SELL,0.0001,10006298.000,2024-07-17 23:43:45.924
BTC,SELL,0.0100,10004088.000,2024-07-17 23:43:45.924
BTC,SELL,0.0365,10001704.000,2024-07-17 23:43:45.924
BTC,SELL,0.0060,10001704.000,2024-07-17 23:43:45.998
BTC,SELL,0.0140,10001265.000,2024-07-17 23:43:45.998
BTC,SELL,0.0145,10002336.000,2024-07-17 23:44:30.368
BTC,BUY,0.0001,10003100.000,2024-07-17 23:44:43.196
BTC,SELL,0.0050,10001000.000,2024-07-17 23:44:44.442
BTC,SELL,0.0020,10001000.000,2024-07-17 23:44:44.442
BTC,SELL,0.0030,10000675.000,2024-07-17 23:44:44.442
BTC,BUY,0.0004,10001022.000,2024-07-17 23:44:48.620
BTC,BUY,0.0096,10001122.000,2024-07-17 23:44:48.620
BTC,SELL,0.0100,10000500.000,2024-07-17 23:45:28.408
BTC,SELL,0.0010,10000194.000,2024-07-17 23:45:29.259
BTC,SELL,0.0001,10000008.000,2024-07-17 23:45:29.259
BTC,SELL,0.0001,10000002.000,2024-07-17 23:45:29.259
BTC,SELL,0.0088,10000001.000,2024-07-17 23:45:29.259
BTC,SELL,0.0001,10000001.000,2024-07-17 23:45:35.731
BTC,SELL,0.0035,10000001.000,2024-07-17 23:45:38.979
BTC,SELL,0.0076,10000001.000,2024-07-17 23:45:57.301
BTC,SELL,0.0003,10000001.000,2024-07-17 23:45:57.301
BTC,SELL,0.0002,10000001.000,2024-07-17 23:45:57.301
BTC,SELL,0.0010,10000000.000,2024-07-17 23:45:57.301
BTC,SELL,0.0009,10000000.000,2024-07-17 23:45:57.301
BTC,SELL,0.0991,10000000.000,2024-07-17 23:45:57.371
BTC,SELL,0.0001,10000000.000,2024-07-17 23:45:57.371
BTC,SELL,0.0005,10000000.000,2024-07-17 23:45:57.371
BTC,SELL,0.0100,10000000.000,2024-07-17 23:45:57.371
BTC,SELL,0.0020,10000000.000,2024-07-17 23:45:57.371
BTC,SELL,0.0500,10000000.000,2024-07-17 23:45:57.371
BTC,SELL,0.0010,10000000.000,2024-07-17 23:45:57.371
BTC,SELL,0.0001,10000000.000,2024-07-17 23:45:57.371
BTC,SELL,0.0100,10000000.000,2024-07-17 23:45:57.371
BTC,SELL,0.0001,10000000.000,2024-07-17 23:45:57.371
BTC,SELL,0.0100,10000000.000,2024-07-17 23:45:57.371
BTC,SELL,0.0050,10000000.000,2024-07-17 23:45:57.371
BTC,SELL,0.0005,10000000.000,2024-07-17 23:45:57.371
BTC,SELL,0.0001,10000000.000,2024-07-17 23:45:57.371
BTC,SELL,0.0004,10000000.000,2024-07-17 23:45:57.371
BTC,SELL,0.0002,10000000.000,2024-07-17 23:45:57.371
BTC,SELL,0.0001,10000000.000,2024-07-17 23:45:57.371
BTC,SELL,0.0002,10000000.000,2024-07-17 23:45:57.371
BTC,SELL,0.0010,10000000.000,2024-07-17 23:45:57.371
BTC,SELL,0.0050,10000000.000,2024-07-17 23:45:57.371
BTC,SELL,0.0033,10000000.000,2024-07-17 23:45:57.371
BTC,SELL,0.0100,10000000.000,2024-07-17 23:45:57.371
BTC,SELL,0.0050,10000000.000,2024-07-17 23:45:57.371
BTC,SELL,0.0010,10000000.000,2024-07-17 23:45:57.371
BTC,SELL,0.0010,10000000.000,2024-07-17 23:45:57.371
BTC,SELL,0.0100,10000000.000,2024-07-17 23:45:57.371
BTC,SELL,0.0017,10000000.000,2024-07-17 23:45:57.371
BTC,SELL,0.0050,10000000.000,2024-07-17 23:45:57.371
BTC,SELL,0.0010,10000000.000,2024-07-17 23:45:57.371
BTC,SELL,0.0500,10000000.000,2024-07-17 23:45:57.371
BTC,SELL,0.0001,10000000.000,2024-07-17 23:45:57.371
BTC,SELL,0.0002,10000000.000,2024-07-17 23:45:57.371
BTC,SELL,0.0050,10000000.000,2024-07-17 23:45:57.371
BTC,SELL,0.0015,10000000.000,2024-07-17 23:45:57.371
BTC,SELL,0.0001,10000000.000,2024-07-17 23:45:57.371
BTC,SELL,0.0010,10000000.000,2024-07-17 23:45:57.371
BTC,SELL,0.0010,10000000.000,2024-07-17 23:45:57.371
BTC,SELL,0.0001,10000000.000,2024-07-17 23:45:57.371
BTC,SELL,0.0076,10000000.000,2024-07-17 23:45:57.371
BTC,SELL,0.0154,10000000.000,2024-07-17 23:45:57.413
BTC,SELL,0.1000,10000000.000,2024-07-17 23:45:57.413
BTC,SELL,0.0005,10000000.000,2024-07-17 23:45:57.413
BTC,SELL,0.0500,10000000.000,2024-07-17 23:45:57.413
BTC,SELL,0.0200,10000000.000,2024-07-17 23:45:57.413
BTC,SELL,0.0100,10000000.000,2024-07-17 23:45:57.413
BTC,SELL,0.0002,10000000.000,2024-07-17 23:45:57.413
BTC,SELL,0.0200,10000000.000,2024-07-17 23:45:57.413
BTC,SELL,0.0039,10000000.000,2024-07-17 23:45:57.413
BTC,SELL,0.0276,10000000.000,2024-07-17 23:46:07.769
BTC,SELL,0.0010,10000000.000,2024-07-17 23:46:07.769
BTC,SELL,0.0014,10000000.000,2024-07-17 23:46:07.769
BTC,SELL,0.0066,10000000.000,2024-07-17 23:46:31.831
BTC,SELL,0.0010,10000000.000,2024-07-17 23:46:31.831
BTC,SELL,0.0001,10000000.000,2024-07-17 23:46:31.831
BTC,SELL,0.0023,10000000.000,2024-07-17 23:46:31.831
BTC,SELL,0.0027,10000000.000,2024-07-17 23:46:32.193
BTC,SELL,0.0080,10000000.000,2024-07-17 23:46:32.193
BTC,SELL,0.0100,10000000.000,2024-07-17 23:46:32.193
BTC,SELL,0.0001,10000000.000,2024-07-17 23:46:32.193
BTC,SELL,0.0020,10000000.000,2024-07-17 23:46:32.193
BTC,SELL,0.0010,10000000.000,2024-07-17 23:46:32.193
BTC,SELL,0.0162,10000000.000,2024-07-17 23:46:32.193
BTC,SELL,0.0050,10000000.000,2024-07-17 23:46:33.874
BTC,SELL,0.0001,10000000.000,2024-07-17 23:46:34.177
BTC,SELL,0.0050,10000000.000,2024-07-17 23:46:34.394
BTC,SELL,0.0050,10000000.000,2024-07-17 23:46:34.904
BTC,SELL,0.0050,10000000.000,2024-07-17 23:46:52.650
BTC,SELL,0.0002,10000000.000,2024-07-17 23:46:57.037
BTC,SELL,0.0002,10000000.000,2024-07-17 23:46:59.129
BTC,SELL,0.0001,10000000.000,2024-07-17 23:47:01.306
BTC,SELL,0.0050,10000000.000,2024-07-17 23:47:10.379
BTC,SELL,0.0082,10000000.000,2024-07-17 23:47:15.660
BTC,SELL,0.0001,10000000.000,2024-07-17 23:47:15.660
BTC,SELL,0.0001,10000000.000,2024-07-17 23:47:15.660
BTC,SELL,0.0001,10000000.000,2024-07-17 23:47:15.660
BTC,SELL,0.0050,10000000.000,2024-07-17 23:47:15.660
BTC,SELL,0.0020,10000000.000,2024-07-17 23:47:15.660
BTC,SELL,0.0100,10000000.000,2024-07-17 23:47:15.660
BTC,SELL,0.0010,10000000.000,2024-07-17 23:47:15.660
BTC,SELL,0.0004,10000000.000,2024-07-17 23:47:15.660
BTC,SELL,0.0001,10000000.000,2024-07-17 23:47:15.660
BTC,SELL,0.0005,10000000.000,2024-07-17 23:47:15.660
BTC,SELL,0.0010,10000000.000,2024-07-17 23:47:15.660
BTC,SELL,0.0050,10000000.000,2024-07-17 23:47:15.660
BTC,SELL,0.0010,10000000.000,2024-07-17 23:47:15.660
BTC,SELL,0.0020,10000000.000,2024-07-17 23:47:15.660
BTC,SELL,0.0001,10000000.000,2024-07-17 23:47:15.660
BTC,SELL,0.0001,10000000.000,2024-07-17 23:47:15.660
BTC,SELL,0.0010,10000000.000,2024-07-17 23:47:15.660
BTC,SELL,0.0020,10000000.000,2024-07-17 23:47:15.660
BTC,SELL,0.0002,10000000.000,2024-07-17 23:47:15.660
BTC,SELL,0.0010,10000000.000,2024-07-17 23:47:15.660
BTC,SELL,0.0010,10000000.000,2024-07-17 23:47:15.660
BTC,SELL,0.0002,10000000.000,2024-07-17 23:47:15.660
BTC,SELL,0.0010,10000000.000,2024-07-17 23:47:15.660
BTC,SELL,0.0010,10000000.000,2024-07-17 23:47:15.660
BTC,SELL,0.0003,10000000.000,2024-07-17 23:47:15.660
BTC,SELL,0.0056,10000000.000,2024-07-17 23:47:15.660
BTC,BUY,0.0010,10000001.000,2024-07-17 23:47:35.433
BTC,SELL,0.0010,10000000.000,2024-07-17 23:48:19.182
BTC,BUY,0.0050,10000001.000,2024-07-17 23:48:23.553
BTC,SELL,0.0050,10000000.000,2024-07-17 23:48:46.946
BTC,SELL,0.0050,10000000.000,2024-07-17 23:48:47.451
BTC,BUY,0.0020,10000001.000,2024-07-17 23:48:48.302
BTC,SELL,0.0050,10000000.000,2024-07-17 23:48:48.443
BTC,SELL,0.0084,10000000.000,2024-07-17 23:48:53.744
BTC,SELL,0.0005,9999999.000,2024-07-17 23:48:58.601
BTC,SELL,0.0095,9999999.000,2024-07-17 23:48:58.683
BTC,SELL,0.0005,9999999.000,2024-07-17 23:48:58.683
BTC,SELL,0.0185,9999999.000,2024-07-17 23:49:03.362
BTC,SELL,0.0070,9999999.000,2024-07-17 23:49:03.362
BTC,SELL,0.0001,9999900.000,2024-07-17 23:49:45.353
BTC,BUY,0.0001,9999901.000,2024-07-17 23:49:45.644
BTC,BUY,0.0021,9999901.000,2024-07-17 23:49:46.737
BTC,SELL,0.0019,9999900.000,2024-07-17 23:49:57.748
BTC,SELL,0.0002,9999779.000,2024-07-17 23:51:50.592
BTC,SELL,0.0011,9999779.000,2024-07-17 23:51:50.592
BTC,SELL,0.0010,9999520.000,2024-07-17 23:51:50.592
BTC,SELL,0.0100,9999500.000,2024-07-17 23:51:50.592
BTC,SELL,0.0003,9999000.000,2024-07-17 23:51:52.645
BTC,SELL,0.0001,9999000.000,2024-07-17 23:51:52.645
BTC,SELL,0.0001,9995682.000,2024-07-17 23:51:52.645
BTC,SELL,0.0010,9995000.000,2024-07-17 23:51:52.645
BTC,SELL,0.0096,9991609.000,2024-07-17 23:51:52.645
BTC,SELL,0.0020,9991356.000,2024-07-17 23:51:52.645
BTC,SELL,0.0369,9990101.000,2024-07-17 23:51:52.645
BTC,BUY,0.0005,9990506.000,2024-07-17 23:52:15.057
BTC,BUY,0.0030,9992620.000,2024-07-17 23:52:54.339
BTC,BUY,0.0045,9992620.000,2024-07-17 23:54:06.887
BTC,BUY,0.0038,9992885.000,2024-07-17 23:54:06.887
BTC,BUY,0.0005,9992885.000,2024-07-17 23:54:08.989
BTC,BUY,0.0002,9993000.000,2024-07-17 23:55:25.534
BTC,SELL,0.0011,9992619.000,2024-07-17 23:55:27.807
BTC,SELL,0.0001,9990031.000,2024-07-17 23:55:27.807
BTC,SELL,0.0004,9990000.000,2024-07-17 23:55:27.807
BTC,SELL,0.0001,9990000.000,2024-07-17 23:55:27.807
BTC,SELL,0.0012,9990000.000,2024-07-17 23:55:27.807
BTC,SELL,0.0488,9990000.000,2024-07-17 23:55:27.882
BTC,SELL,0.0020,9990000.000,2024-07-17 23:55:27.882
BTC,SELL,0.0001,9990000.000,2024-07-17 23:55:27.882
BTC,SELL,0.0001,9990000.000,2024-07-17 23:55:27.882
BTC,SELL,0.0001,9990000.000,2024-07-17 23:55:27.882
BTC,SELL,0.0001,9990000.000,2024-07-17 23:55:27.882
BTC,SELL,0.0001,9990000.000,2024-07-17 23:55:27.882
BTC,SELL,0.0010,9990000.000,2024-07-17 23:55:27.882
BTC,SELL,0.0003,9990000.000,2024-07-17 23:55:27.882
BTC,SELL,0.0001,9990000.000,2024-07-17 23:55:27.882
BTC,SELL,0.0011,9990000.000,2024-07-17 23:55:27.882
BTC,SELL,0.0020,9990000.000,2024-07-17 23:55:27.882
BTC,SELL,0.0100,9990000.000,2024-07-17 23:55:27.882
BTC,SELL,0.0001,9990000.000,2024-07-17 23:55:27.882
BTC,SELL,0.0841,9989988.000,2024-07-17 23:55:27.882
BTC,SELL,0.0030,9992504.000,2024-07-17 23:55:52.882
BTC,BUY,0.0001,9991566.000,2024-07-17 23:56:06.165
BTC,SELL,0.0015,9992651.000,2024-07-17 23:56:10.867
BTC,BUY,0.0070,9992885.000,2024-07-17 23:56:28.928
BTC,BUY,0.3930,9995000.000,2024-07-17 23:56:28.928
BTC,BUY,0.0100,9995000.000,2024-07-17 23:56:29.787
BTC,BUY,0.0060,9995000.000,2024-07-17 23:56:30.020
BTC,BUY,0.0100,9995000.000,2024-07-17 23:56:30.023
BTC,BUY,0.0100,9995000.000,2024-07-17 23:56:33.773
BTC,BUY,0.0498,9995000.000,2024-07-17 23:56:34.122
BTC,BUY,0.0100,9995000.000,2024-07-17 23:56:37.590
BTC,BUY,0.0060,9995000.000,2024-07-17 23:56:38.982
BTC,BUY,0.0050,9995000.000,2024-07-17 23:56:39.108
BTC,BUY,0.0100,9995000.000,2024-07-17 23:56:39.213
BTC,BUY,0.0499,9995000.000,2024-07-17 23:56:39.399
BTC,BUY,0.0050,9995000.000,2024-07-17 23:56:39.514
BTC,BUY,0.0020,9995000.000,2024-07-17 23:56:39.580
BTC,BUY,0.0050,9995000.000,2024-07-17 23:56:47.191
BTC,BUY,0.0008,9995000.000,2024-07-17 23:56:47.195
BTC,BUY,0.0001,9995000.000,2024-07-17 23:56:47.440
BTC,BUY,0.0050,9995000.000,2024-07-17 23:56:48.327
BTC,BUY,0.1000,9995000.000,2024-07-17 23:56:48.331
BTC,BUY,0.0060,9995000.000,2024-07-17 23:56:49.032
BTC,BUY,0.0100,9995000.000,2024-07-17 23:56:49.215
BTC,BUY,0.0499,9995000.000,2024-07-17 23:56:49.244
BTC,BUY,0.0003,9995000.000,2024-07-17 23:56:49.314
BTC,BUY,0.0050,9995000.000,2024-07-17 23:56:49.386
BTC,BUY,0.0050,9995000.000,2024-07-17 23:56:49.805
BTC,BUY,0.0050,9995000.000,2024-07-17 23:56:50.309
BTC,BUY,0.0100,9995000.000,2024-07-17 23:56:50.525
BTC,BUY,0.0260,9995000.000,2024-07-17 23:56:50.526
BTC,BUY,0.0020,9995000.000,2024-07-17 23:56:50.736
BTC,BUY,0.0100,9995000.000,2024-07-17 23:56:50.740
BTC,BUY,0.0066,9995000.000,2024-07-17 23:56:51.514
BTC,BUY,0.0100,9995000.000,2024-07-17 23:56:51.592
BTC,BUY,0.0001,9995000.000,2024-07-17 23:56:51.941
BTC,BUY,0.0010,9995000.000,2024-07-17 23:56:52.520
BTC,BUY,0.0100,9995000.000,2024-07-17 23:56:52.523
BTC,BUY,0.0001,9995000.000,2024-07-17 23:56:53.387
BTC,BUY,0.0100,9995000.000,2024-07-17 23:56:53.420
BTC,BUY,0.0100,9995000.000,2024-07-17 23:56:54.352
BTC,SELL,0.0002,9994849.000,2024-07-17 23:58:11.478
BTC,BUY,0.0035,9991941.000,2024-07-17 23:58:35.361
BTC,BUY,0.0020,9990600.000,2024-07-17 23:59:32.479
BTC,SELL,0.0002,9990000.000,2024-07-17 23:59:40.959
BTC,SELL,0.0003,9989900.000,2024-07-18 00:00:05.554
BTC,SELL,0.0010,9988398.000,2024-07-18 00:00:05.554
BTC,SELL,0.0001,9987215.000,2024-07-18 00:00:05.554
BTC,SELL,0.0035,9985100.000,2024-07-18 00:00:05.554
BTC,SELL,0.0050,9985100.000,2024-07-18 00:00:05.554
BTC,SELL,0.0001,9983456.000,2024-07-18 00:00:05.554
BTC,SELL,0.0080,9987260.000,2024-07-18 00:00:14.117
BTC,BUY,0.0100,9984629.000,2024-07-18 00:00:24.258
BTC,BUY,0.0100,9984629.000,2024-07-18 00:00:25.335
BTC,BUY,0.0005,9988985.000,2024-07-18 00:00:47.002
BTC,SELL,0.1000,9990934.000,2024-07-18 00:00:49.846
BTC,SELL,0.0001,9987160.000,2024-07-18 00:01:46.798
BTC,SELL,0.0254,9985244.000,2024-07-18 00:01:46.798
BTC,BUY,0.0050,9986287.000,2024-07-18 00:02:42.004
BTC,SELL,0.0010,9986999.000,2024-07-18 00:03:05.815
BTC,BUY,0.0031,9987000.000,2024-07-18 00:03:17.000
BTC,BUY,0.0001,9987000.000,2024-07-18 00:03:39.467
BTC,BUY,0.0001,9987000.000,2024-07-18 00:04:01.921
BTC,BUY,0.0100,9987000.000,2024-07-18 00:04:04.493
BTC,BUY,0.0050,9987000.000,2024-07-18 00:04:04.548
BTC,BUY,0.0028,9987000.000,2024-07-18 00:04:04.915
BTC,BUY,0.0020,9987000.000,2024-07-18 00:04:07.949
BTC,BUY,0.0050,9987000.000,2024-07-18 00:04:08.289
BTC,BUY,0.0001,9987000.000,2024-07-18 00:04:14.938
BTC,BUY,0.0049,9987000.000,2024-07-18 00:04:16.347
BTC,BUY,0.0040,9990770.000,2024-07-18 00:04:17.229
BTC,BUY,0.0050,9990770.000,2024-07-18 00:04:17.439
BTC,BUY,0.0009,9990770.000,2024-07-18 00:04:25.928
BTC,BUY,0.0001,9990770.000,2024-07-18 00:04:27.014
BTC,BUY,0.0009,9995926.000,2024-07-18 00:04:27.014
BTC,BUY,0.0001,9995567.000,2024-07-18 00:04:39.139
BTC,BUY,0.0002,9998984.000,2024-07-18 00:04:39.139
BTC,BUY,0.0997,10000000.000,2024-07-18 00:04:39.139
BTC,BUY,0.0005,10000000.000,2024-07-18 00:04:39.244
BTC,BUY,0.0030,10000000.000,2024-07-18 00:04:58.961
BTC,SELL,0.0005,9996100.000,2024-07-18 00:05:08.985
BTC,BUY,0.0003,10000000.000,2024-07-18 00:05:16.886
BTC,SELL,0.0010,9997300.000,2024-07-18 00:05:44.555
BTC,SELL,0.0002,9999000.000,2024-07-18 00:06:23.465
BTC,SELL,0.0027,9993301.000,2024-07-18 00:06:54.485
BTC,SELL,0.0038,9985300.000,2024-07-18 00:07:26.299
BTC,SELL,0.0005,9985252.000,2024-07-18 00:07:26.299
BTC,SELL,0.0021,9985000.000,2024-07-18 00:07:26.299
BTC,SELL,0.0002,9985000.000,2024-07-18 00:07:26.299
BTC,SELL,0.0155,9983587.000,2024-07-18 00:07:26.299
BTC,SELL,0.0010,9983000.000,2024-07-18 00:07:26.299
BTC,SELL,0.0049,9982329.000,2024-07-18 00:07:26.299
BTC,BUY,0.0015,9982500.000,2024-07-18 00:08:15.186
BTC,BUY,0.0097,9980566.000,2024-07-18 00:08:30.255
BTC,BUY,0.0020,9980242.000,2024-07-18 00:09:19.679
BTC,SELL,0.0004,9980241.000,2024-07-18 00:09:49.459
BTC,BUY,0.0002,9980170.000,2024-07-18 00:09:56.082
BTC,BUY,0.0001,9980607.000,2024-07-18 00:10:06.873
BTC,BUY,0.0001,9980722.000,2024-07-18 00:10:09.634
BTC,BUY,0.0200,9983202.000,2024-07-18 00:10:58.842
BTC,SELL,0.0010,9980026.000,2024-07-18 00:11:16.603
BTC,SELL,0.0004,9980000.000,2024-07-18 00:11:16.603
BTC,SELL,0.0001,9980000.000,2024-07-18 00:11:16.603
BTC,SELL,0.0009,9980000.000,2024-07-18 00:11:16.603
BTC,SELL,0.0001,9980000.000,2024-07-18 00:11:16.603
BTC,SELL,0.0001,9980000.000,2024-07-18 00:11:16.603
BTC,SELL,0.0100,9980000.000,2024-07-18 00:11:16.603
BTC,SELL,0.0050,9980000.000,2024-07-18 00:11:16.603
BTC,SELL,0.0001,9980000.000,2024-07-18 00:11:16.603
BTC,SELL,0.0001,9980000.000,2024-07-18 00:11:16.603
BTC,SELL,0.0002,9980000.000,2024-07-18 00:11:16.603
BTC,SELL,0.2000,9980000.000,2024-07-18 00:11:16.603
BTC,SELL,0.0011,9980000.000,2024-07-18 00:11:16.603
BTC,SELL,0.0009,9980000.000,2024-07-18 00:11:16.603
BTC,SELL,0.0001,9980000.000,2024-07-18 00:11:20.471
BTC,SELL,0.0004,9980000.000,2024-07-18 00:11:25.979
BTC,BUY,0.0001,9980001.000,2024-07-18 00:11:34.547
BTC,BUY,0.0001,9980001.000,2024-07-18 00:11:34.547
BTC,SELL,0.0026,9980000.000,2024-07-18 00:11:48.652
BTC,SELL,0.0030,9980000.000,2024-07-18 00:11:48.652
BTC,SELL,0.0002,9980000.000,2024-07-18 00:11:48.652
BTC,SELL,0.0002,9980000.000,2024-07-18 00:11:48.652
BTC,SELL,0.0026,9978149.000,2024-07-18 00:11:48.652
BTC,SELL,0.0006,9978000.000,2024-07-18 00:11:48.652
BTC,SELL,0.0008,9977276.000,2024-07-18 00:11:48.652
BTC,SELL,0.0002,9977276.000,2024-07-18 00:11:49.228
BTC,BUY,0.0050,9977001.000,2024-07-18 00:12:02.905
BTC,SELL,0.0010,9977000.000,2024-07-18 00:12:15.779
BTC,SELL,0.0090,9975400.000,2024-07-18 00:12:15.779
BTC,SELL,0.0010,9975400.000,2024-07-18 00:12:42.934
BTC,SELL,0.0028,9975400.000,2024-07-18 00:12:42.934
BTC,SELL,0.0664,9973263.000,2024-07-18 00:12:42.934
BTC,SELL,0.0010,9973940.000,2024-07-18 00:12:50.834
BTC,BUY,0.0090,9972397.000,2024-07-18 00:13:00.143
BTC,SELL,0.1000,9972395.000,2024-07-18 00:13:01.696
BTC,BUY,0.0100,9972397.000,2024-07-18 00:13:01.700
BTC,SELL,0.0018,9972395.000,2024-07-18 00:13:02.563
BTC,SELL,0.0005,9971999.000,2024-07-18 00:13:02.563
BTC,SELL,0.0020,9971800.000,2024-07-18 00:13:02.563
BTC,SELL,0.0007,9971128.000,2024-07-18 00:13:02.563
BTC,SELL,0.0100,9971128.000,2024-07-18 00:13:02.709
BTC,SELL,0.0010,9971128.000,2024-07-18 00:13:03.390
BTC,SELL,0.0003,9971128.000,2024-07-18 00:13:03.927
BTC,SELL,0.0010,9971000.000,2024-07-18 00:13:08.924
BTC,SELL,0.0004,9970000.000,2024-07-18 00:13:08.924
BTC,SELL,0.0001,9970000.000,2024-07-18 00:13:08.924
BTC,SELL,0.0001,9970000.000,2024-07-18 00:13:08.924
BTC,SELL,0.0001,9970000.000,2024-07-18 00:13:08.924
BTC,SELL,0.0001,9970000.000,2024-07-18 00:13:08.924
BTC,SELL,0.0001,9970000.000,2024-07-18 00:13:08.924
BTC,SELL,0.0002,9970000.000,2024-07-18 00:13:08.924
BTC,SELL,0.0011,9970000.000,2024-07-18 00:13:08.924
BTC,SELL,0.0050,9970000.000,2024-07-18 00:13:08.924
BTC,SELL,0.0018,9970000.000,2024-07-18 00:13:08.924
BTC,SELL,0.0001,9970000.000,2024-07-18 00:13:14.967
BTC,SELL,0.0031,9970000.000,2024-07-18 00:13:21.716
BTC,SELL,0.0002,9970000.000,2024-07-18 00:13:21.716
BTC,SELL,0.0010,9966154.000,2024-07-18 00:13:21.716
BTC,SELL,0.1000,9966077.000,2024-07-18 00:13:21.716
BTC,SELL,0.0003,9965400.000,2024-07-18 00:13:21.716
BTC,SELL,0.0040,9961000.000,2024-07-18 00:13:21.716
BTC,SELL,0.0010,9960005.000,2024-07-18 00:13:21.716
BTC,SELL,0.0004,9960000.000,2024-07-18 00:13:21.716
BTC,SELL,0.0001,9960000.000,2024-07-18 00:13:21.716
BTC,SELL,0.0100,9960000.000,2024-07-18 00:13:21.716
BTC,SELL,0.0020,9960000.000,2024-07-18 00:13:21.716
BTC,SELL,0.0001,9960000.000,2024-07-18 00:13:21.716
BTC,SELL,0.0100,9960000.000,2024-07-18 00:13:21.716
BTC,SELL,0.0001,9960000.000,2024-07-18 00:13:21.716
BTC,SELL,0.0002,9960000.000,2024-07-18 00:13:21.716
BTC,SELL,0.0001,9960000.000,2024-07-18 00:13:21.716
BTC,SELL,0.0011,9960000.000,2024-07-18 00:13:21.716
BTC,SELL,0.0010,9955032.000,2024-07-18 00:13:21.716
BTC,SELL,0.0502,9952870.000,2024-07-18 00:13:21.716
BTC,SELL,0.0125,9952306.000,2024-07-18 00:13:21.716
BTC,SELL,0.3026,9951810.000,2024-07-18 00:13:21.716
BTC,SELL,0.0500,9951810.000,2024-07-18 00:13:21.810
BTC,BUY,0.0052,9965363.000,2024-07-18 00:13:24.244
BTC,BUY,0.0010,9965405.000,2024-07-18 00:13:47.585
BTC,SELL,0.0200,9966421.000,2024-07-18 00:13:51.171
BTC,BUY,0.0021,9963191.000,2024-07-18 00:14:36.136
BTC,BUY,0.0035,9963191.000,2024-07-18 00:14:37.291
BTC,SELL,0.0002,9960000.000,2024-07-18 00:15:01.018
BTC,BUY,0.0020,9958415.000,2024-07-18 00:15:03.493
BTC,BUY,0.0100,9958601.000,2024-07-18 00:15:15.781
BTC,SELL,0.0004,9958600.000,2024-07-18 00:15:16.495
BTC,SELL,0.0022,9958726.000,2024-07-18 00:15:17.217
BTC,SELL,0.0017,9958600.000,2024-07-18 00:15:17.217
BTC,SELL,0.0002,9955000.000,2024-07-18 00:15:17.217
BTC,SELL,0.0044,9953809.000,2024-07-18 00:15:17.217
BTC,BUY,0.0021,9954766.000,2024-07-18 00:15:21.091
BTC,BUY,0.0009,9954766.000,2024-07-18 00:15:22.713
BTC,SELL,0.0100,9957396.000,2024-07-18 00:15:38.890
BTC,SELL,0.0100,9955807.000,2024-07-18 00:15:38.890
BTC,SELL,0.0010,9955075.000,2024-07-18 00:15:38.890
BTC,SELL,0.0290,9950194.000,2024-07-18 00:15:38.890
BTC,SELL,0.0019,9950194.000,2024-07-18 00:15:39.007
BTC,SELL,0.0200,9955808.000,2024-07-18 00:15:39.625
BTC,SELL,0.0125,9950080.000,2024-07-18 00:15:39.625
BTC,SELL,0.0100,9950000.000,2024-07-18 00:15:39.625
BTC,SELL,0.0001,9950000.000,2024-07-18 00:15:39.625
BTC,SELL,0.0004,9950000.000,2024-07-18 00:15:39.625
BTC,SELL,0.0001,9950000.000,2024-07-18 00:15:39.625
BTC,SELL,0.0001,9950000.000,2024-07-18 00:15:39.625
BTC,SELL,0.0300,9950000.000,2024-07-18 00:15:39.625
BTC,SELL,0.0020,9950000.000,2024-07-18 00:15:39.625
BTC,SELL,0.0500,9950000.000,2024-07-18 00:15:39.625
BTC,SELL,0.0100,9950000.000,2024-07-18 00:15:39.625
BTC,SELL,0.0480,9950000.000,2024-07-18 00:15:39.625
BTC,SELL,0.0001,9950000.000,2024-07-18 00:15:39.625
BTC,SELL,0.0050,9950000.000,2024-07-18 00:15:39.625
BTC,SELL,0.0020,9950000.000,2024-07-18 00:15:39.625
BTC,SELL,0.0003,9950000.000,2024-07-18 00:15:39.625
BTC,SELL,0.0001,9950000.000,2024-07-18 00:15:39.625
BTC,SELL,0.0010,9950000.000,2024-07-18 00:15:39.625
BTC,SELL,0.0100,9950000.000,2024-07-18 00:15:39.625
BTC,SELL,0.0001,9950000.000,2024-07-18 00:15:39.625
BTC,SELL,0.0100,9950000.000,2024-07-18 00:15:39.625
BTC,SELL,0.0004,9950000.000,2024-07-18 00:15:39.625
BTC,SELL,0.0002,9950000.000,2024-07-18 00:15:39.625
BTC,SELL,0.0001,9950000.000,2024-07-18 00:15:39.625
BTC,SELL,0.0001,9950000.000,2024-07-18 00:15:39.625
BTC,SELL,0.0324,9950000.000,2024-07-18 00:15:39.625
BTC,SELL,0.0011,9950000.000,2024-07-18 00:15:39.625
BTC,SELL,0.0500,9950000.000,2024-07-18 00:15:39.625
BTC,SELL,0.0001,9950000.000,2024-07-18 00:15:39.625
BTC,SELL,0.0001,9950000.000,2024-07-18 00:15:39.625
BTC,BUY,0.0011,9950000.000,2024-07-18 00:15:40.233
BTC,BUY,0.3502,9950000.000,2024-07-18 00:15:40.359
BTC,BUY,0.0080,9950000.000,2024-07-18 00:15:40.661
BTC,BUY,0.0100,9950000.000,2024-07-18 00:15:41.726
BTC,BUY,0.0050,9950000.000,2024-07-18 00:15:42.189
BTC,BUY,0.0074,9950000.000,2024-07-18 00:15:42.193
BTC,BUY,0.0009,9950000.000,2024-07-18 00:15:42.654
BTC,BUY,0.0050,9950000.000,2024-07-18 00:15:42.688
BTC,BUY,0.0080,9950000.000,2024-07-18 00:15:42.829
BTC,BUY,0.0025,9950000.000,2024-07-18 00:15:43.348
BTC,BUY,0.0200,9950000.000,2024-07-18 00:15:43.503
BTC,BUY,0.0050,9950000.000,2024-07-18 00:15:43.681
BTC,BUY,0.0080,9950000.000,2024-07-18 00:15:44.218
BTC,BUY,0.0100,9950000.000,2024-07-18 00:15:44.291
BTC,BUY,0.0200,9950000.000,2024-07-18 00:15:44.501
BTC,BUY,0.0014,9950000.000,2024-07-18 00:15:44.666
BTC,BUY,0.0050,9950000.000,2024-07-18 00:15:44.713
BTC,BUY,0.0200,9950000.000,2024-07-18 00:15:45.602
BTC,BUY,0.0097,9950000.000,2024-07-18 00:15:46.272
BTC,BUY,0.0004,9950000.000,2024-07-18 00:15:46.322
BTC,BUY,0.0061,9950000.000,2024-07-18 00:15:46.720
BTC,BUY,0.0039,9959230.000,2024-07-18 00:15:46.720
BTC,BUY,0.0026,9967600.000,2024-07-18 00:15:51.479
BTC,BUY,0.0136,9967658.000,2024-07-18 00:15:51.479
BTC,SELL,0.0200,9970845.000,2024-07-18 00:16:04.930
BTC,SELL,0.0010,9966874.000,2024-07-18 00:16:17.328
BTC,SELL,0.0200,9977503.000,2024-07-18 00:16:42.255
BTC,SELL,0.0800,9977503.000,2024-07-18 00:16:42.338
BTC,BUY,0.0001,9977475.000,2024-07-18 00:16:43.113
BTC,SELL,0.0004,9974231.000,2024-07-18 00:17:03.957
BTC,SELL,0.0100,9974231.000,2024-07-18 00:17:04.550
BTC,SELL,0.0100,9971675.000,2024-07-18 00:17:05.594
BTC,SELL,0.0031,9970218.000,2024-07-18 00:17:09.494
BTC,BUY,0.0001,9970415.000,2024-07-18 00:17:25.948
BTC,BUY,0.0001,9967389.000,2024-07-18 00:17:37.262
BTC,BUY,0.0002,9965000.000,2024-07-18 00:18:05.823
BTC,BUY,0.0002,9968720.000,2024-07-18 00:18:05.823
BTC,SELL,0.0100,9957939.000,2024-07-18 00:18:23.238
BTC,SELL,0.0036,9957939.000,2024-07-18 00:18:23.312
BTC,SELL,0.0020,9955000.000,2024-07-18 00:18:23.312
BTC,SELL,0.0002,9955000.000,2024-07-18 00:18:23.312
BTC,SELL,0.0400,9954991.000,2024-07-18 00:18:23.312
BTC,SELL,0.3131,9954990.000,2024-07-18 00:18:23.312
BTC,SELL,0.0079,9954980.000,2024-07-18 00:18:23.312
BTC,SELL,0.2786,9954460.000,2024-07-18 00:18:23.312
BTC,BUY,0.0007,9965330.000,2024-07-18 00:18:24.170
BTC,SELL,0.0170,9962839.000,2024-07-18 00:18:57.064
BTC,SELL,0.2000,9960820.000,2024-07-18 00:19:25.396
BTC,BUY,0.0010,9959889.000,2024-07-18 00:24:57.539
BTC,BUY,0.0003,9961517.000,2024-07-18 00:25:17.057
BTC,SELL,0.0020,9952340.000,2024-07-18 00:25:17.840
BTC,BUY,0.0009,9960749.000,2024-07-18 00:25:38.976
BTC,BUY,0.0020,9964999.000,2024-07-18 00:26:29.384
BTC,BUY,0.0010,9964999.000,2024-07-18 00:26:37.254
BTC,BUY,0.0002,9965000.000,2024-07-18 00:26:46.769
BTC,BUY,0.0003,9966927.000,2024-07-18 00:26:46.769
BTC,BUY,0.0020,9972533.000,2024-07-18 00:27:13.203
BTC,BUY,0.0002,9975000.000,2024-07-18 00:28:03.722
BTC,BUY,0.0098,9975999.000,2024-07-18 00:28:03.722
BTC,BUY,0.0038,9975999.000,2024-07-18 00:28:15.699
BTC,BUY,0.0962,9976000.000,2024-07-18 00:28:15.699
BTC,BUY,0.0050,9976000.000,2024-07-18 00:28:21.946
BTC,SELL,0.0020,9975999.000,2024-07-18 00:28:30.993
BTC,SELL,0.0020,9975999.000,2024-07-18 00:28:31.076
BTC,SELL,0.0020,9971435.000,2024-07-18 00:28:31.076
BTC,SELL,0.0001,9971430.000,2024-07-18 00:28:31.076
BTC,SELL,0.0035,9969831.000,2024-07-18 00:29:01.758
BTC,SELL,0.0050,9968771.000,2024-07-18 00:29:01.758
BTC,SELL,0.0074,9968240.000,2024-07-18 00:29:01.758
BTC,SELL,0.0006,9965590.000,2024-07-18 00:29:08.258
BTC,SELL,0.1000,9974375.000,2024-07-18 00:29:12.372
BTC,SELL,0.1000,9972036.000,2024-07-18 00:29:21.580
BTC,SELL,0.0100,9970000.000,2024-07-18 00:29:24.972
BTC,BUY,0.0005,9971585.000,2024-07-18 00:29:26.797
BTC,SELL,0.0005,9960821.000,2024-07-18 00:29:30.512
BTC,SELL,0.0051,9960820.000,2024-07-18 00:29:30.512
BTC,SELL,0.0005,9960881.000,2024-07-18 00:30:03.122
BTC,BUY,0.0025,9970000.000,2024-07-18 00:30:16.202
BTC,BUY,0.0200,9970000.000,2024-07-18 00:30:17.510
BTC,BUY,0.0075,9970000.000,2024-07-18 00:30:17.551
BTC,BUY,0.0025,9976000.000,2024-07-18 00:30:23.603
BTC,BUY,0.0006,9976000.000,2024-07-18 00:30:40.528
BTC,BUY,0.0006,9976000.000,2024-07-18 00:30:45.174
BTC,BUY,0.1900,9976000.000,2024-07-18 00:30:45.229
BTC,BUY,0.0051,9976000.000,2024-07-18 00:30:45.544
BTC,BUY,0.0002,9976956.000,2024-07-18 00:30:46.186
BTC,BUY,0.0011,9980000.000,2024-07-18 00:30:55.697
BTC,BUY,0.0002,9985000.000,2024-07-18 00:30:55.697
BTC,BUY,0.0011,9990000.000,2024-07-18 00:30:55.697
BTC,BUY,0.0004,9990000.000,2024-07-18 00:30:55.697
BTC,BUY,0.0072,9990073.000,2024-07-18 00:30:55.697
BTC,BUY,0.0010,9994123.000,2024-07-18 00:31:22.581
BTC,BUY,0.0026,9991235.000,2024-07-18 00:31:33.936
BTC,BUY,0.0001,9990037.000,2024-07-18 00:31:42.897
BTC,BUY,0.0001,9991138.000,2024-07-18 00:31:50.891
BTC,BUY,0.0001,9992375.000,2024-07-18 00:31:54.805
BTC,BUY,0.0001,9992297.000,2024-07-18 00:31:57.436
BTC,BUY,0.0003,9995854.000,2024-07-18 00:33:07.658
BTC,BUY,0.0046,9995801.000,2024-07-18 00:33:26.043
BTC,BUY,0.0965,10000000.000,2024-07-18 00:33:26.043
BTC,BUY,0.0004,10000000.000,2024-07-18 00:33:26.043
BTC,BUY,0.0011,10000000.000,2024-07-18 00:33:26.043
BTC,BUY,0.0004,10000000.000,2024-07-18 00:33:26.043
BTC,BUY,0.0001,10000001.000,2024-07-18 00:33:42.338
BTC,BUY,0.0001,10000001.000,2024-07-18 00:33:48.556
BTC,BUY,0.0501,10000001.000,2024-07-18 00:33:56.028
BTC,BUY,0.0002,10000001.000,2024-07-18 00:33:56.028
BTC,SELL,0.0180,10000001.000,2024-07-18 00:33:57.943
BTC,BUY,0.0001,10000002.000,2024-07-18 00:33:58.439
BTC,BUY,0.0001,10000002.000,2024-07-18 00:34:01.001
BTC,BUY,0.0002,10001975.000,2024-07-18 00:34:41.983
BTC,BUY,0.0002,10003220.000,2024-07-18 00:34:47.467
BTC,BUY,0.0002,10003220.000,2024-07-18 00:35:13.788
BTC,SELL,0.0100,10002160.000,2024-07-18 00:35:15.706
BTC,BUY,0.0001,10003220.000,2024-07-18 00:35:49.663
BTC,BUY,0.0002,10006100.000,2024-07-18 00:35:49.663
BTC,BUY,0.0011,10010000.000,2024-07-18 00:36:31.289
BTC,BUY,0.0004,10010000.000,2024-07-18 00:36:31.289
BTC,BUY,0.0002,10010000.000,2024-07-18 00:36:31.289
BTC,BUY,0.0063,10010976.000,2024-07-18 00:36:31.289
BTC,BUY,0.0001,10011899.000,2024-07-18 00:36:58.640
BTC,BUY,0.0001,10012002.000,2024-07-18 00:37:05.118
BTC,BUY,0.0009,10012108.000,2024-07-18 00:37:05.118
BTC,BUY,0.0005,10012002.000,2024-07-18 00:37:05.781
BTC,BUY,0.0002,10014330.000,2024-07-18 00:37:18.830
BTC,SELL,0.1000,10013193.000,2024-07-18 00:37:24.620
BTC,SELL,0.0100,10012002.000,2024-07-18 00:37:28.015
BTC,SELL,0.1000,10011912.000,2024-07-18 00:37:30.413
BTC,SELL,0.1000,10011489.000,2024-07-18 00:37:33.596
BTC,SELL,0.0200,10010504.000,2024-07-18 00:37:38.712
BTC,BUY,0.0002,10010505.000,2024-07-18 00:37:40.993
BTC,BUY,0.0002,10015000.000,2024-07-18 00:38:46.460
BTC,BUY,0.0001,10017001.000,2024-07-18 00:39:23.251
BTC,BUY,0.0005,10017001.000,2024-07-18 00:39:38.269
BTC,BUY,0.0011,10020000.000,2024-07-18 00:39:43.965
BTC,BUY,0.0004,10020000.000,2024-07-18 00:39:43.965
BTC,BUY,0.0001,10020000.000,2024-07-18 00:39:43.965
BTC,BUY,0.0001,10025000.000,2024-07-18 00:40:04.130
BTC,BUY,0.0100,10026249.000,2024-07-18 00:40:17.695
BTC,BUY,0.0790,10026250.000,2024-07-18 00:40:17.695
BTC,BUY,0.0700,10027015.000,2024-07-18 00:40:17.695
BTC,BUY,0.0078,10028147.000,2024-07-18 00:40:17.695
BTC,BUY,0.0100,10029562.000,2024-07-18 00:40:17.695
BTC,BUY,0.0892,10029625.000,2024-07-18 00:40:17.695
BTC,BUY,0.0900,10029630.000,2024-07-18 00:40:17.695
BTC,BUY,0.0010,10030000.000,2024-07-18 00:40:17.695
BTC,BUY,0.0004,10030000.000,2024-07-18 00:40:17.695
BTC,BUY,0.0926,10031923.000,2024-07-18 00:40:17.695
BTC,BUY,0.0150,10033049.000,2024-07-18 00:40:32.620
BTC,BUY,0.0015,10034650.000,2024-07-18 00:41:14.899
BTC,SELL,0.0100,10033100.000,2024-07-18 00:41:20.593
BTC,SELL,0.0070,10033100.000,2024-07-18 00:41:20.684
BTC,SELL,0.0041,10033100.000,2024-07-18 00:41:20.790
BTC,SELL,0.0020,10033100.000,2024-07-18 00:41:20.793
BTC,SELL,0.0467,10033100.000,2024-07-18 00:41:21.094
BTC,SELL,0.0050,10033100.000,2024-07-18 00:41:21.097
BTC,BUY,0.0001,10033101.000,2024-07-18 00:41:33.150
BTC,SELL,0.0009,10033100.000,2024-07-18 00:41:33.255
BTC,SELL,0.0100,10033100.000,2024-07-18 00:42:24.518
BTC,SELL,0.0023,10033100.000,2024-07-18 00:42:25.217
BTC,SELL,0.0041,10033100.000,2024-07-18 00:42:25.247
BTC,SELL,0.0100,10033100.000,2024-07-18 00:42:25.361
BTC,SELL,0.0100,10033100.000,2024-07-18 00:42:25.414
BTC,SELL,0.0100,10033100.000,2024-07-18 00:42:26.317
BTC,SELL,0.0100,10033100.000,2024-07-18 00:42:27.216
BTC,SELL,0.0100,10033100.000,2024-07-18 00:42:50.577
BTC,SELL,0.0100,10033100.000,2024-07-18 00:42:51.523
BTC,SELL,0.0100,10033100.000,2024-07-18 00:42:52.422
BTC,SELL,0.0100,10033100.000,2024-07-18 00:42:55.394
BTC,SELL,0.0050,10033100.000,2024-07-18 00:42:55.792
BTC,SELL,0.0200,10033100.000,2024-07-18 00:42:55.902
BTC,SELL,0.0030,10033100.000,2024-07-18 00:42:55.939
BTC,SELL,0.0400,10033100.000,2024-07-18 00:42:56.577
BTC,SELL,0.0100,10033100.000,2024-07-18 00:42:56.769
BTC,SELL,0.0041,10033100.000,2024-07-18 00:42:58.660
BTC,SELL,0.0100,10033100.000,2024-07-18 00:43:00.834
BTC,SELL,0.0050,10033100.000,2024-07-18 00:43:00.914
BTC,SELL,0.0100,10033100.000,2024-07-18 00:43:01.678
BTC,SELL,0.0008,10033100.000,2024-07-18 00:43:02.336
BTC,SELL,0.0492,10033100.000,2024-07-18 00:43:03.270
BTC,SELL,0.0010,10033100.000,2024-07-18 00:43:03.395
BTC,SELL,0.0100,10033100.000,2024-07-18 00:43:05.044
BTC,SELL,0.0300,10033100.000,2024-07-18 00:43:05.453
BTC,BUY,0.0001,10033101.000,2024-07-18 00:43:56.545
BTC,BUY,0.0002,10033101.000,2024-07-18 00:44:03.769
BTC,BUY,0.0001,10033102.000,2024-07-18 00:44:33.892
BTC,BUY,0.0098,10033102.000,2024-07-18 00:44:41.389
BTC,BUY,0.0200,10033102.000,2024-07-18 00:44:41.389
BTC,BUY,0.0100,10033102.000,2024-07-18 00:44:41.389
BTC,BUY,0.0400,10033102.000,2024-07-18 00:44:41.389
BTC,BUY,0.0010,10031202.000,2024-07-18 00:44:45.641
BTC,BUY,0.0001,10032171.000,2024-07-18 00:45:25.577
BTC,BUY,0.0001,10033878.000,2024-07-18 00:45:42.106
BTC,SELL,0.0050,10035530.000,2024-07-18 00:46:05.144
BTC,SELL,0.0050,10035214.000,2024-07-18 00:46:30.127
BTC,BUY,0.0002,10035966.000,2024-07-18 00:46:31.737
BTC,BUY,0.0082,10034398.000,2024-07-18 00:46:32.563
BTC,SELL,0.0050,10034397.000,2024-07-18 00:46:35.051
BTC,SELL,0.0050,10034962.000,2024-07-18 00:46:45.077
BTC,SELL,0.0010,10034962.000,2024-07-18 00:47:34.141
BTC,SELL,0.0159,10034962.000,2024-07-18 00:47:34.296
BTC,BUY,0.0001,10034963.000,2024-07-18 00:47:48.873
BTC,SELL,0.0010,10034962.000,2024-07-18 00:47:51.124
BTC,BUY,0.0001,10034963.000,2024-07-18 00:47:54.379
BTC,BUY,0.0008,10034963.000,2024-07-18 00:48:00.168
BTC,SELL,0.0010,10030000.000,2024-07-18 00:48:03.532
BTC,SELL,0.0093,10030000.000,2024-07-18 00:48:04.466
BTC,SELL,0.0100,10030000.000,2024-07-18 00:48:08.160
BTC,SELL,0.0300,10030000.000,2024-07-18 00:48:08.499
BTC,SELL,0.0397,10030000.000,2024-07-18 00:48:09.149
BTC,SELL,0.0068,10030000.000,2024-07-18 00:48:09.149
BTC,SELL,0.0100,10030000.000,2024-07-18 00:48:11.088
BTC,SELL,0.0030,10030000.000,2024-07-18 00:48:13.464
BTC,SELL,0.0008,10033120.000,2024-07-18 00:50:01.474
BTC,BUY,0.0010,10040000.000,2024-07-18 00:50:28.947
BTC,BUY,0.0004,10040000.000,2024-07-18 00:50:29.006
BTC,BUY,0.0002,10040000.000,2024-07-18 00:50:29.006
BTC,BUY,0.0400,10042035.000,2024-07-18 00:50:29.006
BTC,BUY,0.0624,10042035.000,2024-07-18 00:50:29.006
BTC,SELL,0.0020,10042811.000,2024-07-18 00:50:33.234
BTC,SELL,0.0100,10042811.000,2024-07-18 00:50:35.174
BTC,BUY,0.0005,10045040.000,2024-07-18 00:51:07.645
BTC,SELL,0.0050,10045039.000,2024-07-18 00:51:09.949
BTC,BUY,0.0118,10045040.000,2024-07-18 00:51:16.318
BTC,BUY,0.0002,10045139.000,2024-07-18 00:51:24.194
BTC,BUY,0.0002,10045159.000,2024-07-18 00:51:24.194
BTC,BUY,0.0002,10047572.000,2024-07-18 00:51:24.194
BTC,BUY,0.0019,10049420.000,2024-07-18 00:51:24.194
BTC,SELL,0.0009,10049399.000,2024-07-18 00:51:27.021
BTC,BUY,0.0001,10049420.000,2024-07-18 00:51:41.268
BTC,BUY,0.0001,10049420.000,2024-07-18 00:51:46.737
BTC,BUY,0.0002,10049420.000,2024-07-18 00:52:20.054
BTC,BUY,0.0001,10049420.000,2024-07-18 00:53:10.386
BTC,BUY,0.0011,10049420.000,2024-07-18 00:53:10.646
BTC,BUY,0.0001,10049900.000,2024-07-18 00:53:28.989
BTC,BUY,0.0001,10050000.000,2024-07-18 00:53:33.330
BTC,BUY,0.0010,10050000.000,2024-07-18 00:53:33.330
BTC,BUY,0.0300,10050000.000,2024-07-18 00:53:33.330
BTC,BUY,0.0004,10050000.000,2024-07-18 00:53:33.330
BTC,BUY,0.0005,10050000.000,2024-07-18 00:53:33.330
BTC,BUY,0.0050,10052946.000,2024-07-18 00:53:33.504
BTC,SELL,0.0310,10056054.000,2024-07-18 00:53:50.749
BTC,BUY,0.0001,10057189.000,2024-07-18 00:55:33.648
BTC,BUY,0.0001,10057189.000,2024-07-18 00:55:39.076
BTC,BUY,0.0122,10057189.000,2024-07-18 00:56:38.179
BTC,BUY,0.0001,10058484.000,2024-07-18 00:57:02.686
BTC,BUY,0.0100,10058001.000,2024-07-18 00:57:18.533
BTC,BUY,0.0700,10058482.000,2024-07-18 00:57:18.533
BTC,BUY,0.0099,10058484.000,2024-07-18 00:57:18.533
BTC,BUY,0.0497,10058484.000,2024-07-18 00:57:18.533
BTC,SELL,0.0031,10058500.000,2024-07-18 00:57:23.804
BTC,BUY,0.0002,10058501.000,2024-07-18 00:58:15.372
BTC,BUY,0.2000,10059000.000,2024-07-18 00:58:15.372
BTC,SELL,0.0070,10059399.000,2024-07-18 00:58:47.670
BTC,SELL,0.0009,10059050.000,2024-07-18 00:58:47.670
BTC,SELL,0.0002,10059000.000,2024-07-18 00:58:54.109
BTC,SELL,0.0117,10059000.000,2024-07-18 00:58:59.793
BTC,SELL,0.0069,10059000.000,2024-07-18 00:59:09.965
BTC,SELL,0.4000,10059000.000,2024-07-18 00:59:10.242
BTC,SELL,0.0400,10059000.000,2024-07-18 00:59:11.361
BTC,SELL,0.0011,10059000.000,2024-07-18 00:59:13.894
BTC,SELL,0.0020,10059000.000,2024-07-18 00:59:14.049
BTC,SELL,0.0173,10059000.000,2024-07-18 00:59:18.473
BTC,SELL,0.0100,10059000.000,2024-07-18 00:59:18.775
BTC,SELL,0.0010,10059000.000,2024-07-18 00:59:23.685
BTC,SELL,0.0010,10059000.000,2024-07-18 00:59:38.696
BTC,SELL,0.0004,10059000.000,2024-07-18 00:59:50.156
BTC,BUY,0.0001,10059001.000,2024-07-18 01:00:21.012
BTC,BUY,0.0001,10059001.000,2024-07-18 01:00:26.876
BTC,BUY,0.0002,10059001.000,2024-07-18 01:00:42.949
BTC,BUY,0.1000,10059069.000,2024-07-18 01:00:42.949
BTC,BUY,0.0027,10059975.000,2024-07-18 01:00:42.949
BTC,BUY,0.0004,10060000.000,2024-07-18 01:00:42.949
BTC,BUY,0.0010,10060000.000,2024-07-18 01:00:42.949
BTC,BUY,0.0020,10060000.000,2024-07-18 01:00:42.949
BTC,BUY,0.0037,10063110.000,2024-07-18 01:00:42.949
BTC,BUY,0.0005,10060006.000,2024-07-18 01:01:49.693
BTC,BUY,0.0045,10060006.000,2024-07-18 01:02:15.329
BTC,BUY,0.0300,10060026.000,2024-07-18 01:02:15.329
BTC,BUY,0.0004,10062050.000,2024-07-18 01:03:04.282
BTC,BUY,0.0002,10065000.000,2024-07-18 01:05:14.267
BTC,BUY,0.0098,10065760.000,2024-07-18 01:05:14.267
BTC,BUY,0.0100,10068410.000,2024-07-18 01:05:41.132
BTC,BUY,0.0003,10068939.000,2024-07-18 01:05:45.698
BTC,BUY,0.0200,10066550.000,2024-07-18 01:06:48.145
BTC,SELL,0.0100,10065800.000,2024-07-18 01:07:08.262
BTC,SELL,0.0002,10066000.000,2024-07-18 01:08:22.465
BTC,SELL,0.0010,10066000.000,2024-07-18 01:08:24.239
BTC,BUY,0.0300,10066820.000,2024-07-18 01:09:03.675
BTC,BUY,0.0010,10067670.000,2024-07-18 01:09:15.438
BTC,SELL,0.0100,10067878.000,2024-07-18 01:09:59.879
BTC,SELL,0.0095,10067878.000,2024-07-18 01:09:59.879
BTC,BUY,0.0003,10067001.000,2024-07-18 01:10:35.050
BTC,SELL,0.0009,10067000.000,2024-07-18 01:10:51.196
BTC,SELL,0.0001,10067000.000,2024-07-18 01:10:51.360
BTC,SELL,0.0113,10067000.000,2024-07-18 01:10:51.480
BTC,SELL,0.0005,10067000.000,2024-07-18 01:10:52.921
BTC,BUY,0.0060,10067001.000,2024-07-18 01:10:58.873
BTC,SELL,0.0021,10067000.000,2024-07-18 01:11:01.462
BTC,SELL,0.0001,10067000.000,2024-07-18 01:11:30.845
BTC,SELL,0.0020,10067000.000,2024-07-18 01:11:50.987
BTC,SELL,0.0001,10067000.000,2024-07-18 01:11:52.680
BTC,SELL,0.0007,10067000.000,2024-07-18 01:11:53.501
BTC,SELL,0.0050,10067000.000,2024-07-18 01:11:53.966
BTC,SELL,0.0050,10067000.000,2024-07-18 01:11:54.625
BTC,SELL,0.0100,10067000.000,2024-07-18 01:11:55.128
BTC,SELL,0.0027,10067000.000,2024-07-18 01:11:55.239
BTC,SELL,0.0050,10067000.000,2024-07-18 01:11:55.641
BTC,SELL,0.0050,10067000.000,2024-07-18 01:11:56.640
BTC,SELL,0.0050,10067000.000,2024-07-18 01:11:58.157
BTC,SELL,0.0050,10067000.000,2024-07-18 01:11:58.678
BTC,SELL,0.0108,10067000.000,2024-07-18 01:12:07.097
BTC,SELL,0.0277,10067000.000,2024-07-18 01:12:07.315
BTC,SELL,0.0003,10067000.000,2024-07-18 01:12:07.315
BTC,SELL,0.0020,10067000.000,2024-07-18 01:12:07.315
BTC,SELL,0.0050,10066000.000,2024-07-18 01:12:07.370
BTC,SELL,0.0050,10066000.000,2024-07-18 01:12:07.897
BTC,SELL,0.0351,10066000.000,2024-07-18 01:12:08.372
BTC,SELL,0.0050,10066000.000,2024-07-18 01:12:09.383
BTC,SELL,0.0003,10066000.000,2024-07-18 01:12:12.549
BTC,SELL,0.0001,10066000.000,2024-07-18 01:12:15.922
BTC,SELL,0.0001,10066000.000,2024-07-18 01:12:17.121
BTC,SELL,0.0050,10066000.000,2024-07-18 01:12:20.521
BTC,SELL,0.0050,10066000.000,2024-07-18 01:12:21.027
BTC,SELL,0.0050,10066000.000,2024-07-18 01:12:25.564
BTC,SELL,0.0050,10066000.000,2024-07-18 01:12:26.094
BTC,SELL,0.0050,10066000.000,2024-07-18 01:12:26.581
BTC,BUY,0.0036,10066001.000,2024-07-18 01:12:26.835
BTC,SELL,0.0084,10066000.000,2024-07-18 01:12:29.471
BTC,SELL,0.0050,10066000.000,2024-07-18 01:12:30.152
BTC,SELL,0.0050,10066000.000,2024-07-18 01:12:31.187
BTC,SELL,0.0050,10066000.000,2024-07-18 01:12:35.032
BTC,SELL,0.0500,10066000.000,2024-07-18 01:12:35.679
BTC,SELL,0.0100,10066000.000,2024-07-18 01:12:39.062
BTC,SELL,0.0098,10066000.000,2024-07-18 01:12:39.066
BTC,BUY,0.0062,10060880.000,2024-07-18 01:13:00.580
BTC,BUY,0.0005,10060850.000,2024-07-18 01:13:01.941
BTC,SELL,0.0028,10050523.000,2024-07-18 01:13:03.012
BTC,BUY,0.0003,10050906.000,2024-07-18 01:13:12.865
BTC,BUY,0.0001,10051449.000,2024-07-18 01:14:18.930
BTC,SELL,0.0010,10051979.000,2024-07-18 01:14:58.675
BTC,BUY,0.4000,10054630.000,2024-07-18 01:15:06.654
BTC,BUY,0.0002,10055690.000,2024-07-18 01:15:10.065
BTC,SELL,0.0100,10065759.000,2024-07-18 01:15:49.166
BTC,BUY,0.0063,10066240.000,2024-07-18 01:16:05.916
BTC,BUY,0.0012,10068989.000,2024-07-18 01:16:08.463
BTC,BUY,0.0004,10070000.000,2024-07-18 01:16:08.782
BTC,BUY,0.0010,10070000.000,2024-07-18 01:16:08.782
BTC,BUY,0.0002,10070570.000,2024-07-18 01:16:08.782
BTC,BUY,0.0034,10070679.000,2024-07-18 01:16:08.782
BTC,BUY,0.0005,10072078.000,2024-07-18 01:16:12.312
BTC,BUY,0.0195,10072452.000,2024-07-18 01:16:12.312
BTC,BUY,0.0050,10072452.000,2024-07-18 01:16:12.316
BTC,BUY,0.0200,10072452.000,2024-07-18 01:16:12.473
BTC,BUY,0.0050,10072452.000,2024-07-18 01:16:13.333
BTC,BUY,0.0100,10072452.000,2024-07-18 01:16:13.856
BTC,BUY,0.0200,10072452.000,2024-07-18 01:16:13.859
BTC,BUY,0.0050,10072452.000,2024-07-18 01:16:13.861
BTC,BUY,0.0155,10072452.000,2024-07-18 01:16:14.356
BTC,BUY,0.0002,10075000.000,2024-07-18 01:16:14.358
BTC,BUY,0.0010,10080000.000,2024-07-18 01:16:14.358
BTC,BUY,0.0004,10080000.000,2024-07-18 01:16:14.358
BTC,BUY,0.0034,10081810.000,2024-07-18 01:16:14.358
BTC,BUY,0.0010,10081810.000,2024-07-18 01:16:14.434
BTC,SELL,0.0002,10079572.000,2024-07-18 01:16:15.160
BTC,SELL,0.0001,10079572.000,2024-07-18 01:16:17.069
BTC,SELL,0.0002,10079569.000,2024-07-18 01:16:18.832
BTC,SELL,0.0001,10079569.000,2024-07-18 01:16:20.593
BTC,SELL,0.0002,10079568.000,2024-07-18 01:16:22.503
BTC,BUY,0.0001,10080000.000,2024-07-18 01:16:24.502
BTC,BUY,0.0010,10078234.000,2024-07-18 01:17:19.470
BTC,SELL,0.0030,10072970.000,2024-07-18 01:17:27.467
BTC,BUY,0.0010,10075348.000,2024-07-18 01:17:27.582
BTC,BUY,0.0005,10082190.000,2024-07-18 01:19:13.832
BTC,BUY,0.0001,10082650.000,2024-07-18 01:20:16.939
BTC,BUY,0.0050,10074153.000,2024-07-18 01:20:57.009
BTC,BUY,0.0730,10074153.000,2024-07-18 01:20:58.500
BTC,BUY,0.0220,10074153.000,2024-07-18 01:20:58.766
BTC,BUY,0.0018,10074895.000,2024-07-18 01:21:02.158
BTC,BUY,0.0001,10076052.000,2024-07-18 01:24:09.383
BTC,BUY,0.0001,10076586.000,2024-07-18 01:24:41.205
BTC,SELL,0.0010,10073631.000,2024-07-18 01:25:40.576
BTC,BUY,0.0005,10075249.000,2024-07-18 01:25:55.753
BTC,SELL,0.0005,10071666.000,2024-07-18 01:26:50.959
BTC,SELL,0.0050,10071560.000,2024-07-18 01:26:59.949
BTC,SELL,0.0050,10076499.000,2024-07-18 01:28:33.583
BTC,SELL,0.0450,10076499.000,2024-07-18 01:28:33.583
BTC,BUY,0.0010,10081129.000,2024-07-18 01:28:40.363
BTC,BUY,0.0076,10082189.000,2024-07-18 01:29:02.272
BTC,BUY,0.0024,10082190.000,2024-07-18 01:29:02.272
BTC,BUY,0.0009,10082000.000,2024-07-18 01:29:36.557
BTC,BUY,0.0019,10082000.000,2024-07-18 01:29:41.070
BTC,BUY,0.0001,10084740.000,2024-07-18 01:29:56.960
BTC,BUY,0.0010,10084740.000,2024-07-18 01:30:02.988
BTC,BUY,0.0043,10084740.000,2024-07-18 01:30:15.842
BTC,BUY,0.0070,10085900.000,2024-07-18 01:30:19.150
BTC,BUY,0.0002,10086955.000,2024-07-18 01:30:27.367
BTC,BUY,0.0003,10086955.000,2024-07-18 01:30:27.367
BTC,BUY,0.0001,10086984.000,2024-07-18 01:30:50.569
BTC,BUY,0.0001,10087041.000,2024-07-18 01:31:54.235
BTC,BUY,0.0099,10087041.000,2024-07-18 01:32:11.260
BTC,BUY,0.0158,10087041.000,2024-07-18 01:32:11.260
BTC,BUY,0.0001,10087438.000,2024-07-18 01:33:33.472
BTC,BUY,0.0125,10088480.000,2024-07-18 01:33:33.472
BTC,BUY,0.0001,10088677.000,2024-07-18 01:33:33.472
BTC,BUY,0.1273,10089610.000,2024-07-18 01:33:33.472
BTC,BUY,0.0001,10089398.000,2024-07-18 01:34:17.678
BTC,BUY,0.0001,10086721.000,2024-07-18 01:34:23.084
BTC,BUY,0.0005,10086659.000,2024-07-18 01:36:23.232
BTC,BUY,0.0020,10086660.000,2024-07-18 01:36:23.567
BTC,BUY,0.0030,10082936.000,2024-07-18 01:36:35.700
BTC,BUY,0.0070,10084160.000,2024-07-18 01:36:35.700
BTC,SELL,0.0050,10080482.000,2024-07-18 01:37:05.579
BTC,BUY,0.0001,10081127.000,2024-07-18 01:38:00.902
BTC,SELL,0.0065,10084880.000,2024-07-18 01:39:30.087
BTC,BUY,0.0010,10088019.000,2024-07-18 01:39:55.041
BTC,BUY,0.0100,10088550.000,2024-07-18 01:39:56.039
BTC,BUY,0.0001,10090000.000,2024-07-18 01:41:47.480
BTC,BUY,0.0001,10090000.000,2024-07-18 01:41:47.480
BTC,BUY,0.0009,10090000.000,2024-07-18 01:42:01.228
BTC,BUY,0.0004,10090000.000,2024-07-18 01:42:01.228
BTC,BUY,0.0020,10090000.000,2024-07-18 01:42:01.228
BTC,BUY,0.0007,10090000.000,2024-07-18 01:42:01.228
BTC,BUY,0.0110,10089999.000,2024-07-18 01:42:32.958
BTC,BUY,0.0002,10090000.000,2024-07-18 01:42:32.958
BTC,BUY,0.1888,10091200.000,2024-07-18 01:42:32.958
BTC,BUY,0.0100,10092576.000,2024-07-18 01:42:45.636
BTC,BUY,0.0350,10092577.000,2024-07-18 01:42:45.636
BTC,BUY,0.0002,10092578.000,2024-07-18 01:42:45.636
BTC,BUY,0.1548,10093320.000,2024-07-18 01:42:45.636
BTC,BUY,0.0100,10093848.000,2024-07-18 01:43:02.702
BTC,BUY,0.2900,10094380.000,2024-07-18 01:43:02.702
BTC,BUY,0.0002,10095000.000,2024-07-18 01:43:10.347
BTC,BUY,0.0498,10095970.000,2024-07-18 01:43:10.347
BTC,BUY,0.0300,10097030.000,2024-07-18 01:43:22.311
BTC,BUY,0.1000,10093145.000,2024-07-18 01:43:27.292
BTC,BUY,0.0377,10097560.000,2024-07-18 01:43:27.292
BTC,BUY,0.0001,10099145.000,2024-07-18 01:43:28.377
BTC,BUY,0.0999,10099150.000,2024-07-18 01:43:28.377
BTC,BUY,0.0001,10098160.000,2024-07-18 01:43:31.514
BTC,BUY,0.0020,10099500.000,2024-07-18 01:43:35.861
BTC,BUY,0.0080,10099500.000,2024-07-18 01:43:48.668
BTC,BUY,0.0004,10100000.000,2024-07-18 01:43:48.668
BTC,BUY,0.0010,10100000.000,2024-07-18 01:43:48.668
BTC,BUY,0.0005,10100000.000,2024-07-18 01:43:48.668
BTC,BUY,0.0401,10100000.000,2024-07-18 01:43:48.668
BTC,BUY,0.0001,10100000.000,2024-07-18 01:43:48.753
BTC,BUY,0.0009,10100000.000,2024-07-18 01:43:54.655
BTC,BUY,0.0150,10100000.000,2024-07-18 01:44:09.323
BTC,BUY,0.0010,10100000.000,2024-07-18 01:44:18.659
BTC,BUY,0.0429,10100000.000,2024-07-18 01:44:27.126
BTC,BUY,0.0001,10100000.000,2024-07-18 01:44:27.126
BTC,BUY,0.0020,10100000.000,2024-07-18 01:44:27.126
BTC,BUY,0.0043,10100000.000,2024-07-18 01:44:27.126
BTC,BUY,0.0050,10100000.000,2024-07-18 01:44:27.439
BTC,BUY,0.0007,10100000.000,2024-07-18 01:44:27.969
BTC,BUY,0.0140,10100000.000,2024-07-18 01:44:27.969
BTC,BUY,0.0248,10100000.000,2024-07-18 01:44:28.919
BTC,BUY,0.0050,10100000.000,2024-07-18 01:44:28.991
BTC,BUY,0.0050,10100000.000,2024-07-18 01:44:29.493
BTC,BUY,0.0012,10100000.000,2024-07-18 01:44:29.967
BTC,BUY,0.0145,10100000.000,2024-07-18 01:44:29.967
BTC,BUY,0.0050,10100000.000,2024-07-18 01:44:30.460
BTC,BUY,0.0050,10100000.000,2024-07-18 01:44:31.994
BTC,BUY,0.0030,10100000.000,2024-07-18 01:44:36.073
BTC,BUY,0.0025,10100000.000,2024-07-18 01:44:36.093
BTC,BUY,0.0002,10100000.000,2024-07-18 01:44:36.093
BTC,BUY,0.0023,10102585.000,2024-07-18 01:44:36.093
BTC,BUY,0.0020,10102585.000,2024-07-18 01:44:36.378
BTC,SELL,0.0036,10096485.000,2024-07-18 01:45:55.016
BTC,BUY,0.0001,10098108.000,2024-07-18 01:46:00.027
BTC,BUY,0.5000,10100740.000,2024-07-18 01:46:41.373
BTC,BUY,0.2000,10101270.000,2024-07-18 01:46:41.373
BTC,BUY,0.0001,10099841.000,2024-07-18 01:47:23.904
BTC,BUY,0.0099,10099841.000,2024-07-18 01:47:27.460
BTC,BUY,0.0001,10101000.000,2024-07-18 01:47:47.974
BTC,BUY,0.0050,10101971.000,2024-07-18 01:47:53.798
BTC,BUY,0.0050,10101971.000,2024-07-18 01:47:54.282
BTC,BUY,0.0050,10101971.000,2024-07-18 01:47:54.896
BTC,BUY,0.0050,10101971.000,2024-07-18 01:47:55.318
BTC,BUY,0.0050,10101971.000,2024-07-18 01:47:56.321
BTC,SELL,0.0001,10109999.000,2024-07-18 01:48:15.322
BTC,SELL,0.0100,10109999.000,2024-07-18 01:48:24.165
BTC,BUY,0.0004,10110000.000,2024-07-18 01:48:24.969
BTC,BUY,0.0010,10110000.000,2024-07-18 01:48:24.969
BTC,SELL,0.0052,10110080.000,2024-07-18 01:48:26.013
BTC,SELL,0.0047,10110000.000,2024-07-18 01:48:26.013
BTC,SELL,0.0009,10113360.000,2024-07-18 01:48:28.095
BTC,SELL,0.0010,10113362.000,2024-07-18 01:48:30.058
BTC,BUY,0.0002,10114150.000,2024-07-18 01:48:30.457
BTC,SELL,0.0017,10113364.000,2024-07-18 01:48:32.024
BTC,SELL,0.0001,10113336.000,2024-07-18 01:48:59.451
BTC,BUY,0.0101,10113990.000,2024-07-18 01:50:11.964
BTC,BUY,0.0032,10114150.000,2024-07-18 01:50:24.975
BTC,SELL,0.0015,10113452.000,2024-07-18 01:50:40.979
BTC,BUY,0.0001,10114354.000,2024-07-18 01:51:36.727
BTC,SELL,0.0020,10113397.000,2024-07-18 01:53:15.481
BTC,BUY,0.0002,10113424.000,2024-07-18 01:53:51.961
BTC,BUY,0.0001,10114354.000,2024-07-18 01:53:51.961
BTC,BUY,0.0001,10114354.000,2024-07-18 01:55:21.546
BTC,BUY,0.0097,10114354.000,2024-07-18 01:55:29.880
BTC,BUY,0.0493,10118760.000,2024-07-18 01:56:49.263
BTC,BUY,0.0001,10120000.000,2024-07-18 01:56:49.683
BTC,BUY,0.0004,10120000.000,2024-07-18 01:56:49.683
BTC,BUY,0.0010,10120000.000,2024-07-18 01:56:49.683
BTC,BUY,0.0005,10120000.000,2024-07-18 01:56:49.683
BTC,BUY,0.0015,10120000.000,2024-07-18 01:57:01.885
BTC,BUY,0.0001,10120000.000,2024-07-18 01:57:01.885
BTC,SELL,0.0002,10120561.000,2024-07-18 01:57:24.048
BTC,BUY,0.0002,10120562.000,2024-07-18 01:57:37.345
BTC,BUY,0.1129,10121940.000,2024-07-18 01:57:51.457
BTC,BUY,0.0123,10122059.000,2024-07-18 01:57:51.671
BTC,BUY,0.0011,10122470.000,2024-07-18 01:57:51.671
BTC,BUY,0.0139,10122470.000,2024-07-18 01:57:51.850
BTC,BUY,0.1885,10123000.000,2024-07-18 01:58:07.938
BTC,BUY,0.0400,10123530.000,2024-07-18 01:58:20.252
BTC,BUY,0.2000,10124060.000,2024-07-18 01:58:48.424
BTC,BUY,0.0005,10124590.000,2024-07-18 01:59:41.412
BTC,BUY,0.0045,10125120.000,2024-07-18 01:59:42.344
BTC,SELL,0.0001,10125159.000,2024-07-18 02:00:27.840
BTC,BUY,0.0100,10125160.000,2024-07-18 02:00:35.172
BTC,BUY,0.0062,10125160.000,2024-07-18 02:00:36.368
BTC,BUY,0.0414,10126093.000,2024-07-18 02:00:36.612
BTC,BUY,0.0450,10126093.000,2024-07-18 02:00:38.760
BTC,BUY,0.0001,10126491.000,2024-07-18 02:00:59.403
BTC,BUY,0.0099,10127200.000,2024-07-18 02:00:59.403
BTC,BUY,0.0014,10127200.000,2024-07-18 02:01:01.510
BTC,BUY,0.0012,10127200.000,2024-07-18 02:01:10.940
BTC,BUY,0.0010,10130000.000,2024-07-18 02:01:11.435
BTC,BUY,0.0002,10130000.000,2024-07-18 02:01:11.435
BTC,BUY,0.0002,10130000.000,2024-07-18 02:01:11.684
BTC,BUY,0.0001,10130000.000,2024-07-18 02:01:11.684
BTC,BUY,0.0002,10130000.000,2024-07-18 02:01:11.684
BTC,BUY,0.0010,10132980.000,2024-07-18 02:01:11.684
BTC,SELL,0.0010,10135861.000,2024-07-18 02:01:13.089
BTC,BUY,0.0224,10135863.000,2024-07-18 02:01:13.234
BTC,BUY,0.0776,10135863.000,2024-07-18 02:01:13.459
BTC,SELL,0.0010,10135862.000,2024-07-18 02:01:13.741
BTC,BUY,0.0002,10137309.000,2024-07-18 02:01:13.858
BTC,BUY,0.0004,10140000.000,2024-07-18 02:01:13.858
BTC,BUY,0.0010,10140000.000,2024-07-18 02:01:13.858
BTC,BUY,0.0001,10140000.000,2024-07-18 02:01:13.858
BTC,BUY,0.0001,10140000.000,2024-07-18 02:01:13.858
BTC,BUY,0.0100,10141020.000,2024-07-18 02:01:13.939
BTC,BUY,0.0033,10145998.000,2024-07-18 02:01:14.646
BTC,BUY,0.0037,10147380.000,2024-07-18 02:01:14.646
BTC,BUY,0.0010,10147380.000,2024-07-18 02:01:14.878
BTC,BUY,0.0002,10150000.000,2024-07-18 02:01:15.556
BTC,BUY,0.0008,10150000.000,2024-07-18 02:01:15.584
BTC,BUY,0.0004,10150000.000,2024-07-18 02:01:15.584
BTC,BUY,0.0002,10150000.000,2024-07-18 02:01:15.584
BTC,BUY,0.0004,10150000.000,2024-07-18 02:01:15.724
BTC,BUY,0.0006,10150000.000,2024-07-18 02:01:15.724
BTC,BUY,0.0014,10150000.000,2024-07-18 02:01:15.862
BTC,BUY,0.0001,10150000.000,2024-07-18 02:01:16.023
BTC,BUY,0.0003,10150000.000,2024-07-18 02:01:16.023
BTC,BUY,0.0047,10150000.000,2024-07-18 02:01:16.275
BTC,BUY,0.0031,10150000.000,2024-07-18 02:01:16.275
BTC,BUY,0.0010,10150000.000,2024-07-18 02:01:16.515
BTC,BUY,0.0059,10150000.000,2024-07-18 02:01:16.529
BTC,BUY,0.0541,10150654.000,2024-07-18 02:01:16.529
BTC,BUY,0.0006,10150654.000,2024-07-18 02:01:16.634
BTC,SELL,0.0033,10150000.000,2024-07-18 02:01:16.687
BTC,SELL,0.0017,10149999.000,2024-07-18 02:01:16.687
BTC,BUY,0.0453,10150654.000,2024-07-18 02:01:16.847
BTC,BUY,0.0016,10155000.000,2024-07-18 02:01:17.406
BTC,BUY,0.0040,10155000.000,2024-07-18 02:01:19.964
BTC,SELL,0.0126,10154999.000,2024-07-18 02:01:20.162
BTC,SELL,0.0199,10154999.000,2024-07-18 02:01:20.162
BTC,SELL,0.0700,10154999.000,2024-07-18 02:01:20.162
BTC,SELL,0.0116,10154960.000,2024-07-18 02:01:20.162
BTC,SELL,0.0050,10154999.000,2024-07-18 02:01:20.810
BTC,BUY,0.0050,10154744.000,2024-07-18 02:01:22.768
BTC,BUY,0.0005,10154744.000,2024-07-18 02:01:36.948
BTC,BUY,0.0065,10154744.000,2024-07-18 02:01:36.948
BTC,BUY,0.0020,10154744.000,2024-07-18 02:01:37.014
BTC,BUY,0.0030,10154744.000,2024-07-18 02:01:37.122
BTC,BUY,0.0002,10154744.000,2024-07-18 02:01:37.122
BTC,BUY,0.0459,10155000.000,2024-07-18 02:01:37.122
BTC,BUY,0.0041,10155000.000,2024-07-18 02:01:37.193
BTC,BUY,0.0100,10155000.000,2024-07-18 02:01:37.379
BTC,SELL,0.0083,10154999.000,2024-07-18 02:01:42.872
BTC,SELL,0.0017,10154999.000,2024-07-18 02:01:42.872
BTC,SELL,0.0083,10154999.000,2024-07-18 02:01:43.170
BTC,SELL,0.0473,10154481.000,2024-07-18 02:01:43.170
BTC,BUY,0.0492,10155000.000,2024-07-18 02:02:04.613
BTC,BUY,0.0917,10155000.000,2024-07-18 02:02:11.420
BTC,BUY,0.0449,10155000.000,2024-07-18 02:02:12.435
BTC,BUY,0.0100,10155000.000,2024-07-18 02:02:13.334
BTC,BUY,0.0025,10155000.000,2024-07-18 02:02:13.424
BTC,BUY,0.0041,10155000.000,2024-07-18 02:02:13.504
BTC,BUY,0.0020,10155000.000,2024-07-18 02:02:13.707
BTC,BUY,0.0050,10155000.000,2024-07-18 02:02:14.438
BTC,BUY,0.0300,10155000.000,2024-07-18 02:02:17.582
BTC,BUY,0.0200,10155000.000,2024-07-18 02:02:20.093
BTC,BUY,0.0039,10155000.000,2024-07-18 02:02:20.270
BTC,BUY,0.0100,10155000.000,2024-07-18 02:02:20.333
BTC,BUY,0.0006,10155000.000,2024-07-18 02:02:20.573
BTC,BUY,0.0700,10155000.000,2024-07-18 02:02:20.733
BTC,BUY,0.0063,10155000.000,2024-07-18 02:02:21.084
BTC,BUY,0.0492,10155000.000,2024-07-18 02:02:21.123
BTC,BUY,0.0002,10155000.000,2024-07-18 02:02:22.507
BTC,BUY,0.0080,10155000.000,2024-07-18 02:02:23.157
BTC,BUY,0.0010,10155000.000,2024-07-18 02:02:23.503
BTC,BUY,0.4000,10155000.000,2024-07-18 02:02:24.111
BTC,BUY,0.0340,10155000.000,2024-07-18 02:02:25.200
BTC,BUY,0.0918,10155000.000,2024-07-18 02:02:25.256
BTC,BUY,0.0002,10155000.000,2024-07-18 02:02:25.256
BTC,BUY,0.0004,10160000.000,2024-07-18 02:02:25.322
BTC,BUY,0.0010,10160000.000,2024-07-18 02:02:25.322
BTC,BUY,0.0100,10160000.000,2024-07-18 02:02:25.322
BTC,BUY,0.0001,10160000.000,2024-07-18 02:02:25.322
BTC,BUY,0.0452,10160536.000,2024-07-18 02:02:25.322
BTC,BUY,0.0100,10160536.000,2024-07-18 02:02:25.330
BTC,BUY,0.0002,10160536.000,2024-07-18 02:02:25.427
BTC,BUY,0.0050,10160536.000,2024-07-18 02:02:25.867
BTC,BUY,0.0200,10160536.000,2024-07-18 02:02:25.934
BTC,BUY,0.0071,10160536.000,2024-07-18 02:02:25.960
BTC,BUY,0.0060,10160536.000,2024-07-18 02:02:25.963
BTC,BUY,0.0031,10160536.000,2024-07-18 02:02:26.099
BTC,BUY,0.0034,10160536.000,2024-07-18 02:02:26.327
BTC,BUY,0.0010,10170000.000,2024-07-18 02:02:26.327
BTC,BUY,0.0004,10170000.000,2024-07-18 02:02:26.327
BTC,BUY,0.0001,10170000.000,2024-07-18 02:02:26.327
BTC,BUY,0.0006,10170000.000,2024-07-18 02:02:26.327
BTC,BUY,0.0269,10173879.000,2024-07-18 02:02:26.327
BTC,BUY,0.0425,10173879.000,2024-07-18 02:02:26.466
BTC,BUY,0.0006,10173879.000,2024-07-18 02:02:26.494
BTC,BUY,0.0020,10175440.000,2024-07-18 02:02:26.690
BTC,BUY,0.0100,10175440.000,2024-07-18 02:02:26.831
BTC,SELL,0.0008,10167771.000,2024-07-18 02:02:27.231
BTC,SELL,0.0003,10167771.000,2024-07-18 02:02:27.442
BTC,SELL,0.0010,10167771.000,2024-07-18 02:02:27.706
BTC,SELL,0.0010,10167772.000,2024-07-18 02:02:28.912
BTC,SELL,0.0005,10167772.000,2024-07-18 02:02:29.235
BTC,BUY,0.0010,10167773.000,2024-07-18 02:02:30.904
BTC,SELL,0.0100,10167772.000,2024-07-18 02:02:31.080
BTC,BUY,0.0010,10168580.000,2024-07-18 02:02:31.737
BTC,BUY,0.0010,10168580.000,2024-07-18 02:02:31.889
BTC,BUY,0.0020,10172816.000,2024-07-18 02:02:32.724
BTC,BUY,0.0186,10175189.000,2024-07-18 02:02:33.986
BTC,BUY,0.0100,10175189.000,2024-07-18 02:02:34.295
BTC,BUY,0.0200,10175189.000,2024-07-18 02:02:34.297
BTC,BUY,0.0098,10175189.000,2024-07-18 02:02:34.462
BTC,BUY,0.0100,10175189.000,2024-07-18 02:02:34.577
BTC,BUY,0.0316,10175189.000,2024-07-18 02:02:34.864
BTC,BUY,0.0005,10175440.000,2024-07-18 02:02:34.864
BTC,BUY,0.0079,10178350.000,2024-07-18 02:02:34.864
BTC,BUY,0.0034,10179300.000,2024-07-18 02:02:35.480
BTC,BUY,0.0214,10179995.000,2024-07-18 02:02:35.480
BTC,BUY,0.0200,10179995.000,2024-07-18 02:02:35.486
BTC,BUY,0.0200,10179995.000,2024-07-18 02:02:35.583
BTC,BUY,0.0122,10179995.000,2024-07-18 02:02:35.802
BTC,BUY,0.0100,10179995.000,2024-07-18 02:02:35.879
BTC,BUY,0.0039,10179995.000,2024-07-18 02:02:35.942
BTC,BUY,0.0010,10180000.000,2024-07-18 02:02:35.942
BTC,BUY,0.0004,10180000.000,2024-07-18 02:02:35.942
BTC,BUY,0.0010,10180000.000,2024-07-18 02:02:35.942
BTC,BUY,0.0020,10180000.000,2024-07-18 02:02:35.942
BTC,BUY,0.0001,10180000.000,2024-07-18 02:02:35.942
BTC,BUY,0.0034,10183961.000,2024-07-18 02:02:35.942
BTC,BUY,0.0010,10183961.000,2024-07-18 02:02:36.018
BTC,BUY,0.0020,10183961.000,2024-07-18 02:02:36.164
BTC,SELL,0.0001,10175189.000,2024-07-18 02:02:36.702
BTC,SELL,0.0049,10172500.000,2024-07-18 02:02:36.702
BTC,BUY,0.0050,10186452.000,2024-07-18 02:02:38.618
BTC,SELL,0.0002,10175321.000,2024-07-18 02:02:38.758
BTC,SELL,0.0001,10184459.000,2024-07-18 02:02:40.307
BTC,BUY,0.0011,10184460.000,2024-07-18 02:02:41.496
BTC,SELL,0.0125,10184480.000,2024-07-18 02:02:43.741
BTC,SELL,0.0050,10184459.000,2024-07-18 02:02:43.741
BTC,SELL,0.0025,10184459.000,2024-07-18 02:02:43.741
BTC,SELL,0.0200,10184460.000,2024-07-18 02:02:43.862
BTC,BUY,0.0100,10185212.000,2024-07-18 02:02:44.691
BTC,BUY,0.0001,10190000.000,2024-07-18 02:02:53.372
BTC,SELL,0.0039,10189499.000,2024-07-18 02:02:54.844
BTC,SELL,0.0125,10187680.000,2024-07-18 02:02:54.844
BTC,BUY,0.0031,10188594.000,2024-07-18 02:02:59.945
BTC,SELL,0.0870,10185446.000,2024-07-18 02:03:01.691
BTC,BUY,0.0020,10185956.000,2024-07-18 02:03:05.060
BTC,BUY,0.0002,10186069.000,2024-07-18 02:03:05.060
BTC,BUY,0.8978,10187130.000,2024-07-18 02:03:05.060
BTC,SELL,0.0700,10181376.000,2024-07-18 02:03:06.970
BTC,SELL,0.0500,10181377.000,2024-07-18 02:03:08.635
BTC,SELL,0.0099,10181377.000,2024-07-18 02:03:08.834
BTC,BUY,0.0100,10174006.000,2024-07-18 02:03:13.484
BTC,BUY,0.0002,10170171.000,2024-07-18 02:03:29.539
BTC,BUY,0.0248,10172955.000,2024-07-18 02:03:31.039
BTC,SELL,0.0010,10172954.000,2024-07-18 02:03:40.017
BTC,BUY,0.0001,10172955.000,2024-07-18 02:03:40.558
BTC,BUY,0.0300,10174233.000,2024-07-18 02:03:52.671
BTC,SELL,0.0050,10174576.000,2024-07-18 02:04:01.753
BTC,BUY,0.0002,10175000.000,2024-07-18 02:04:13.737
BTC,BUY,0.0118,10176136.000,2024-07-18 02:04:13.737
BTC,BUY,0.0010,10175791.000,2024-07-18 02:04:29.394
BTC,SELL,0.1000,10181271.000,2024-07-18 02:04:42.188
BTC,SELL,0.0667,10179343.000,2024-07-18 02:04:44.121
BTC,BUY,0.0040,10172700.000,2024-07-18 02:05:06.284
BTC,BUY,0.0010,10174726.000,2024-07-18 02:05:06.284
BTC,BUY,0.0150,10176220.000,2024-07-18 02:05:06.284
BTC,SELL,0.0069,10170170.000,2024-07-18 02:05:23.975
BTC,SELL,0.0053,10170170.000,2024-07-18 02:05:26.157
BTC,SELL,0.0047,10170000.000,2024-07-18 02:05:26.157
BTC,SELL,0.0053,10170000.000,2024-07-18 02:05:28.426
BTC,SELL,0.0010,10160000.000,2024-07-18 02:05:29.488
BTC,SELL,0.0043,10159879.000,2024-07-18 02:05:29.488
BTC,BUY,0.0010,10160630.000,2024-07-18 02:05:43.909
BTC,SELL,0.0073,10159879.000,2024-07-18 02:06:22.975
BTC,BUY,0.0049,10160630.000,2024-07-18 02:06:38.983
BTC,BUY,0.0100,10157539.000,2024-07-18 02:07:06.244
BTC,BUY,0.0020,10157539.000,2024-07-18 02:07:06.505
BTC,BUY,0.0050,10160037.000,2024-07-18 02:07:08.989
BTC,BUY,0.0400,10160037.000,2024-07-18 02:07:10.093
BTC,BUY,0.0041,10160037.000,2024-07-18 02:07:10.535
BTC,BUY,0.0050,10160614.000,2024-07-18 02:07:14.015
BTC,SELL,0.0200,10160613.000,2024-07-18 02:07:18.599
BTC,SELL,0.0180,10160613.000,2024-07-18 02:07:18.599
BTC,BUY,0.0491,10160630.000,2024-07-18 02:07:22.199
BTC,BUY,0.0220,10160630.000,2024-07-18 02:07:22.809
BTC,BUY,0.0040,10160630.000,2024-07-18 02:07:26.085
BTC,BUY,0.0240,10164675.000,2024-07-18 02:07:26.085
BTC,BUY,0.0100,10166265.000,2024-07-18 02:07:45.257
BTC,BUY,0.0083,10166266.000,2024-07-18 02:08:21.547
BTC,BUY,0.0017,10166266.000,2024-07-18 02:08:21.547
BTC,SELL,0.0002,10160000.000,2024-07-18 02:08:55.018
BTC,SELL,0.0190,10150149.000,2024-07-18 02:09:10.982
BTC,SELL,0.0010,10150000.000,2024-07-18 02:09:50.923
BTC,SELL,0.0100,10150000.000,2024-07-18 02:09:50.923
BTC,SELL,0.0090,10149840.000,2024-07-18 02:09:50.923
BTC,SELL,0.0021,10149840.000,2024-07-18 02:09:50.991
BTC,SELL,0.0050,10140358.000,2024-07-18 02:09:51.256
BTC,SELL,0.0060,10140358.000,2024-07-18 02:09:51.283
BTC,SELL,0.0030,10140358.000,2024-07-18 02:09:51.533
BTC,SELL,0.0002,10140000.000,2024-07-18 02:10:37.335
BTC,SELL,0.0008,10140000.000,2024-07-18 02:10:38.068
BTC,SELL,0.0010,10140000.000,2024-07-18 02:10:38.068
BTC,SELL,0.0004,10140000.000,2024-07-18 02:10:38.068
BTC,SELL,0.0004,10130000.000,2024-07-18 02:10:49.359
BTC,SELL,0.0010,10130000.000,2024-07-18 02:10:49.359
BTC,SELL,0.0010,10127937.000,2024-07-18 02:10:49.422
BTC,BUY,0.0110,10130000.000,2024-07-18 02:10:51.908
BTC,BUY,0.0185,10126268.000,2024-07-18 02:11:07.741
BTC,SELL,0.0001,10125120.000,2024-07-18 02:11:43.546
BTC,SELL,0.0010,10120000.000,2024-07-18 02:11:48.447
BTC,SELL,0.0004,10120000.000,2024-07-18 02:11:48.447
BTC,SELL,0.0010,10120000.000,2024-07-18 02:11:48.447
BTC,SELL,0.0162,10116567.000,2024-07-18 02:11:48.447
BTC,SELL,0.0034,10114150.000,2024-07-18 02:11:48.447
BTC,SELL,0.0080,10113653.000,2024-07-18 02:11:48.447
BTC,SELL,0.0010,10113653.000,2024-07-18 02:11:48.505
BTC,BUY,0.0079,10118230.000,2024-07-18 02:11:49.792
BTC,SELL,0.0002,10118759.000,2024-07-18 02:11:51.900
BTC,SELL,0.0008,10113653.000,2024-07-18 02:11:51.900
BTC,BUY,0.0001,10114520.000,2024-07-18 02:11:54.128
BTC,SELL,0.0002,10114811.000,2024-07-18 02:12:12.320
BTC,SELL,0.0001,10111245.000,2024-07-18 02:12:13.221
BTC,SELL,0.0004,10110000.000,2024-07-18 02:12:19.604
BTC,SELL,0.0010,10110000.000,2024-07-18 02:12:19.604
BTC,SELL,0.0002,10110000.000,2024-07-18 02:12:19.604
BTC,SELL,0.0001,10105804.000,2024-07-18 02:12:19.604
BTC,SELL,0.1000,10100619.000,2024-07-18 02:12:19.604
BTC,SELL,0.0004,10100000.000,2024-07-18 02:12:19.604
BTC,SELL,0.0005,10100000.000,2024-07-18 02:12:19.604
BTC,SELL,0.0100,10100000.000,2024-07-18 02:12:19.604
BTC,SELL,0.0010,10100000.000,2024-07-18 02:12:19.604
BTC,BUY,0.0050,10100000.000,2024-07-18 02:12:20.650
BTC,BUY,0.0207,10100000.000,2024-07-18 02:12:20.861
BTC,BUY,0.0073,10100000.000,2024-07-18 02:12:21.254
BTC,BUY,0.0030,10100000.000,2024-07-18 02:12:21.500
BTC,BUY,0.0026,10100000.000,2024-07-18 02:12:22.230
BTC,BUY,0.0010,10100000.000,2024-07-18 02:12:22.950
BTC,BUY,0.0010,10100000.000,2024-07-18 02:12:23.141
BTC,BUY,0.0110,10100000.000,2024-07-18 02:12:23.194
BTC,BUY,0.0050,10100000.000,2024-07-18 02:12:23.872
BTC,BUY,0.0100,10100000.000,2024-07-18 02:12:27.563
BTC,BUY,0.0100,10100000.000,2024-07-18 02:12:27.741
BTC,BUY,0.0100,10100000.000,2024-07-18 02:12:28.157
BTC,BUY,0.0050,10100000.000,2024-07-18 02:12:28.873
BTC,SELL,0.0002,10099999.000,2024-07-18 02:12:28.954
BTC,SELL,0.0880,10099995.000,2024-07-18 02:12:28.954
BTC,SELL,0.0010,10099995.000,2024-07-18 02:12:28.954
BTC,SELL,0.0020,10099841.000,2024-07-18 02:12:28.954
BTC,SELL,0.0488,10099841.000,2024-07-18 02:12:28.954
BTC,BUY,0.0110,10100000.000,2024-07-18 02:12:32.772
BTC,BUY,0.0110,10100000.000,2024-07-18 02:12:32.906
BTC,BUY,0.0110,10100000.000,2024-07-18 02:12:33.104
BTC,BUY,0.0100,10100000.000,2024-07-18 02:12:46.979
BTC,BUY,0.0297,10092539.000,2024-07-18 02:12:50.439
BTC,BUY,0.0100,10095970.000,2024-07-18 02:12:52.481
BTC,BUY,0.0009,10095970.000,2024-07-18 02:12:52.707
BTC,BUY,0.0110,10096916.000,2024-07-18 02:12:53.113
BTC,BUY,0.0080,10096916.000,2024-07-18 02:12:53.281
BTC,BUY,0.0217,10097560.000,2024-07-18 02:12:53.281
BTC,BUY,0.0100,10097560.000,2024-07-18 02:12:53.343
BTC,BUY,0.0050,10097542.000,2024-07-18 02:12:53.905
BTC,SELL,0.0050,10099149.000,2024-07-18 02:12:54.931
BTC,SELL,0.0002,10095439.000,2024-07-18 02:12:54.931
BTC,SELL,0.0150,10092538.000,2024-07-18 02:12:54.931
BTC,BUY,0.0297,10095440.000,2024-07-18 02:12:58.234
BTC,BUY,0.0100,10097030.000,2024-07-18 02:13:00.155
BTC,BUY,0.0110,10098090.000,2024-07-18 02:13:03.392
BTC,BUY,0.0001,10099150.000,2024-07-18 02:13:04.617
BTC,BUY,0.0110,10099680.000,2024-07-18 02:13:05.190
BTC,BUY,0.0110,10100000.000,2024-07-18 02:13:05.683
BTC,SELL,0.0002,10098089.000,2024-07-18 02:13:06.391
BTC,SELL,0.0108,10094684.000,2024-07-18 02:13:06.391
BTC,BUY,0.0001,10099150.000,2024-07-18 02:13:07.110
BTC,BUY,0.0350,10095761.000,2024-07-18 02:13:10.897
BTC,BUY,0.0109,10095761.000,2024-07-18 02:13:11.363
BTC,BUY,0.0050,10098477.000,2024-07-18 02:13:14.070
BTC,BUY,0.0009,10099766.000,2024-07-18 02:13:19.920
BTC,BUY,0.0005,10100000.000,2024-07-18 02:13:22.728
BTC,BUY,0.0008,10100000.000,2024-07-18 02:13:24.193
BTC,BUY,0.0007,10100000.000,2024-07-18 02:13:25.191
BTC,BUY,0.0010,10100000.000,2024-07-18 02:13:26.200
BTC,BUY,0.0007,10100000.000,2024-07-18 02:13:27.246
BTC,BUY,0.0008,10100000.000,2024-07-18 02:13:37.058
BTC,BUY,0.0009,10100000.000,2024-07-18 02:13:38.143
BTC,BUY,0.0007,10100000.000,2024-07-18 02:13:39.154
BTC,BUY,0.0009,10100000.000,2024-07-18 02:13:40.300
BTC,BUY,0.0200,10100000.000,2024-07-18 02:13:45.582
BTC,BUY,0.0007,10100000.000,2024-07-18 02:13:51.043
BTC,BUY,0.0010,10100000.000,2024-07-18 02:14:40.963
BTC,SELL,0.0009,10099991.000,2024-07-18 02:14:45.976
BTC,SELL,0.0098,10098832.000,2024-07-18 02:14:45.976
BTC,SELL,0.0081,10098832.000,2024-07-18 02:14:45.976
BTC,SELL,0.0125,10096800.000,2024-07-18 02:14:45.976
BTC,SELL,0.0799,10096210.000,2024-07-18 02:14:45.976
BTC,BUY,0.0001,10100000.000,2024-07-18 02:15:03.964
BTC,BUY,0.0100,10100000.000,2024-07-18 02:15:04.350
BTC,BUY,0.0001,10095384.000,2024-07-18 02:15:33.412
BTC,BUY,0.0020,10093855.000,2024-07-18 02:16:22.636
BTC,BUY,0.0009,10093855.000,2024-07-18 02:16:22.720
BTC,BUY,0.0100,10090001.000,2024-07-18 02:16:31.317
BTC,BUY,0.0100,10092260.000,2024-07-18 02:16:31.720
BTC,SELL,0.0004,10090000.000,2024-07-18 02:16:32.125
BTC,SELL,0.0010,10090000.000,2024-07-18 02:16:32.125
BTC,SELL,0.1000,10085189.000,2024-07-18 02:16:32.125
BTC,BUY,0.0050,10085000.000,2024-07-18 02:16:32.828
BTC,BUY,0.0100,10085000.000,2024-07-18 02:16:35.026
BTC,BUY,0.0100,10085000.000,2024-07-18 02:16:37.955
BTC,BUY,0.0100,10085000.000,2024-07-18 02:16:41.663
BTC,BUY,0.0100,10085000.000,2024-07-18 02:16:42.052
BTC,BUY,0.0009,10085000.000,2024-07-18 02:16:42.823
BTC,BUY,0.0100,10084959.000,2024-07-18 02:16:51.678
BTC,BUY,0.0050,10084959.000,2024-07-18 02:17:02.657
BTC,SELL,0.0004,10080000.000,2024-07-18 02:17:03.501
BTC,SELL,0.0020,10080000.000,2024-07-18 02:17:03.501
BTC,SELL,0.0010,10080000.000,2024-07-18 02:17:03.501
BTC,SELL,0.0120,10080000.000,2024-07-18 02:17:03.501
BTC,SELL,0.0050,10079148.000,2024-07-18 02:17:03.501
BTC,SELL,0.1000,10078909.000,2024-07-18 02:17:03.501
BTC,SELL,0.0300,10076434.000,2024-07-18 02:17:03.501
BTC,SELL,0.0020,10075441.000,2024-07-18 02:17:03.501
BTC,SELL,0.0124,10073725.000,2024-07-18 02:17:03.501
BTC,SELL,0.0300,10073447.000,2024-07-18 02:17:03.501
BTC,SELL,0.0100,10073391.000,2024-07-18 02:17:03.501
BTC,SELL,0.0100,10071491.000,2024-07-18 02:17:03.501
BTC,SELL,0.0162,10071490.000,2024-07-18 02:17:03.501
BTC,SELL,0.0004,10070000.000,2024-07-18 02:17:03.501
BTC,SELL,0.0010,10070000.000,2024-07-18 02:17:03.501
BTC,BUY,0.0200,10070000.000,2024-07-18 02:17:04.115
BTC,BUY,0.0100,10070000.000,2024-07-18 02:17:04.118
BTC,BUY,0.0085,10069920.000,2024-07-18 02:17:04.224
BTC,BUY,0.0040,10069920.000,2024-07-18 02:17:05.195
BTC,BUY,0.0097,10070000.000,2024-07-18 02:17:06.124
BTC,BUY,0.0046,10070000.000,2024-07-18 02:17:06.212
BTC,BUY,0.0100,10070000.000,2024-07-18 02:17:07.125
BTC,BUY,0.1000,10070000.000,2024-07-18 02:17:07.977
BTC,BUY,0.0063,10070000.000,2024-07-18 02:17:08.232
BTC,BUY,0.0130,10070000.000,2024-07-18 02:17:08.438
BTC,BUY,0.0028,10070000.000,2024-07-18 02:17:09.326
BTC,BUY,0.0335,10070000.000,2024-07-18 02:17:10.155
BTC,BUY,0.0124,10078230.000,2024-07-18 02:17:10.352
BTC,BUY,0.1000,10077594.000,2024-07-18 02:17:12.606
BTC,BUY,0.0009,10081660.000,2024-07-18 02:17:12.696
BTC,BUY,0.0100,10082039.000,2024-07-18 02:17:13.880
BTC,BUY,0.0125,10082160.000,2024-07-18 02:17:13.880
BTC,BUY,0.0300,10082189.000,2024-07-18 02:17:13.880
BTC,BUY,0.0030,10082557.000,2024-07-18 02:17:13.880
BTC,BUY,0.0243,10083250.000,2024-07-18 02:17:13.880
BTC,BUY,0.0125,10084240.000,2024-07-18 02:17:16.764
BTC,BUY,0.0175,10084347.000,2024-07-18 02:17:16.764
BTC,BUY,0.0100,10084953.000,2024-07-18 02:17:19.935
BTC,BUY,0.0100,10086418.000,2024-07-18 02:17:23.605
BTC,BUY,0.0100,10088550.000,2024-07-18 02:17:26.109
BTC,BUY,0.0100,10088681.000,2024-07-18 02:17:29.053
BTC,BUY,0.0001,10088681.000,2024-07-18 02:17:52.318
BTC,BUY,0.0009,10084178.000,2024-07-18 02:18:03.139
BTC,BUY,0.0016,10080741.000,2024-07-18 02:18:10.757
BTC,BUY,0.0100,10080741.000,2024-07-18 02:18:10.757
BTC,SELL,0.0002,10080740.000,2024-07-18 02:18:15.954
BTC,BUY,0.0212,10080627.000,2024-07-18 02:18:18.278
BTC,SELL,0.0002,10076639.000,2024-07-18 02:18:24.377
BTC,BUY,0.0039,10076640.000,2024-07-18 02:18:24.823
BTC,BUY,0.0059,10075395.000,2024-07-18 02:18:39.648
BTC,BUY,0.0010,10080600.000,2024-07-18 02:18:45.274
BTC,BUY,0.0441,10080950.000,2024-07-18 02:18:46.671
BTC,SELL,0.0100,10075328.000,2024-07-18 02:18:51.041
BTC,SELL,0.0002,10075000.000,2024-07-18 02:18:54.031
BTC,BUY,0.0010,10075300.000,2024-07-18 02:19:00.138
BTC,BUY,0.0010,10075085.000,2024-07-18 02:19:06.119
BTC,SELL,0.0300,10073056.000,2024-07-18 02:19:12.035
BTC,SELL,0.0410,10072250.000,2024-07-18 02:19:12.035
BTC,SELL,0.1113,10072176.000,2024-07-18 02:19:12.035
BTC,SELL,0.0037,10072175.000,2024-07-18 02:19:12.035
BTC,SELL,0.1000,10071647.000,2024-07-18 02:19:12.035
BTC,SELL,0.0014,10070000.000,2024-07-18 02:19:12.035
BTC,BUY,0.0010,10070000.000,2024-07-18 02:19:18.147
BTC,BUY,0.0001,10070000.000,2024-07-18 02:19:18.469
BTC,BUY,0.0041,10070000.000,2024-07-18 02:19:18.593
BTC,BUY,0.0500,10070000.000,2024-07-18 02:19:18.686
BTC,BUY,0.0100,10070000.000,2024-07-18 02:19:19.114
BTC,BUY,0.0350,10070000.000,2024-07-18 02:19:19.327
BTC,BUY,0.0004,10070000.000,2024-07-18 02:19:19.412
BTC,BUY,0.0020,10070000.000,2024-07-18 02:19:19.668
BTC,BUY,0.0300,10070000.000,2024-07-18 02:19:19.953
BTC,BUY,0.0009,10070000.000,2024-07-18 02:19:20.594
BTC,BUY,0.1000,10070000.000,2024-07-18 02:19:21.915
BTC,BUY,0.0010,10070000.000,2024-07-18 02:19:24.144
BTC,BUY,0.0296,10070000.000,2024-07-18 02:19:27.135
BTC,BUY,0.0010,10070000.000,2024-07-18 02:19:30.121
BTC,BUY,0.0100,10070000.000,2024-07-18 02:19:34.132
BTC,BUY,0.0041,10070000.000,2024-07-18 02:19:34.136
BTC,BUY,0.0500,10070000.000,2024-07-18 02:19:34.186
BTC,BUY,0.0100,10070000.000,2024-07-18 02:19:34.351
BTC,BUY,0.0020,10070000.000,2024-07-18 02:19:34.704
BTC,BUY,0.0088,10070000.000,2024-07-18 02:19:34.794
BTC,BUY,0.0001,10070000.000,2024-07-18 02:19:35.096
BTC,BUY,0.0001,10070000.000,2024-07-18 02:19:35.496
BTC,BUY,0.0010,10070000.000,2024-07-18 02:19:36.237
BTC,BUY,0.1000,10070000.000,2024-07-18 02:19:37.409
BTC,BUY,0.1000,10070000.000,2024-07-18 02:19:39.739
BTC,BUY,0.0010,10070000.000,2024-07-18 02:19:42.129
BTC,BUY,0.0300,10070000.000,2024-07-18 02:19:42.270
BTC,BUY,0.0300,10070000.000,2024-07-18 02:19:44.306
BTC,BUY,0.0010,10070000.000,2024-07-18 02:19:48.141
BTC,BUY,0.0159,10070000.000,2024-07-18 02:19:52.445
BTC,BUY,0.0010,10070000.000,2024-07-18 02:19:54.137
BTC,BUY,0.0300,10070000.000,2024-07-18 02:19:55.488
BTC,BUY,0.0019,10070000.000,2024-07-18 02:19:56.303
BTC,BUY,0.0010,10070000.000,2024-07-18 02:20:00.121
BTC,BUY,0.0090,10070000.000,2024-07-18 02:20:00.534
BTC,BUY,0.0009,10070000.000,2024-07-18 02:20:01.366
BTC,BUY,0.0022,10070000.000,2024-07-18 02:20:01.405
BTC,BUY,0.0219,10070000.000,2024-07-18 02:20:04.096
BTC,BUY,0.0010,10070000.000,2024-07-18 02:20:06.171
BTC,BUY,0.0146,10070000.000,2024-07-18 02:20:08.176
BTC,BUY,0.0010,10078961.000,2024-07-18 02:20:12.127
BTC,BUY,0.0008,10078585.000,2024-07-18 02:20:17.499
BTC,BUY,0.0010,10079635.000,2024-07-18 02:20:18.150
BTC,BUY,0.0010,10082306.000,2024-07-18 02:20:24.150
BTC,BUY,0.0020,10082306.000,2024-07-18 02:20:25.593
BTC,BUY,0.0010,10081769.000,2024-07-18 02:20:30.182
BTC,SELL,0.0060,10081767.000,2024-07-18 02:20:32.151
BTC,BUY,0.0010,10086235.000,2024-07-18 02:20:36.138
BTC,BUY,0.0001,10082360.000,2024-07-18 02:20:40.048
BTC,BUY,0.0010,10082360.000,2024-07-18 02:20:42.134
BTC,BUY,0.0010,10076040.000,2024-07-18 02:20:48.140
BTC,BUY,0.0010,10080070.000,2024-07-18 02:20:54.130
BTC,BUY,0.0010,10078610.000,2024-07-18 02:21:00.150
BTC,SELL,0.0002,10073680.000,2024-07-18 02:21:02.332
BTC,BUY,0.0010,10073248.000,2024-07-18 02:21:06.168
BTC,BUY,0.0010,10073563.000,2024-07-18 02:21:12.145
BTC,BUY,0.0010,10072684.000,2024-07-18 02:21:18.142
BTC,BUY,0.0010,10067709.000,2024-07-18 02:21:24.149
BTC,BUY,0.0010,10066000.000,2024-07-18 02:21:30.169
BTC,BUY,0.0010,10068410.000,2024-07-18 02:21:36.172
BTC,BUY,0.0010,10066537.000,2024-07-18 02:21:42.166
BTC,BUY,0.0010,10066524.000,2024-07-18 02:21:48.194
BTC,BUY,0.0010,10065001.000,2024-07-18 02:21:54.153
BTC,SELL,0.0004,10065000.000,2024-07-18 02:21:56.819
BTC,SELL,0.0100,10065000.000,2024-07-18 02:21:57.179
BTC,SELL,0.0100,10065000.000,2024-07-18 02:21:59.275
