symbol,side,size,price,timestamp
ETH,BUY,0.0998,500801.000,2024-07-10 21:06:21.414
ETH,SELL,0.0920,500700.000,2024-07-10 21:07:52.744
ETH,SELL,0.0119,500700.000,2024-07-10 21:07:58.888
ETH,SELL,0.3961,500700.000,2024-07-10 21:07:58.982
ETH,SELL,0.0119,500256.000,2024-07-10 21:07:58.982
ETH,BUY,0.0300,500451.000,2024-07-10 21:08:56.113
ETH,SELL,0.0881,500256.000,2024-07-10 21:13:15.266
ETH,SELL,0.1037,500000.000,2024-07-10 21:13:15.266
ETH,SELL,0.0881,500000.000,2024-07-10 21:13:16.439
ETH,SELL,0.0887,500000.000,2024-07-10 21:13:18.160
ETH,SELL,0.1000,500000.000,2024-07-10 21:13:19.363
ETH,SELL,0.0100,500000.000,2024-07-10 21:14:04.672
ETH,SELL,0.0500,500000.000,2024-07-10 21:14:46.487
ETH,SELL,0.0500,500000.000,2024-07-10 21:14:46.595
ETH,SELL,0.4116,500000.000,2024-07-10 21:14:46.640
ETH,SELL,0.0979,500000.000,2024-07-10 21:14:46.641
ETH,SELL,0.0150,500000.000,2024-07-10 21:14:46.641
ETH,SELL,0.0500,500000.000,2024-07-10 21:14:46.641
ETH,SELL,0.0314,500000.000,2024-07-10 21:14:46.641
ETH,SELL,0.0686,500000.000,2024-07-10 21:14:46.847
ETH,SELL,0.0014,500000.000,2024-07-10 21:14:46.847
ETH,SELL,0.0500,500000.000,2024-07-10 21:14:47.540
ETH,SELL,0.4617,500000.000,2024-07-10 21:14:47.763
ETH,SELL,1.3869,500000.000,2024-07-10 21:14:48.057
ETH,SELL,0.0100,500000.000,2024-07-10 21:14:48.057
ETH,SELL,0.1000,500000.000,2024-07-10 21:14:48.057
ETH,SELL,0.0200,499999.000,2024-07-10 21:14:48.057
ETH,SELL,0.1000,499250.000,2024-07-10 21:14:49.323
ETH,SELL,0.1000,499250.000,2024-07-10 21:14:49.708
ETH,BUY,0.0199,499322.000,2024-07-10 21:15:07.178
ETH,BUY,0.3400,499409.000,2024-07-10 21:15:50.307
ETH,BUY,0.1000,499240.000,2024-07-10 21:17:19.911
ETH,BUY,0.1000,499684.000,2024-07-10 21:20:49.631
ETH,BUY,0.0500,499931.000,2024-07-10 21:22:29.616
ETH,BUY,0.4000,500192.000,2024-07-10 21:23:29.251
ETH,BUY,0.1000,500347.000,2024-07-10 21:27:01.720
ETH,BUY,0.1036,500411.000,2024-07-10 21:27:01.720
ETH,BUY,0.0964,500482.000,2024-07-10 21:27:01.720
ETH,BUY,1.0000,499727.000,2024-07-10 21:32:13.264
ETH,BUY,0.0100,500060.000,2024-07-10 21:33:36.500
ETH,BUY,0.0139,500051.000,2024-07-10 21:34:34.010
ETH,BUY,0.0401,500105.000,2024-07-10 21:34:34.010
ETH,BUY,0.0239,500163.000,2024-07-10 21:34:37.812
ETH,BUY,0.4000,499919.000,2024-07-10 21:42:33.423
ETH,BUY,0.4000,499919.000,2024-07-10 21:42:33.493
ETH,BUY,0.2000,499919.000,2024-07-10 21:42:34.303
ETH,BUY,0.3937,500082.000,2024-07-10 21:48:39.058
ETH,BUY,0.1000,500322.000,2024-07-10 21:50:01.764
ETH,BUY,0.5000,500322.000,2024-07-10 21:50:01.891
ETH,BUY,0.4000,500322.000,2024-07-10 21:50:02.148
ETH,BUY,0.4993,500472.000,2024-07-10 21:50:02.148
ETH,BUY,0.4304,500664.000,2024-07-10 21:50:03.250
ETH,BUY,0.0703,500664.000,2024-07-10 21:50:03.313
ETH,BUY,0.2426,500940.000,2024-07-10 21:50:03.313
ETH,BUY,0.1000,500940.000,2024-07-10 21:50:03.664
ETH,BUY,0.2300,500940.000,2024-07-10 21:50:03.777
ETH,BUY,0.4274,500940.000,2024-07-10 21:50:04.479
ETH,BUY,0.1000,501345.000,2024-07-10 21:50:04.479
ETH,BUY,0.1000,501443.000,2024-07-10 21:50:07.014
ETH,BUY,0.0500,501443.000,2024-07-10 21:50:07.633
ETH,BUY,0.1000,501443.000,2024-07-10 21:50:07.803
ETH,BUY,0.0398,501446.000,2024-07-10 21:50:15.593
ETH,BUY,0.0380,501716.000,2024-07-10 21:51:20.119
ETH,BUY,0.0441,501923.000,2024-07-10 21:51:20.551
ETH,BUY,0.3448,501594.000,2024-07-10 21:53:13.867
ETH,BUY,0.1552,501634.000,2024-07-10 21:53:13.867
ETH,BUY,0.1000,501615.000,2024-07-10 21:54:06.060
ETH,BUY,0.1281,501521.000,2024-07-10 21:55:27.137
ETH,BUY,0.1719,501630.000,2024-07-10 21:55:27.137
ETH,BUY,0.0500,501652.000,2024-07-10 21:55:49.023
ETH,BUY,0.0100,501623.000,2024-07-10 21:57:11.760
ETH,BUY,0.1100,501671.000,2024-07-10 21:57:11.760
ETH,SELL,0.5000,501303.000,2024-07-10 21:57:19.211
ETH,BUY,0.0100,501540.000,2024-07-10 21:57:39.912
ETH,BUY,0.0900,501558.000,2024-07-10 21:57:39.912
ETH,BUY,0.0200,501640.000,2024-07-10 21:57:43.241
ETH,SELL,0.5000,501274.000,2024-07-10 21:58:50.748
ETH,SELL,0.5000,501057.000,2024-07-10 21:59:06.639
ETH,SELL,0.2000,501057.000,2024-07-10 21:59:07.495
ETH,SELL,0.2000,501058.000,2024-07-10 21:59:09.376
ETH,SELL,0.1054,501017.000,2024-07-10 22:03:11.608
ETH,BUY,0.0110,501138.000,2024-07-10 22:04:14.280
ETH,SELL,0.0100,501265.000,2024-07-10 22:05:59.893
ETH,BUY,1.0000,501241.000,2024-07-10 22:07:50.662
ETH,BUY,0.0100,501993.000,2024-07-10 22:08:10.468
ETH,BUY,0.0101,502127.000,2024-07-10 22:08:10.468
ETH,BUY,0.0279,502189.000,2024-07-10 22:08:10.468
ETH,BUY,0.4000,502059.000,2024-07-10 22:11:42.176
ETH,BUY,0.0100,502037.000,2024-07-10 22:11:50.878
ETH,BUY,0.0700,502053.000,2024-07-10 22:11:50.878
ETH,BUY,0.0200,502052.000,2024-07-10 22:11:53.245
ETH,BUY,0.0600,502002.000,2024-07-10 22:12:20.114
ETH,BUY,0.0267,501867.000,2024-07-10 22:21:39.029
ETH,BUY,0.1000,501873.000,2024-07-10 22:21:39.072
ETH,BUY,0.2000,501873.000,2024-07-10 22:21:39.309
ETH,BUY,0.0267,502175.000,2024-07-10 22:21:42.244
ETH,BUY,0.0110,501702.000,2024-07-10 22:24:02.579
ETH,BUY,0.1000,501712.000,2024-07-10 22:25:42.718
ETH,BUY,0.9000,501713.000,2024-07-10 22:25:42.718
ETH,BUY,0.1000,502207.000,2024-07-10 22:28:04.588
ETH,BUY,1.0000,502037.000,2024-07-10 22:28:51.663
ETH,BUY,0.0180,502205.000,2024-07-10 22:30:19.515
ETH,BUY,0.0199,502232.000,2024-07-10 22:33:52.441
ETH,SELL,0.2000,502189.000,2024-07-10 22:45:51.788
ETH,SELL,0.2000,501803.000,2024-07-10 22:45:54.978
ETH,SELL,0.0100,501800.000,2024-07-10 22:49:15.109
ETH,BUY,0.0310,501579.000,2024-07-10 22:52:44.677
ETH,SELL,0.1725,501669.000,2024-07-10 22:56:18.791
ETH,SELL,0.5000,501434.000,2024-07-10 23:03:09.968
ETH,SELL,0.5000,501393.000,2024-07-10 23:04:06.838
ETH,BUY,0.0100,501520.000,2024-07-10 23:05:14.868
ETH,BUY,0.0100,501555.000,2024-07-10 23:05:15.505
ETH,BUY,0.0200,501555.000,2024-07-10 23:05:15.663
ETH,BUY,0.0200,501615.000,2024-07-10 23:10:19.317
ETH,BUY,0.0100,501434.000,2024-07-10 23:10:41.723
ETH,BUY,0.3200,501434.000,2024-07-10 23:10:41.818
ETH,BUY,0.4000,501434.000,2024-07-10 23:10:42.500
ETH,BUY,0.2000,501434.000,2024-07-10 23:10:42.505
ETH,BUY,0.0300,501434.000,2024-07-10 23:10:42.677
ETH,BUY,0.4000,501475.000,2024-07-10 23:10:42.771
ETH,BUY,0.1500,501541.000,2024-07-10 23:11:18.073
ETH,BUY,0.0200,501816.000,2024-07-10 23:11:30.495
ETH,BUY,0.5000,501845.000,2024-07-10 23:11:38.117
ETH,BUY,0.0530,501807.000,2024-07-10 23:12:09.088
ETH,BUY,0.0100,501297.000,2024-07-10 23:17:41.570
ETH,BUY,0.0100,501291.000,2024-07-10 23:17:41.701
ETH,BUY,0.0300,501372.000,2024-07-10 23:17:41.703
ETH,BUY,0.4000,501372.000,2024-07-10 23:17:41.992
ETH,BUY,0.0100,501291.000,2024-07-10 23:17:42.071
ETH,BUY,0.3100,501372.000,2024-07-10 23:17:42.071
ETH,BUY,0.2600,501372.000,2024-07-10 23:17:42.148
ETH,BUY,0.0267,501504.000,2024-07-10 23:17:42.148
ETH,BUY,0.1133,501507.000,2024-07-10 23:17:42.148
ETH,BUY,0.0400,501437.000,2024-07-10 23:17:44.767
ETH,BUY,0.0100,501466.000,2024-07-10 23:18:12.028
ETH,BUY,0.1900,501680.000,2024-07-10 23:18:12.028
ETH,BUY,0.2000,501680.000,2024-07-10 23:18:12.030
ETH,BUY,0.0300,501680.000,2024-07-10 23:18:12.168
ETH,BUY,0.0100,501460.000,2024-07-10 23:18:12.594
ETH,BUY,0.0100,501674.000,2024-07-10 23:18:15.960
ETH,BUY,0.3900,501733.000,2024-07-10 23:18:15.960
ETH,BUY,0.0200,501733.000,2024-07-10 23:18:16.255
ETH,BUY,0.0100,501873.000,2024-07-10 23:20:16.385
ETH,BUY,0.0100,501968.000,2024-07-10 23:20:16.385
ETH,BUY,0.0200,501899.000,2024-07-10 23:20:20.361
ETH,BUY,0.0100,501872.000,2024-07-10 23:21:27.933
ETH,BUY,0.5900,501884.000,2024-07-10 23:21:27.933
ETH,BUY,0.0100,501797.000,2024-07-10 23:24:05.141
ETH,BUY,0.0100,501791.000,2024-07-10 23:24:05.766
ETH,BUY,0.0500,501843.000,2024-07-10 23:24:05.766
ETH,BUY,0.0300,501811.000,2024-07-10 23:24:08.424
ETH,SELL,0.0260,501769.000,2024-07-10 23:31:26.004
ETH,BUY,1.0000,501770.000,2024-07-10 23:33:41.018
ETH,BUY,2.0000,501874.000,2024-07-10 23:33:41.018
ETH,BUY,0.8000,501903.000,2024-07-10 23:36:24.752
ETH,BUY,0.0431,501805.000,2024-07-10 23:37:40.194
ETH,BUY,0.0469,501932.000,2024-07-10 23:37:40.194
ETH,BUY,0.0431,501961.000,2024-07-10 23:37:42.818
ETH,BUY,0.0134,502257.000,2024-07-10 23:42:10.381
ETH,BUY,0.0134,502425.000,2024-07-10 23:42:12.774
ETH,BUY,0.0100,502458.000,2024-07-10 23:42:48.367
ETH,BUY,0.0100,502532.000,2024-07-10 23:42:52.589
ETH,BUY,0.1900,502537.000,2024-07-10 23:42:52.589
ETH,BUY,0.0200,502524.000,2024-07-10 23:42:55.771
ETH,BUY,0.0100,502592.000,2024-07-10 23:44:16.504
ETH,BUY,0.0100,502705.000,2024-07-10 23:45:39.694
ETH,BUY,0.1200,502773.000,2024-07-10 23:45:39.694
ETH,BUY,0.0200,502802.000,2024-07-10 23:45:42.291
ETH,BUY,0.0100,502443.000,2024-07-10 23:49:53.043
ETH,BUY,0.0100,502418.000,2024-07-10 23:50:24.297
ETH,BUY,0.0250,502283.000,2024-07-10 23:53:52.223
ETH,BUY,0.2492,502187.000,2024-07-10 23:55:06.099
ETH,BUY,0.7508,502334.000,2024-07-10 23:55:06.099
ETH,BUY,0.0100,502277.000,2024-07-10 23:56:30.365
ETH,SELL,0.0100,501773.000,2024-07-11 00:00:17.836
ETH,SELL,0.0740,501769.000,2024-07-11 00:02:15.721
ETH,SELL,0.4860,501725.000,2024-07-11 00:02:15.721
ETH,SELL,0.5140,501725.000,2024-07-11 00:04:27.989
ETH,SELL,0.0200,501595.000,2024-07-11 00:05:00.285
ETH,SELL,0.1000,501351.000,2024-07-11 00:06:37.299
ETH,SELL,0.1100,501271.000,2024-07-11 00:07:30.021
ETH,BUY,0.0801,501555.000,2024-07-11 00:08:15.781
ETH,SELL,0.3300,501446.000,2024-07-11 00:08:17.625
ETH,BUY,0.0519,501497.000,2024-07-11 00:08:19.812
ETH,BUY,0.0500,501498.000,2024-07-11 00:12:22.643
ETH,BUY,0.1100,501175.000,2024-07-11 00:13:54.976
ETH,BUY,0.1000,501175.000,2024-07-11 00:13:54.976
ETH,BUY,0.3300,501240.000,2024-07-11 00:13:54.976
ETH,BUY,0.0200,501322.000,2024-07-11 00:13:54.976
ETH,SELL,0.0100,500902.000,2024-07-11 00:17:30.829
ETH,BUY,0.0199,500917.000,2024-07-11 00:17:32.368
ETH,BUY,0.0199,500917.000,2024-07-11 00:17:32.641
ETH,BUY,0.0199,500946.000,2024-07-11 00:17:34.158
ETH,BUY,0.0199,500975.000,2024-07-11 00:17:42.432
ETH,BUY,0.0199,500975.000,2024-07-11 00:17:52.457
ETH,SELL,0.0160,500821.000,2024-07-11 00:18:33.075
ETH,SELL,0.0200,500200.000,2024-07-11 00:18:51.989
ETH,SELL,0.0200,500001.000,2024-07-11 00:18:54.420
ETH,SELL,0.0050,500001.000,2024-07-11 00:18:58.777
ETH,SELL,0.0050,500000.000,2024-07-11 00:18:58.777
ETH,SELL,0.0150,500000.000,2024-07-11 00:19:01.739
ETH,SELL,0.0372,500000.000,2024-07-11 00:19:01.739
ETH,SELL,0.0823,500000.000,2024-07-11 00:19:03.337
ETH,SELL,0.0760,500000.000,2024-07-11 00:19:04.106
ETH,SELL,0.0100,500000.000,2024-07-11 00:19:04.106
ETH,SELL,0.0100,499973.000,2024-07-11 00:19:04.106
ETH,SELL,0.2000,499800.000,2024-07-11 00:19:04.106
ETH,SELL,0.0100,499662.000,2024-07-11 00:19:04.106
ETH,SELL,0.2950,499596.000,2024-07-11 00:19:04.106
ETH,BUY,0.0100,500279.000,2024-07-11 00:20:19.618
ETH,BUY,0.3200,500337.000,2024-07-11 00:20:20.324
ETH,BUY,0.3600,501203.000,2024-07-11 00:23:59.530
ETH,BUY,0.3200,501203.000,2024-07-11 00:24:00.000
ETH,BUY,0.0199,501236.000,2024-07-11 00:24:52.326
ETH,BUY,0.0199,501264.000,2024-07-11 00:25:02.379
ETH,SELL,0.0135,500823.000,2024-07-11 00:25:14.835
ETH,BUY,0.0199,500887.000,2024-07-11 00:25:22.368
ETH,BUY,0.0199,500945.000,2024-07-11 00:25:32.372
ETH,BUY,0.0199,500974.000,2024-07-11 00:25:52.350
ETH,BUY,0.0199,501003.000,2024-07-11 00:26:02.326
ETH,BUY,0.0199,501032.000,2024-07-11 00:26:12.303
ETH,BUY,0.0199,501062.000,2024-07-11 00:26:22.394
ETH,BUY,0.0400,500981.000,2024-07-11 00:27:04.639
ETH,SELL,0.1077,500552.000,2024-07-11 00:27:28.021
ETH,BUY,0.0199,500596.000,2024-07-11 00:27:32.418
ETH,BUY,0.0199,500589.000,2024-07-11 00:27:42.281
ETH,BUY,0.0199,500559.000,2024-07-11 00:27:52.557
ETH,BUY,0.0199,500551.000,2024-07-11 00:28:02.463
ETH,BUY,0.0199,500481.000,2024-07-11 00:28:32.346
ETH,BUY,0.1000,500246.000,2024-07-11 00:31:10.600
ETH,BUY,0.0100,500250.000,2024-07-11 00:31:50.604
ETH,BUY,0.0199,500250.000,2024-07-11 00:33:52.354
ETH,BUY,1.0000,499057.000,2024-07-11 00:36:53.993
ETH,BUY,0.4000,499367.000,2024-07-11 00:37:13.587
ETH,BUY,0.1000,499511.000,2024-07-11 00:37:14.351
ETH,BUY,0.4000,499511.000,2024-07-11 00:37:14.724
ETH,BUY,0.3200,499511.000,2024-07-11 00:37:15.105
ETH,BUY,0.1000,499511.000,2024-07-11 00:37:15.277
ETH,BUY,0.0800,499511.000,2024-07-11 00:37:15.763
ETH,BUY,0.1200,499945.000,2024-07-11 00:37:15.763
ETH,BUY,0.0100,499878.000,2024-07-11 00:37:59.168
ETH,BUY,0.1000,499931.000,2024-07-11 00:38:02.608
ETH,SELL,0.1000,499571.000,2024-07-11 00:38:21.495
ETH,SELL,0.3333,499399.000,2024-07-11 00:38:28.741
ETH,SELL,0.0100,499498.000,2024-07-11 00:38:49.247
ETH,BUY,0.4000,499603.000,2024-07-11 00:39:07.431
ETH,SELL,0.0100,499655.000,2024-07-11 00:39:17.245
ETH,BUY,0.1500,499873.000,2024-07-11 00:39:23.436
ETH,BUY,0.0100,499931.000,2024-07-11 00:39:30.328
ETH,BUY,0.2300,499983.000,2024-07-11 00:41:03.108
ETH,BUY,0.4000,499986.000,2024-07-11 00:41:09.875
ETH,BUY,0.2500,499986.000,2024-07-11 00:41:09.917
ETH,BUY,0.0100,499986.000,2024-07-11 00:41:09.917
ETH,BUY,0.0600,500163.000,2024-07-11 00:41:09.917
ETH,BUY,0.1700,500163.000,2024-07-11 00:41:09.918
ETH,BUY,0.0500,500203.000,2024-07-11 00:41:10.895
ETH,SELL,0.4000,499697.000,2024-07-11 00:42:23.853
ETH,SELL,0.1600,499679.000,2024-07-11 00:42:23.853
ETH,SELL,0.0142,499761.000,2024-07-11 00:43:12.244
ETH,SELL,0.0117,499318.000,2024-07-11 00:44:44.762
ETH,BUY,0.0856,499959.000,2024-07-11 00:49:01.209
ETH,BUY,0.3144,499960.000,2024-07-11 00:49:01.209
ETH,BUY,0.4000,499960.000,2024-07-11 00:49:01.463
ETH,BUY,0.0100,499982.000,2024-07-11 00:49:06.940
ETH,BUY,0.1642,499946.000,2024-07-11 00:50:11.810
ETH,BUY,3.8358,500018.000,2024-07-11 00:50:11.810
ETH,BUY,0.2700,500141.000,2024-07-11 00:53:15.518
ETH,BUY,0.0100,500189.000,2024-07-11 00:53:19.912
ETH,BUY,0.2678,500366.000,2024-07-11 00:54:33.128
ETH,BUY,0.3200,500469.000,2024-07-11 00:54:36.471
ETH,BUY,0.2400,500469.000,2024-07-11 00:54:36.501
ETH,BUY,0.2250,500513.000,2024-07-11 00:54:55.386
ETH,BUY,0.1500,500513.000,2024-07-11 00:54:55.442
ETH,BUY,0.1000,500513.000,2024-07-11 00:54:55.510
ETH,BUY,0.0264,500893.000,2024-07-11 00:55:00.755
ETH,BUY,0.4000,501555.000,2024-07-11 00:58:26.146
ETH,BUY,0.4000,501555.000,2024-07-11 00:58:26.240
ETH,BUY,0.3200,501097.000,2024-07-11 00:58:26.354
ETH,BUY,0.0199,501140.000,2024-07-11 00:58:32.310
ETH,BUY,1.0000,501226.000,2024-07-11 00:58:39.335
ETH,BUY,0.4000,501758.000,2024-07-11 00:58:39.342
ETH,BUY,0.2900,501758.000,2024-07-11 00:58:39.393
ETH,BUY,0.3200,501758.000,2024-07-11 00:58:39.398
ETH,BUY,0.2000,501961.000,2024-07-11 00:58:41.049
ETH,BUY,0.2400,501507.000,2024-07-11 00:58:45.740
ETH,BUY,0.0800,501507.000,2024-07-11 00:58:46.642
ETH,BUY,0.1600,501528.000,2024-07-11 00:58:47.914
ETH,BUY,0.1600,501528.000,2024-07-11 00:58:48.598
ETH,BUY,0.0400,501528.000,2024-07-11 00:58:49.296
ETH,BUY,0.1000,501528.000,2024-07-11 00:58:50.393
ETH,SELL,0.0100,501378.000,2024-07-11 01:00:43.847
ETH,BUY,0.0825,501468.000,2024-07-11 01:01:50.424
ETH,BUY,0.0200,501497.000,2024-07-11 01:02:20.229
ETH,BUY,0.1000,501400.000,2024-07-11 01:07:16.519
ETH,BUY,0.0199,501400.000,2024-07-11 01:07:52.359
ETH,BUY,0.0199,501400.000,2024-07-11 01:08:02.338
ETH,BUY,0.1602,501400.000,2024-07-11 01:08:30.887
ETH,BUY,0.0198,500883.000,2024-07-11 01:10:12.380
ETH,BUY,0.0198,500849.000,2024-07-11 01:10:22.380
ETH,BUY,0.1206,500827.000,2024-07-11 01:11:42.998
ETH,BUY,0.0192,500888.000,2024-07-11 01:11:42.998
ETH,BUY,0.0500,500970.000,2024-07-11 01:12:30.272
ETH,BUY,0.0200,501091.000,2024-07-11 01:12:43.643
ETH,BUY,0.0600,501149.000,2024-07-11 01:12:46.940
ETH,BUY,0.1300,501207.000,2024-07-11 01:12:48.164
ETH,BUY,0.0200,501163.000,2024-07-11 01:15:43.511
ETH,BUY,0.5600,501130.000,2024-07-11 01:18:18.414
ETH,BUY,0.0100,500931.000,2024-07-11 01:19:24.356
ETH,SELL,0.0100,500627.000,2024-07-11 01:24:17.747
ETH,BUY,1.7900,500714.000,2024-07-11 01:24:21.536
ETH,SELL,0.0275,500861.000,2024-07-11 01:25:06.734
ETH,SELL,0.0751,500861.000,2024-07-11 01:25:12.266
ETH,BUY,0.0300,501000.000,2024-07-11 01:26:13.498
ETH,BUY,0.9700,501000.000,2024-07-11 01:26:16.091
ETH,BUY,0.0400,501323.000,2024-07-11 01:26:16.517
ETH,BUY,0.0500,501352.000,2024-07-11 01:26:18.356
ETH,BUY,0.0100,501381.000,2024-07-11 01:26:20.108
ETH,SELL,0.0342,500949.000,2024-07-11 01:27:20.759
ETH,BUY,0.1000,500975.000,2024-07-11 01:27:59.300
ETH,BUY,0.0200,501091.000,2024-07-11 01:30:35.305
ETH,BUY,0.3000,501124.000,2024-07-11 01:30:36.567
ETH,BUY,0.3800,501178.000,2024-07-11 01:30:37.182
ETH,BUY,0.7900,500947.000,2024-07-11 01:32:09.857
ETH,BUY,0.0199,501272.000,2024-07-11 01:38:02.409
ETH,BUY,0.4000,501668.000,2024-07-11 01:38:26.183
ETH,BUY,0.3200,501668.000,2024-07-11 01:38:26.290
ETH,BUY,0.4000,501731.000,2024-07-11 01:38:27.242
ETH,BUY,0.4000,501834.000,2024-07-11 01:38:45.260
ETH,BUY,0.5000,501834.000,2024-07-11 01:38:45.508
ETH,BUY,0.1000,501834.000,2024-07-11 01:38:45.558
ETH,BUY,0.3000,502136.000,2024-07-11 01:38:45.558
ETH,BUY,0.1600,502137.000,2024-07-11 01:38:46.107
ETH,BUY,0.2000,502476.000,2024-07-11 01:38:47.002
ETH,BUY,0.0200,502476.000,2024-07-11 01:38:47.121
ETH,BUY,0.1000,502024.000,2024-07-11 01:38:48.738
ETH,BUY,0.4000,502515.000,2024-07-11 01:38:58.344
ETH,BUY,0.4000,502515.000,2024-07-11 01:38:58.485
ETH,BUY,0.1000,502644.000,2024-07-11 01:38:59.870
ETH,BUY,0.4000,502644.000,2024-07-11 01:39:02.703
ETH,BUY,0.0400,502644.000,2024-07-11 01:39:02.704
ETH,BUY,0.4000,502644.000,2024-07-11 01:39:02.759
ETH,BUY,0.0800,502715.000,2024-07-11 01:39:11.141
ETH,BUY,0.3400,502737.000,2024-07-11 01:39:12.015
ETH,BUY,0.0600,502772.000,2024-07-11 01:39:12.015
ETH,BUY,0.0900,502640.000,2024-07-11 01:39:19.080
ETH,BUY,0.2000,502586.000,2024-07-11 01:39:58.446
ETH,BUY,0.0600,502586.000,2024-07-11 01:39:58.625
ETH,BUY,0.0100,502831.000,2024-07-11 01:40:15.441
ETH,BUY,0.0100,502724.000,2024-07-11 01:40:25.025
ETH,BUY,0.1319,502724.000,2024-07-11 01:40:25.405
ETH,BUY,0.0556,502724.000,2024-07-11 01:40:25.576
ETH,BUY,0.8025,502724.000,2024-07-11 01:40:25.844
ETH,BUY,0.1975,502901.000,2024-07-11 01:40:25.844
ETH,BUY,1.0000,502763.000,2024-07-11 01:43:21.820
ETH,SELL,0.0784,502918.000,2024-07-11 01:43:26.263
ETH,SELL,0.1010,503259.000,2024-07-11 01:43:48.278
ETH,BUY,0.1000,503260.000,2024-07-11 01:43:49.416
ETH,BUY,0.5000,503260.000,2024-07-11 01:43:49.418
ETH,BUY,0.4000,503260.000,2024-07-11 01:43:49.946
ETH,BUY,0.1950,503868.000,2024-07-11 01:43:50.061
ETH,BUY,0.0049,503868.000,2024-07-11 01:43:50.130
ETH,BUY,0.1901,503872.000,2024-07-11 01:43:50.130
ETH,BUY,0.4050,504179.000,2024-07-11 01:43:50.356
ETH,BUY,0.0500,503783.000,2024-07-11 01:43:53.834
ETH,SELL,0.0100,503736.000,2024-07-11 01:44:13.733
ETH,BUY,0.0151,504036.000,2024-07-11 01:44:14.323
ETH,BUY,0.9849,504037.000,2024-07-11 01:44:14.323
ETH,BUY,0.1000,504107.000,2024-07-11 01:44:14.784
ETH,BUY,0.1000,504136.000,2024-07-11 01:44:15.317
ETH,SELL,0.0100,504000.000,2024-07-11 01:46:59.561
ETH,BUY,0.3500,504020.000,2024-07-11 01:48:56.903
ETH,BUY,0.4427,504232.000,2024-07-11 01:49:09.208
ETH,BUY,0.5573,504232.000,2024-07-11 01:49:09.525
ETH,BUY,0.2000,504395.000,2024-07-11 01:49:09.630
ETH,BUY,0.1000,504395.000,2024-07-11 01:49:11.015
ETH,BUY,0.1850,504395.000,2024-07-11 01:49:11.021
ETH,BUY,0.0150,505000.000,2024-07-11 01:49:11.021
ETH,BUY,0.1000,504908.000,2024-07-11 01:49:12.759
ETH,BUY,0.1000,504908.000,2024-07-11 01:49:12.951
ETH,BUY,0.8000,504908.000,2024-07-11 01:49:13.134
ETH,BUY,0.0260,505000.000,2024-07-11 01:49:13.464
ETH,BUY,0.0200,505000.000,2024-07-11 01:49:13.464
ETH,BUY,0.0100,505383.000,2024-07-11 01:49:13.464
ETH,BUY,0.3279,505383.000,2024-07-11 01:49:13.626
ETH,BUY,0.0100,505215.000,2024-07-11 01:49:14.723
ETH,SELL,0.2000,505171.000,2024-07-11 01:49:17.352
ETH,BUY,0.0450,505172.000,2024-07-11 01:49:18.936
ETH,SELL,0.5944,505171.000,2024-07-11 01:49:19.273
ETH,SELL,0.0267,505218.000,2024-07-11 01:49:28.256
ETH,SELL,0.1000,505218.000,2024-07-11 01:49:28.539
ETH,BUY,1.0000,504576.000,2024-07-11 01:49:30.700
ETH,BUY,0.0300,504748.000,2024-07-11 01:49:40.269
ETH,BUY,0.8400,504748.000,2024-07-11 01:49:40.871
ETH,BUY,0.1000,505231.000,2024-07-11 01:49:50.348
ETH,BUY,0.5000,505312.000,2024-07-11 01:49:52.667
ETH,BUY,0.0300,505312.000,2024-07-11 01:49:53.050
ETH,SELL,0.2500,505405.000,2024-07-11 01:50:05.886
ETH,SELL,0.0100,505209.000,2024-07-11 01:50:15.249
ETH,BUY,0.0100,505613.000,2024-07-11 01:50:17.349
ETH,BUY,0.0400,505679.000,2024-07-11 01:50:42.842
ETH,SELL,0.0590,505294.000,2024-07-11 01:50:50.244
ETH,BUY,0.0500,505441.000,2024-07-11 01:51:10.723
ETH,SELL,0.0116,505301.000,2024-07-11 01:51:13.750
ETH,BUY,0.0400,504980.000,2024-07-11 01:52:08.332
ETH,BUY,0.0190,505644.000,2024-07-11 01:52:35.838
ETH,SELL,0.0125,504837.000,2024-07-11 01:54:37.386
ETH,SELL,0.0273,504841.000,2024-07-11 01:54:42.753
ETH,SELL,0.0126,504690.000,2024-07-11 01:55:36.262
ETH,SELL,0.0134,504690.000,2024-07-11 01:56:04.912
ETH,SELL,0.0074,504690.000,2024-07-11 01:56:04.912
ETH,SELL,0.6861,504690.000,2024-07-11 01:56:07.892
ETH,BUY,0.9500,504372.000,2024-07-11 01:56:14.973
ETH,BUY,0.4000,504797.000,2024-07-11 01:56:34.425
ETH,BUY,1.0000,504529.000,2024-07-11 01:56:39.110
ETH,BUY,0.6800,504545.000,2024-07-11 01:56:41.566
ETH,BUY,0.2000,505116.000,2024-07-11 01:57:21.761
ETH,BUY,0.1000,505116.000,2024-07-11 01:57:22.104
ETH,BUY,0.0213,505131.000,2024-07-11 01:57:31.285
ETH,BUY,0.0212,505131.000,2024-07-11 01:57:45.774
ETH,BUY,0.0500,505131.000,2024-07-11 01:57:48.317
ETH,BUY,0.0279,505131.000,2024-07-11 01:58:17.509
ETH,BUY,0.0721,505227.000,2024-07-11 01:58:17.509
ETH,BUY,0.0300,505239.000,2024-07-11 01:58:24.392
ETH,BUY,0.0690,505227.000,2024-07-11 01:58:50.782
ETH,SELL,0.0857,505227.000,2024-07-11 02:00:49.258
ETH,SELL,0.2493,505227.000,2024-07-11 02:03:04.494
ETH,SELL,0.0587,504514.000,2024-07-11 02:03:07.244
ETH,SELL,0.0109,504560.000,2024-07-11 02:03:45.734
ETH,SELL,0.3750,504537.000,2024-07-11 02:04:16.420
ETH,BUY,0.0200,504716.000,2024-07-11 02:04:29.393
ETH,SELL,0.0528,504261.000,2024-07-11 02:04:43.256
ETH,SELL,0.0460,504317.000,2024-07-11 02:05:38.325
ETH,SELL,0.0100,504236.000,2024-07-11 02:06:18.243
ETH,BUY,0.0198,503561.000,2024-07-11 02:06:52.352
ETH,SELL,1.0000,503248.000,2024-07-11 02:06:52.395
ETH,BUY,0.0198,503405.000,2024-07-11 02:07:02.389
ETH,SELL,0.0100,502890.000,2024-07-11 02:07:18.237
ETH,BUY,0.0198,503075.000,2024-07-11 02:07:42.392
ETH,SELL,0.0480,502947.000,2024-07-11 02:07:49.748
ETH,BUY,0.0198,503237.000,2024-07-11 02:07:52.378
ETH,BUY,0.0198,503209.000,2024-07-11 02:08:02.356
ETH,SELL,0.0654,502943.000,2024-07-11 02:08:23.817
ETH,BUY,0.0100,503208.000,2024-07-11 02:08:33.869
ETH,BUY,0.0970,503440.000,2024-07-11 02:09:29.071
ETH,BUY,0.5000,502964.000,2024-07-11 02:09:53.043
ETH,SELL,1.0000,503189.000,2024-07-11 02:10:13.467
ETH,BUY,0.1200,503193.000,2024-07-11 02:10:15.503
ETH,BUY,0.4000,503629.000,2024-07-11 02:10:39.421
ETH,BUY,0.2000,504068.000,2024-07-11 02:10:43.644
ETH,BUY,0.0100,503947.000,2024-07-11 02:10:48.327
ETH,SELL,0.0105,503707.000,2024-07-11 02:12:23.253
ETH,SELL,0.0100,503660.000,2024-07-11 02:14:04.766
ETH,BUY,0.1500,503662.000,2024-07-11 02:14:15.416
ETH,BUY,0.0100,503701.000,2024-07-11 02:14:24.941
ETH,SELL,0.0164,502893.000,2024-07-11 02:15:16.283
ETH,SELL,0.1000,502870.000,2024-07-11 02:15:48.165
ETH,SELL,0.0610,502870.000,2024-07-11 02:15:48.691
ETH,SELL,0.8390,502870.000,2024-07-11 02:15:49.748
ETH,SELL,0.6274,502305.000,2024-07-11 02:15:51.892
ETH,SELL,0.0500,502006.000,2024-07-11 02:15:53.413
ETH,SELL,0.0500,502007.000,2024-07-11 02:15:53.723
ETH,SELL,0.0162,501101.000,2024-07-11 02:17:17.255
ETH,BUY,0.4000,502220.000,2024-07-11 02:21:07.513
ETH,BUY,1.0000,502384.000,2024-07-11 02:21:08.647
ETH,BUY,0.0182,502399.000,2024-07-11 02:21:16.837
ETH,BUY,0.0184,502565.000,2024-07-11 02:21:35.870
ETH,BUY,0.5646,502569.000,2024-07-11 02:21:53.283
ETH,BUY,1.4354,502570.000,2024-07-11 02:21:53.283
ETH,BUY,2.0000,502599.000,2024-07-11 02:22:07.573
ETH,BUY,0.0166,502773.000,2024-07-11 02:22:39.831
ETH,BUY,0.6427,502691.000,2024-07-11 02:23:10.546
ETH,BUY,0.7027,502695.000,2024-07-11 02:23:10.546
ETH,BUY,0.6546,502802.000,2024-07-11 02:23:10.546
ETH,BUY,2.0000,502831.000,2024-07-11 02:23:15.128
ETH,BUY,2.0000,502860.000,2024-07-11 02:23:18.415
ETH,BUY,2.0000,502860.000,2024-07-11 02:23:23.229
ETH,BUY,0.1700,502860.000,2024-07-11 02:23:26.584
ETH,BUY,1.8300,502889.000,2024-07-11 02:23:26.584
ETH,BUY,0.4000,502701.000,2024-07-11 02:23:39.353
ETH,BUY,1.0000,502813.000,2024-07-11 02:23:46.277
ETH,BUY,0.9999,503237.000,2024-07-11 02:23:46.277
ETH,BUY,0.0390,503266.000,2024-07-11 02:23:55.633
ETH,BUY,0.5880,503324.000,2024-07-11 02:31:05.934
ETH,SELL,0.0295,502667.000,2024-07-11 02:31:28.751
ETH,SELL,0.0180,502587.000,2024-07-11 02:33:59.738
ETH,BUY,0.0100,502657.000,2024-07-11 02:36:11.240
ETH,SELL,0.0150,502346.000,2024-07-11 02:36:53.238
ETH,SELL,0.0100,502579.000,2024-07-11 02:37:19.746
ETH,SELL,0.0159,502290.000,2024-07-11 02:38:29.749
ETH,SELL,0.0100,502182.000,2024-07-11 02:38:45.751
ETH,SELL,0.0714,502093.000,2024-07-11 02:40:07.848
ETH,BUY,0.0279,502462.000,2024-07-11 02:41:49.425
ETH,BUY,0.0100,502463.000,2024-07-11 02:41:49.425
ETH,BUY,0.3621,502483.000,2024-07-11 02:41:49.425
ETH,SELL,0.0110,502295.000,2024-07-11 02:44:40.316
ETH,SELL,0.0192,502296.000,2024-07-11 02:44:53.236
ETH,SELL,0.0616,502120.000,2024-07-11 02:45:15.275
ETH,BUY,0.4000,502362.000,2024-07-11 02:48:27.185
ETH,BUY,1.0000,502396.000,2024-07-11 02:51:12.659
ETH,SELL,0.0110,502351.000,2024-07-11 02:51:58.249
ETH,SELL,0.0199,502429.000,2024-07-11 02:52:30.749
ETH,BUY,0.0309,502770.000,2024-07-11 02:53:07.719
ETH,BUY,0.3691,502802.000,2024-07-11 02:53:07.719
ETH,BUY,0.2500,502860.000,2024-07-11 02:53:40.398
ETH,SELL,0.0371,502634.000,2024-07-11 02:53:42.322
ETH,BUY,0.0353,502773.000,2024-07-11 02:53:56.706
ETH,SELL,0.0324,502723.000,2024-07-11 02:54:10.247
ETH,BUY,0.1249,502947.000,2024-07-11 02:54:40.553
ETH,BUY,0.0200,503092.000,2024-07-11 02:55:46.882
ETH,BUY,0.4000,503034.000,2024-07-11 02:55:47.493
ETH,BUY,0.0100,503125.000,2024-07-11 02:55:51.559
ETH,BUY,0.0150,503149.000,2024-07-11 02:55:51.559
ETH,BUY,0.0150,503179.000,2024-07-11 02:55:51.559
ETH,SELL,0.0200,502579.000,2024-07-11 02:56:30.749
ETH,BUY,1.0000,502387.000,2024-07-11 02:57:35.216
ETH,BUY,0.7900,502397.000,2024-07-11 02:57:37.812
ETH,BUY,0.2100,502397.000,2024-07-11 02:57:38.458
ETH,BUY,1.0000,502416.000,2024-07-11 02:57:39.684
ETH,BUY,0.0199,502570.000,2024-07-11 03:00:08.019
ETH,BUY,0.0600,502657.000,2024-07-11 03:00:26.377
ETH,BUY,0.0200,502976.000,2024-07-11 03:03:33.835
ETH,SELL,0.0298,502758.000,2024-07-11 03:03:37.821
ETH,SELL,0.1000,502799.000,2024-07-11 03:04:26.311
ETH,SELL,0.0886,502418.000,2024-07-11 03:05:07.251
ETH,SELL,0.0115,502421.000,2024-07-11 03:05:12.760
ETH,SELL,0.0154,502132.000,2024-07-11 03:06:05.883
ETH,SELL,1.3101,502100.000,2024-07-11 03:06:10.150
ETH,SELL,0.0867,502100.000,2024-07-11 03:06:10.151
ETH,SELL,0.6032,502100.000,2024-07-11 03:06:10.887
ETH,SELL,0.0188,501322.000,2024-07-11 03:06:22.755
ETH,SELL,0.0471,501320.000,2024-07-11 03:06:31.312
ETH,SELL,0.0446,500803.000,2024-07-11 03:06:44.763
ETH,BUY,0.0199,500917.000,2024-07-11 03:06:52.411
ETH,SELL,0.0200,500503.000,2024-07-11 03:07:16.271
ETH,SELL,0.0500,500510.000,2024-07-11 03:10:56.268
ETH,BUY,0.4224,500752.000,2024-07-11 03:12:36.416
ETH,BUY,0.0100,500830.000,2024-07-11 03:13:07.649
ETH,SELL,0.0166,500500.000,2024-07-11 03:15:33.249
ETH,SELL,0.0100,500500.000,2024-07-11 03:15:38.758
ETH,SELL,0.0100,500500.000,2024-07-11 03:16:42.766
ETH,SELL,0.0165,500500.000,2024-07-11 03:17:07.356
ETH,SELL,0.0886,500500.000,2024-07-11 03:17:15.450
ETH,SELL,0.3433,500500.000,2024-07-11 03:17:16.920
ETH,SELL,0.0410,500200.000,2024-07-11 03:17:37.671
ETH,SELL,0.0590,500004.000,2024-07-11 03:17:37.671
ETH,SELL,0.0104,500000.000,2024-07-11 03:18:06.741
ETH,SELL,0.0396,500000.000,2024-07-11 03:18:09.182
ETH,SELL,0.0100,500000.000,2024-07-11 03:18:09.182
ETH,SELL,0.0390,500000.000,2024-07-11 03:18:09.182
ETH,SELL,0.0100,499888.000,2024-07-11 03:18:19.428
ETH,SELL,0.0157,499241.000,2024-07-11 03:18:24.239
ETH,SELL,0.4022,499200.000,2024-07-11 03:18:35.391
ETH,SELL,0.5000,499200.000,2024-07-11 03:18:35.526
ETH,SELL,0.0978,499200.000,2024-07-11 03:18:35.616
ETH,SELL,1.7900,499151.000,2024-07-11 03:18:35.683
ETH,SELL,0.0100,499151.000,2024-07-11 03:18:35.690
ETH,SELL,1.4400,499118.000,2024-07-11 03:18:35.801
ETH,SELL,0.5000,499000.000,2024-07-11 03:18:36.146
ETH,SELL,0.0200,499000.000,2024-07-11 03:18:36.146
ETH,SELL,0.2000,499000.000,2024-07-11 03:18:36.146
ETH,SELL,0.0100,498905.000,2024-07-11 03:18:37.049
ETH,SELL,0.0742,498601.000,2024-07-11 03:18:37.049
ETH,SELL,0.0181,498601.000,2024-07-11 03:18:37.292
ETH,SELL,0.0410,498600.000,2024-07-11 03:18:38.477
ETH,SELL,0.0100,498402.000,2024-07-11 03:18:38.477
ETH,SELL,0.0617,498001.000,2024-07-11 03:18:38.477
ETH,BUY,0.0100,498070.000,2024-07-11 03:18:40.288
ETH,SELL,0.0100,498000.000,2024-07-11 03:18:56.840
ETH,SELL,0.0120,498000.000,2024-07-11 03:18:56.840
ETH,SELL,0.0760,497866.000,2024-07-11 03:18:56.840
ETH,SELL,0.5000,497866.000,2024-07-11 03:19:13.207
ETH,SELL,0.9240,497866.000,2024-07-11 03:19:13.592
ETH,SELL,0.1000,497500.000,2024-07-11 03:19:15.851
ETH,SELL,0.1000,497500.000,2024-07-11 03:19:16.021
ETH,SELL,0.2500,497500.000,2024-07-11 03:19:17.686
ETH,SELL,0.0997,497000.000,2024-07-11 03:19:20.107
ETH,SELL,0.0289,497000.000,2024-07-11 03:19:21.748
ETH,BUY,0.0200,497031.000,2024-07-11 03:19:22.550
ETH,SELL,0.0103,497000.000,2024-07-11 03:19:28.748
ETH,SELL,0.3611,497000.000,2024-07-11 03:19:29.189
ETH,SELL,0.0989,497000.000,2024-07-11 03:19:29.189
ETH,SELL,0.0011,497000.000,2024-07-11 03:19:29.287
ETH,SELL,0.1000,496006.000,2024-07-11 03:19:31.140
ETH,SELL,0.0500,496000.000,2024-07-11 03:19:32.269
ETH,BUY,0.0969,496040.000,2024-07-11 03:19:34.480
ETH,BUY,0.4000,496190.000,2024-07-11 03:19:35.719
ETH,BUY,0.3873,496277.000,2024-07-11 03:19:42.081
ETH,BUY,0.0200,496277.000,2024-07-11 03:19:42.477
ETH,SELL,0.0480,496226.000,2024-07-11 03:19:49.751
ETH,SELL,1.0000,496121.000,2024-07-11 03:20:22.004
ETH,SELL,0.0180,496000.000,2024-07-11 03:20:53.764
ETH,SELL,0.0189,496000.000,2024-07-11 03:20:59.239
ETH,BUY,0.0138,496003.000,2024-07-11 03:21:09.274
ETH,SELL,0.0487,496000.000,2024-07-11 03:21:15.284
ETH,SELL,0.8644,496000.000,2024-07-11 03:21:18.662
ETH,SELL,0.0200,496000.000,2024-07-11 03:21:18.662
ETH,SELL,0.0200,496000.000,2024-07-11 03:21:18.662
ETH,SELL,0.0200,496000.000,2024-07-11 03:21:18.662
ETH,SELL,0.0056,496000.000,2024-07-11 03:21:18.662
ETH,SELL,0.0064,496000.000,2024-07-11 03:21:19.541
ETH,SELL,1.0000,495611.000,2024-07-11 03:21:23.216
ETH,SELL,0.0480,495611.000,2024-07-11 03:21:28.273
ETH,BUY,0.0139,495612.000,2024-07-11 03:21:33.776
ETH,SELL,0.0983,495611.000,2024-07-11 03:21:34.816
ETH,SELL,1.4037,495611.000,2024-07-11 03:21:50.666
ETH,SELL,0.5963,495611.000,2024-07-11 03:21:50.666
ETH,SELL,0.0887,495611.000,2024-07-11 03:21:51.203
ETH,SELL,0.0110,495009.000,2024-07-11 03:21:52.760
ETH,BUY,0.0100,495260.000,2024-07-11 03:22:08.595
ETH,BUY,0.0100,495349.000,2024-07-11 03:22:19.191
ETH,BUY,0.3800,495432.000,2024-07-11 03:22:21.396
ETH,BUY,0.3871,495571.000,2024-07-11 03:22:22.388
ETH,BUY,0.0500,495813.000,2024-07-11 03:22:22.662
ETH,BUY,0.4000,495842.000,2024-07-11 03:22:25.057
ETH,BUY,0.0900,495607.000,2024-07-11 03:22:28.210
ETH,BUY,0.3900,496132.000,2024-07-11 03:22:33.846
ETH,BUY,1.0000,495759.000,2024-07-11 03:22:35.608
ETH,BUY,1.0000,496190.000,2024-07-11 03:22:41.071
ETH,BUY,1.0000,496218.000,2024-07-11 03:22:55.013
ETH,BUY,1.0000,496218.000,2024-07-11 03:22:59.339
ETH,SELL,0.0384,496131.000,2024-07-11 03:23:05.738
ETH,SELL,0.0126,496144.000,2024-07-11 03:23:11.343
ETH,BUY,0.2000,496306.000,2024-07-11 03:23:14.572
ETH,BUY,0.2000,496335.000,2024-07-11 03:23:16.564
ETH,BUY,0.4000,496668.000,2024-07-11 03:23:34.201
ETH,BUY,0.0100,496676.000,2024-07-11 03:23:36.361
ETH,BUY,0.0334,496741.000,2024-07-11 03:23:39.815
ETH,BUY,0.4000,496915.000,2024-07-11 03:23:42.651
ETH,BUY,0.0178,496944.000,2024-07-11 03:23:47.856
ETH,BUY,0.0100,497060.000,2024-07-11 03:24:32.530
ETH,BUY,0.2000,497089.000,2024-07-11 03:24:46.818
ETH,BUY,0.0201,497118.000,2024-07-11 03:24:50.745
ETH,SELL,0.0465,496732.000,2024-07-11 03:25:34.770
ETH,BUY,0.0900,496970.000,2024-07-11 03:25:54.247
ETH,BUY,0.1900,496970.000,2024-07-11 03:25:55.135
ETH,BUY,0.3100,496970.000,2024-07-11 03:25:56.448
ETH,BUY,0.0275,497495.000,2024-07-11 03:26:56.735
ETH,BUY,0.0100,497524.000,2024-07-11 03:27:05.223
ETH,BUY,0.0245,497523.000,2024-07-11 03:27:06.763
ETH,BUY,0.0201,497552.000,2024-07-11 03:27:14.960
ETH,BUY,0.0799,497553.000,2024-07-11 03:27:14.960
ETH,BUY,0.4000,497647.000,2024-07-11 03:27:16.784
ETH,BUY,0.3200,497647.000,2024-07-11 03:27:16.835
ETH,BUY,2.0000,497756.000,2024-07-11 03:27:22.680
ETH,BUY,0.0100,497814.000,2024-07-11 03:27:25.491
ETH,BUY,0.0299,497866.000,2024-07-11 03:27:55.771
ETH,BUY,0.1685,497866.000,2024-07-11 03:28:24.554
ETH,BUY,0.0931,497895.000,2024-07-11 03:28:24.554
ETH,BUY,1.6031,497898.000,2024-07-11 03:28:24.554
ETH,BUY,0.1353,497901.000,2024-07-11 03:28:24.554
ETH,BUY,0.2000,497705.000,2024-07-11 03:28:29.980
ETH,BUY,0.2111,497811.000,2024-07-11 03:28:29.980
ETH,BUY,1.5889,498017.000,2024-07-11 03:28:29.980
ETH,BUY,1.0000,498007.000,2024-07-11 03:28:36.468
ETH,BUY,0.6024,498007.000,2024-07-11 03:28:36.468
ETH,BUY,0.2605,498075.000,2024-07-11 03:28:36.468
ETH,BUY,0.1371,498104.000,2024-07-11 03:28:36.468
ETH,BUY,0.0148,498162.000,2024-07-11 03:29:17.753
ETH,BUY,0.0584,498191.000,2024-07-11 03:29:23.249
ETH,SELL,0.0130,497900.000,2024-07-11 03:29:31.734
ETH,SELL,0.0096,497818.000,2024-07-11 03:29:31.734
ETH,SELL,0.0740,497656.000,2024-07-11 03:30:02.942
ETH,BUY,0.3200,497698.000,2024-07-11 03:30:38.969
ETH,BUY,0.4000,497698.000,2024-07-11 03:30:39.565
ETH,BUY,0.0227,497756.000,2024-07-11 03:30:44.747
ETH,BUY,0.0200,497814.000,2024-07-11 03:30:58.921
ETH,BUY,0.0150,497814.000,2024-07-11 03:31:37.437
ETH,SELL,0.1000,497541.000,2024-07-11 03:31:56.238
ETH,BUY,0.0700,497639.000,2024-07-11 03:32:43.965
ETH,BUY,0.0200,497785.000,2024-07-11 03:33:36.286
ETH,BUY,0.0100,497959.000,2024-07-11 03:34:28.078
ETH,SELL,0.0282,497071.000,2024-07-11 03:36:05.745
ETH,BUY,0.0396,497204.000,2024-07-11 03:36:13.986
ETH,BUY,0.7604,497205.000,2024-07-11 03:36:13.986
ETH,SELL,0.0484,496580.000,2024-07-11 03:37:48.741
ETH,SELL,0.2000,496585.000,2024-07-11 03:38:04.622
ETH,BUY,1.8100,496654.000,2024-07-11 03:38:18.979
ETH,BUY,1.8100,496654.000,2024-07-11 03:38:19.018
ETH,BUY,0.3500,496741.000,2024-07-11 03:38:19.534
ETH,BUY,0.3200,496741.000,2024-07-11 03:38:20.410
ETH,BUY,0.0500,496799.000,2024-07-11 03:38:21.427
ETH,BUY,0.0938,496915.000,2024-07-11 03:38:40.039
ETH,BUY,0.0600,496944.000,2024-07-11 03:38:42.772
ETH,BUY,0.0200,496973.000,2024-07-11 03:38:52.440
ETH,BUY,0.0316,497002.000,2024-07-11 03:39:08.086
ETH,BUY,0.0200,497030.000,2024-07-11 03:39:12.513
ETH,SELL,0.2000,496791.000,2024-07-11 03:39:16.925
ETH,BUY,0.0368,496944.000,2024-07-11 03:39:21.245
ETH,BUY,0.0100,496944.000,2024-07-11 03:39:27.353
ETH,BUY,0.0200,497031.000,2024-07-11 03:39:52.420
ETH,BUY,0.0200,497104.000,2024-07-11 03:40:32.365
ETH,BUY,0.0200,497048.000,2024-07-11 03:40:58.506
ETH,BUY,0.0200,497118.000,2024-07-11 03:41:22.421
ETH,BUY,0.0200,497292.000,2024-07-11 03:41:32.365
ETH,BUY,0.0500,497437.000,2024-07-11 03:42:18.563
ETH,BUY,0.0201,497437.000,2024-07-11 03:42:18.823
ETH,BUY,0.5000,497405.000,2024-07-11 03:42:26.311
ETH,BUY,0.1000,497305.000,2024-07-11 03:43:38.172
ETH,SELL,0.0581,497011.000,2024-07-11 03:43:41.841
ETH,BUY,0.0700,497350.000,2024-07-11 03:45:13.700
ETH,BUY,0.1000,497610.000,2024-07-11 03:46:38.299
ETH,BUY,0.3200,497669.000,2024-07-11 03:46:51.310
ETH,BUY,0.1700,497669.000,2024-07-11 03:46:51.490
ETH,BUY,0.0800,497756.000,2024-07-11 03:47:04.051
ETH,SELL,0.0392,497548.000,2024-07-11 03:47:06.737
ETH,SELL,0.0177,497033.000,2024-07-11 03:48:10.858
ETH,BUY,0.0904,497234.000,2024-07-11 03:48:18.972
ETH,BUY,0.3361,497379.000,2024-07-11 03:48:51.163
ETH,BUY,0.0100,497483.000,2024-07-11 03:49:02.075
ETH,BUY,0.0258,497543.000,2024-07-11 03:49:50.754
ETH,BUY,1.7642,497543.000,2024-07-11 03:49:50.875
ETH,BUY,0.2358,497544.000,2024-07-11 03:49:50.875
ETH,BUY,0.1000,497574.000,2024-07-11 03:50:03.925
ETH,BUY,0.2800,497582.000,2024-07-11 03:50:29.670
ETH,BUY,0.0300,497633.000,2024-07-11 03:51:15.278
ETH,BUY,0.3500,497633.000,2024-07-11 03:52:24.799
ETH,BUY,0.0247,497843.000,2024-07-11 03:52:33.740
ETH,BUY,0.0280,497901.000,2024-07-11 03:52:39.265
ETH,BUY,0.0600,497958.000,2024-07-11 03:52:58.808
ETH,BUY,0.0100,497959.000,2024-07-11 03:52:58.808
ETH,BUY,0.0110,497984.000,2024-07-11 03:53:31.104
ETH,BUY,0.0300,498046.000,2024-07-11 03:53:45.412
ETH,BUY,0.2000,498162.000,2024-07-11 03:53:48.538
ETH,BUY,0.1777,498220.000,2024-07-11 03:54:03.926
ETH,BUY,0.0266,498307.000,2024-07-11 03:55:31.318
ETH,SELL,0.0423,498300.000,2024-07-11 03:56:54.754
ETH,BUY,0.0300,498306.000,2024-07-11 03:57:26.581
ETH,BUY,0.0100,498363.000,2024-07-11 03:57:32.629
ETH,BUY,0.0100,498365.000,2024-07-11 03:57:36.663
ETH,BUY,3.9900,498365.000,2024-07-11 03:57:36.830
ETH,BUY,1.0100,498452.000,2024-07-11 03:57:36.830
ETH,BUY,1.0000,498684.000,2024-07-11 03:58:28.899
ETH,BUY,1.0000,498713.000,2024-07-11 03:58:28.899
ETH,BUY,0.0100,498529.000,2024-07-11 04:00:08.116
ETH,SELL,0.1777,498300.000,2024-07-11 04:00:33.305
ETH,BUY,0.0100,498043.000,2024-07-11 04:00:47.744
ETH,BUY,0.8120,498023.000,2024-07-11 04:01:01.450
ETH,BUY,0.0100,498046.000,2024-07-11 04:01:33.161
ETH,BUY,0.1135,498145.000,2024-07-11 04:02:54.376
ETH,BUY,0.2865,498191.000,2024-07-11 04:02:54.376
ETH,BUY,0.1500,498191.000,2024-07-11 04:02:54.714
ETH,BUY,1.0000,498249.000,2024-07-11 04:03:06.995
ETH,BUY,0.4000,498274.000,2024-07-11 04:04:51.635
ETH,BUY,0.2228,498363.000,2024-07-11 04:06:17.388
ETH,BUY,0.1772,498365.000,2024-07-11 04:06:17.388
ETH,BUY,0.4000,498365.000,2024-07-11 04:06:17.956
ETH,BUY,0.0100,498568.000,2024-07-11 04:06:51.543
ETH,BUY,0.0400,498684.000,2024-07-11 04:06:55.598
ETH,BUY,0.0100,498684.000,2024-07-11 04:07:12.870
ETH,BUY,0.0100,498800.000,2024-07-11 04:07:41.366
ETH,SELL,0.0400,498769.000,2024-07-11 04:07:45.587
ETH,BUY,0.0100,498911.000,2024-07-11 04:07:52.641
ETH,BUY,0.2501,498911.000,2024-07-11 04:07:59.974
ETH,BUY,0.1399,499003.000,2024-07-11 04:07:59.974
ETH,SELL,0.1500,498770.000,2024-07-11 04:08:19.906
ETH,BUY,0.0200,498858.000,2024-07-11 04:08:22.259
ETH,BUY,0.0700,498916.000,2024-07-11 04:09:02.890
ETH,SELL,0.0156,498769.000,2024-07-11 04:09:16.819
ETH,BUY,0.0100,498829.000,2024-07-11 04:09:29.648
ETH,BUY,0.1444,498916.000,2024-07-11 04:10:55.422
ETH,BUY,0.4000,498974.000,2024-07-11 04:11:50.587
ETH,BUY,0.4000,499032.000,2024-07-11 04:11:55.727
ETH,SELL,0.0152,498770.000,2024-07-11 04:12:47.769
ETH,SELL,0.0160,498654.000,2024-07-11 04:12:53.237
ETH,BUY,0.0100,498945.000,2024-07-11 04:14:10.801
ETH,BUY,0.2300,499061.000,2024-07-11 04:14:16.724
ETH,SELL,0.0500,498912.000,2024-07-11 04:14:25.184
ETH,BUY,0.0200,499032.000,2024-07-11 04:14:38.896
ETH,BUY,0.0200,499061.000,2024-07-11 04:15:37.682
ETH,BUY,1.7000,499119.000,2024-07-11 04:16:20.016
ETH,SELL,0.0240,498985.000,2024-07-11 04:16:33.331
ETH,BUY,0.2500,499119.000,2024-07-11 04:16:42.416
ETH,BUY,0.0480,499155.000,2024-07-11 04:17:09.143
ETH,SELL,0.0297,498570.000,2024-07-11 04:19:05.834
ETH,BUY,0.0152,498640.000,2024-07-11 04:22:35.038
ETH,BUY,0.1019,498654.000,2024-07-11 04:22:35.038
ETH,BUY,0.8829,498655.000,2024-07-11 04:22:35.038
ETH,BUY,0.0100,498858.000,2024-07-11 04:22:36.248
ETH,BUY,0.0700,498916.000,2024-07-11 04:22:38.518
ETH,BUY,0.1800,498945.000,2024-07-11 04:22:40.316
ETH,BUY,0.1197,498997.000,2024-07-11 04:23:01.464
ETH,BUY,0.6012,498998.000,2024-07-11 04:23:01.464
ETH,BUY,0.0791,499032.000,2024-07-11 04:23:01.464
ETH,BUY,0.1000,499061.000,2024-07-11 04:23:20.394
ETH,SELL,0.0656,498475.000,2024-07-11 04:23:25.348
ETH,BUY,0.1000,498510.000,2024-07-11 04:23:30.307
ETH,BUY,0.0107,498858.000,2024-07-11 04:24:35.329
ETH,BUY,0.1800,498887.000,2024-07-11 04:25:59.605
ETH,BUY,0.0170,499032.000,2024-07-11 04:26:14.933
ETH,SELL,0.0199,498353.000,2024-07-11 04:26:55.821
ETH,BUY,0.0200,498365.000,2024-07-11 04:27:03.726
ETH,SELL,0.4000,498380.000,2024-07-11 04:27:14.960
ETH,SELL,0.1600,498362.000,2024-07-11 04:27:14.960
ETH,BUY,0.1200,498481.000,2024-07-11 04:28:25.181
ETH,BUY,0.0933,498713.000,2024-07-11 04:28:37.763
ETH,BUY,0.2000,498742.000,2024-07-11 04:28:44.078
ETH,SELL,0.0700,498570.000,2024-07-11 04:30:00.147
ETH,BUY,0.4000,498829.000,2024-07-11 04:32:51.682
ETH,BUY,0.1600,498842.000,2024-07-11 04:32:52.595
ETH,BUY,0.2400,498916.000,2024-07-11 04:32:52.595
ETH,BUY,0.4000,499061.000,2024-07-11 04:32:53.634
ETH,BUY,0.0204,499148.000,2024-07-11 04:32:55.351
ETH,BUY,0.4000,499235.000,2024-07-11 04:34:08.595
ETH,BUY,0.2100,499438.000,2024-07-11 04:34:44.621
ETH,BUY,0.4000,499496.000,2024-07-11 04:36:21.942
ETH,BUY,0.2900,499554.000,2024-07-11 04:36:22.616
ETH,BUY,0.5600,499583.000,2024-07-11 04:38:18.403
ETH,BUY,0.4000,499699.000,2024-07-11 04:39:08.905
ETH,BUY,0.4000,499728.000,2024-07-11 04:39:10.183
ETH,SELL,0.0100,499700.000,2024-07-11 04:40:03.826
ETH,SELL,0.0001,499449.000,2024-07-11 04:40:03.826
ETH,BUY,0.0600,499670.000,2024-07-11 04:42:32.362
ETH,BUY,0.2100,499902.000,2024-07-11 04:44:20.349
ETH,BUY,0.1400,500000.000,2024-07-11 04:44:53.901
ETH,BUY,0.0100,500000.000,2024-07-11 04:44:53.901
ETH,SELL,0.0312,499784.000,2024-07-11 04:45:03.326
ETH,BUY,0.0900,500000.000,2024-07-11 04:45:35.810
ETH,BUY,0.2100,500076.000,2024-07-11 04:45:35.810
ETH,SELL,0.0304,499473.000,2024-07-11 04:50:14.789
ETH,BUY,5.0000,499554.000,2024-07-11 04:50:39.227
ETH,BUY,1.0000,499554.000,2024-07-11 04:51:05.299
ETH,BUY,0.4000,499554.000,2024-07-11 04:51:59.185
ETH,BUY,0.0328,499902.000,2024-07-11 04:52:50.337
ETH,BUY,2.0000,500018.000,2024-07-11 04:53:05.918
ETH,BUY,2.0000,500047.000,2024-07-11 04:53:10.999
ETH,BUY,0.1556,500131.000,2024-07-11 04:53:15.434
ETH,BUY,1.8444,500134.000,2024-07-11 04:53:15.434
ETH,SELL,0.3000,499732.000,2024-07-11 04:53:42.135
ETH,BUY,0.0297,499786.000,2024-07-11 04:53:43.742
ETH,BUY,1.0000,499844.000,2024-07-11 04:53:46.554
ETH,BUY,0.3700,499844.000,2024-07-11 04:53:46.617
ETH,BUY,2.0000,499960.000,2024-07-11 04:53:50.424
ETH,BUY,2.0000,500018.000,2024-07-11 04:53:56.075
ETH,BUY,0.0300,499983.000,2024-07-11 04:54:01.617
ETH,BUY,0.3000,500019.000,2024-07-11 04:54:01.617
ETH,BUY,1.6700,500047.000,2024-07-11 04:54:01.617
ETH,SELL,0.4000,499666.000,2024-07-11 04:54:02.221
ETH,SELL,0.0370,499641.000,2024-07-11 04:54:02.221
ETH,SELL,0.8901,499568.000,2024-07-11 04:54:02.221
ETH,SELL,0.5258,499422.000,2024-07-11 04:54:02.221
ETH,BUY,0.0573,499724.000,2024-07-11 04:54:14.741
ETH,BUY,0.0421,499757.000,2024-07-11 04:54:20.244
ETH,BUY,0.0235,499815.000,2024-07-11 04:54:28.743
ETH,BUY,0.0584,499844.000,2024-07-11 04:54:40.243
ETH,BUY,0.0500,499988.000,2024-07-11 04:54:50.445
ETH,BUY,0.4685,500017.000,2024-07-11 04:55:16.715
ETH,BUY,1.5315,500018.000,2024-07-11 04:55:16.715
ETH,BUY,2.0000,500047.000,2024-07-11 04:55:21.958
ETH,SELL,0.1000,499731.000,2024-07-11 04:55:23.243
ETH,BUY,0.0537,499786.000,2024-07-11 04:55:28.754
ETH,BUY,0.0200,499873.000,2024-07-11 04:55:35.618
ETH,BUY,0.0280,499988.000,2024-07-11 04:55:56.745
ETH,BUY,0.0206,500018.000,2024-07-11 04:56:02.269
ETH,BUY,0.0172,500046.000,2024-07-11 04:56:15.260
ETH,SELL,0.0301,499420.000,2024-07-11 04:59:01.323
ETH,BUY,0.0100,499467.000,2024-07-11 04:59:15.864
ETH,BUY,0.0510,499496.000,2024-07-11 05:03:40.854
ETH,BUY,0.0249,499583.000,2024-07-11 05:03:56.370
ETH,BUY,0.3000,499931.000,2024-07-11 05:04:44.085
ETH,BUY,0.0287,500192.000,2024-07-11 05:04:58.831
ETH,BUY,0.0301,500393.000,2024-07-11 05:07:05.738
ETH,BUY,0.0250,500511.000,2024-07-11 05:08:36.748
ETH,BUY,0.0200,500597.000,2024-07-11 05:08:41.093
ETH,BUY,0.1100,500627.000,2024-07-11 05:09:19.508
ETH,BUY,0.0256,500713.000,2024-07-11 05:09:27.249
ETH,BUY,0.0263,500714.000,2024-07-11 05:13:01.241
ETH,BUY,2.0000,500772.000,2024-07-11 05:13:11.760
ETH,BUY,0.0377,500830.000,2024-07-11 05:13:39.750
ETH,BUY,0.0141,500917.000,2024-07-11 05:14:18.262
ETH,BUY,0.0280,501091.000,2024-07-11 05:14:23.772
ETH,BUY,0.0248,501236.000,2024-07-11 05:14:47.237
ETH,BUY,0.0262,501611.000,2024-07-11 05:18:27.266
ETH,BUY,0.7494,501610.000,2024-07-11 05:19:02.960
ETH,BUY,0.1506,501611.000,2024-07-11 05:19:02.960
ETH,BUY,0.0370,501611.000,2024-07-11 05:19:30.861
ETH,SELL,0.0250,501129.000,2024-07-11 05:20:34.587
ETH,SELL,0.0218,501129.000,2024-07-11 05:21:38.841
ETH,SELL,0.0200,501129.000,2024-07-11 05:23:29.085
ETH,SELL,0.0332,501129.000,2024-07-11 05:26:24.276
ETH,SELL,0.1570,501000.000,2024-07-11 05:26:24.276
ETH,SELL,0.1000,501000.000,2024-07-11 05:26:58.473
ETH,SELL,0.1000,501000.000,2024-07-11 05:27:04.386
ETH,SELL,0.1000,501000.000,2024-07-11 05:27:06.356
ETH,SELL,0.0430,501000.000,2024-07-11 05:27:07.032
ETH,SELL,0.2430,500484.000,2024-07-11 05:27:10.133
ETH,SELL,0.0140,500484.000,2024-07-11 05:27:14.261
ETH,BUY,0.0200,500511.000,2024-07-11 05:27:18.025
ETH,BUY,0.0100,500743.000,2024-07-11 05:27:35.616
ETH,SELL,0.8000,500859.000,2024-07-11 05:28:23.652
ETH,BUY,0.2094,500916.000,2024-07-11 05:29:48.679
ETH,SELL,0.0100,500395.000,2024-07-11 05:30:31.833
ETH,BUY,0.1000,500482.000,2024-07-11 05:30:39.549
ETH,BUY,0.0199,500598.000,2024-07-11 05:30:42.420
ETH,BUY,0.0199,500627.000,2024-07-11 05:30:52.505
ETH,BUY,0.0100,500418.000,2024-07-11 05:35:55.710
ETH,BUY,0.2193,500418.000,2024-07-11 05:35:55.710
ETH,BUY,0.1147,500420.000,2024-07-11 05:35:55.710
ETH,SELL,1.7900,500331.000,2024-07-11 05:36:14.595
ETH,SELL,1.0000,500331.000,2024-07-11 05:36:14.595
ETH,SELL,0.2100,500301.000,2024-07-11 05:36:14.595
ETH,BUY,0.0199,500337.000,2024-07-11 05:36:22.516
ETH,SELL,1.5800,500288.000,2024-07-11 05:36:27.679
ETH,SELL,0.1000,500015.000,2024-07-11 05:36:27.679
ETH,SELL,0.3200,500014.000,2024-07-11 05:36:27.679
ETH,BUY,0.0199,500104.000,2024-07-11 05:36:32.403
ETH,SELL,1.0000,500132.000,2024-07-11 05:36:37.949
ETH,BUY,0.0199,500191.000,2024-07-11 05:36:42.453
ETH,BUY,0.0199,500249.000,2024-07-11 05:37:02.398
ETH,BUY,0.0199,500278.000,2024-07-11 05:37:12.340
ETH,BUY,0.0104,500307.000,2024-07-11 05:38:05.745
ETH,BUY,0.0100,500393.000,2024-07-11 05:38:12.438
ETH,BUY,0.4759,500393.000,2024-07-11 05:38:12.438
ETH,BUY,0.1341,500394.000,2024-07-11 05:38:12.438
ETH,BUY,0.1000,500370.000,2024-07-11 05:38:40.236
ETH,BUY,0.6000,500393.000,2024-07-11 05:38:48.240
ETH,SELL,0.6000,500311.000,2024-07-11 05:39:32.747
ETH,SELL,0.4000,500259.000,2024-07-11 05:39:32.747
ETH,BUY,0.1000,500424.000,2024-07-11 05:41:28.097
ETH,BUY,0.1648,500415.000,2024-07-11 05:42:52.934
ETH,BUY,0.0273,500452.000,2024-07-11 05:43:08.260
ETH,BUY,0.0270,500472.000,2024-07-11 05:43:13.764
ETH,BUY,0.1809,500538.000,2024-07-11 05:43:52.046
ETH,BUY,0.2191,500540.000,2024-07-11 05:43:52.046
ETH,BUY,0.3200,500540.000,2024-07-11 05:43:52.422
ETH,BUY,0.4000,500540.000,2024-07-11 05:43:52.580
ETH,BUY,0.3105,500540.000,2024-07-11 05:43:52.744
ETH,BUY,0.1000,500710.000,2024-07-11 05:43:53.697
ETH,BUY,0.2601,500710.000,2024-07-11 05:43:53.711
ETH,BUY,0.2100,500708.000,2024-07-11 05:43:54.382
ETH,BUY,0.1000,500711.000,2024-07-11 05:43:57.909
ETH,BUY,0.0358,500711.000,2024-07-11 05:43:58.249
ETH,BUY,0.0199,500711.000,2024-07-11 05:44:05.242
ETH,BUY,0.3155,500711.000,2024-07-11 05:44:06.870
ETH,BUY,0.0045,500917.000,2024-07-11 05:44:06.870
ETH,BUY,0.0388,500975.000,2024-07-11 05:44:10.740
ETH,BUY,0.0427,501000.000,2024-07-11 05:44:26.754
ETH,BUY,0.0426,501000.000,2024-07-11 05:44:32.243
ETH,BUY,0.0504,501000.000,2024-07-11 05:44:45.265
ETH,BUY,1.8000,501000.000,2024-07-11 05:44:45.631
ETH,BUY,0.0100,501000.000,2024-07-11 05:44:48.461
ETH,BUY,0.0300,501000.000,2024-07-11 05:44:48.570
ETH,BUY,0.0431,501000.000,2024-07-11 05:45:01.265
ETH,BUY,0.0100,501000.000,2024-07-11 05:45:08.531
ETH,BUY,0.1600,501000.000,2024-07-11 05:45:09.441
ETH,BUY,0.1000,501000.000,2024-07-11 05:45:37.279
ETH,BUY,0.0829,500829.000,2024-07-11 05:45:48.788
ETH,BUY,1.0000,500861.000,2024-07-11 05:45:52.638
ETH,BUY,0.2612,501000.000,2024-07-11 05:45:52.638
ETH,BUY,0.7388,501291.000,2024-07-11 05:45:52.638
ETH,BUY,0.0116,500883.000,2024-07-11 05:45:52.812
ETH,BUY,0.8049,500883.000,2024-07-11 05:45:54.396
ETH,BUY,0.1835,500883.000,2024-07-11 05:45:54.794
ETH,BUY,1.8165,501323.000,2024-07-11 05:45:54.794
ETH,BUY,0.0387,500945.000,2024-07-11 05:46:36.250
ETH,BUY,0.2000,501410.000,2024-07-11 05:46:39.916
ETH,BUY,0.1600,501410.000,2024-07-11 05:46:40.177
ETH,BUY,0.0865,501364.000,2024-07-11 05:46:41.768
ETH,BUY,0.0199,501364.000,2024-07-11 05:46:42.411
ETH,BUY,0.1000,501355.000,2024-07-11 05:46:43.904
ETH,BUY,0.0800,501355.000,2024-07-11 05:46:44.069
ETH,BUY,0.4472,501371.000,2024-07-11 05:46:48.787
ETH,BUY,0.0199,501383.000,2024-07-11 05:46:52.473
ETH,BUY,0.1908,501384.000,2024-07-11 05:46:53.503
ETH,BUY,0.0729,501410.000,2024-07-11 05:46:57.437
ETH,BUY,0.0210,501458.000,2024-07-11 05:47:06.391
ETH,BUY,0.0130,501042.000,2024-07-11 05:47:24.032
ETH,BUY,0.0788,501111.000,2024-07-11 05:47:29.254
ETH,BUY,0.0118,501352.000,2024-07-11 05:47:33.827
ETH,BUY,0.0792,501323.000,2024-07-11 05:47:34.770
ETH,SELL,0.8500,500744.000,2024-07-11 05:49:03.201
ETH,BUY,0.0200,500917.000,2024-07-11 05:49:15.443
ETH,SELL,0.0100,500745.000,2024-07-11 05:49:29.755
ETH,BUY,0.1000,500958.000,2024-07-11 05:49:46.688
ETH,BUY,0.0400,500958.000,2024-07-11 05:49:49.214
ETH,BUY,0.1800,500689.000,2024-07-11 05:49:51.334
ETH,BUY,0.0100,501103.000,2024-07-11 05:49:55.820
ETH,BUY,0.8051,500791.000,2024-07-11 05:50:05.606
ETH,BUY,0.1000,501039.000,2024-07-11 05:50:24.880
ETH,BUY,0.9000,501039.000,2024-07-11 05:50:25.160
ETH,BUY,0.1000,501405.000,2024-07-11 05:50:25.160
ETH,BUY,0.2000,501405.000,2024-07-11 05:50:25.657
ETH,BUY,0.0500,501341.000,2024-07-11 05:50:35.569
ETH,BUY,0.8040,501489.000,2024-07-11 05:50:39.305
ETH,SELL,0.0370,501644.000,2024-07-11 05:52:53.035
ETH,BUY,0.0200,501671.000,2024-07-11 05:54:24.863
ETH,BUY,0.0100,501819.000,2024-07-11 05:56:01.686
ETH,BUY,0.4000,501823.000,2024-07-11 05:56:03.478
ETH,BUY,0.2104,501823.000,2024-07-11 05:56:03.599
ETH,BUY,0.1896,501823.000,2024-07-11 05:56:03.599
ETH,SELL,0.0272,501793.000,2024-07-11 05:56:13.195
ETH,BUY,0.0283,501990.000,2024-07-11 05:56:51.242
ETH,SELL,1.0000,501632.000,2024-07-11 05:59:43.015
ETH,SELL,0.0500,501532.000,2024-07-11 05:59:43.015
ETH,SELL,0.9069,501484.000,2024-07-11 05:59:43.015
ETH,SELL,0.0631,501483.000,2024-07-11 05:59:43.015
ETH,BUY,0.5971,501756.000,2024-07-11 06:00:08.313
ETH,BUY,0.4000,501903.000,2024-07-11 06:00:13.533
ETH,BUY,0.4000,501903.000,2024-07-11 06:00:13.563
ETH,BUY,0.4000,501932.000,2024-07-11 06:00:25.876
ETH,BUY,0.4000,501932.000,2024-07-11 06:00:26.137
ETH,BUY,0.4000,502109.000,2024-07-11 06:02:39.619
ETH,BUY,0.0100,502140.000,2024-07-11 06:02:39.846
ETH,BUY,0.2468,502238.000,2024-07-11 06:02:39.846
ETH,BUY,0.1432,502251.000,2024-07-11 06:02:39.846
ETH,BUY,0.1190,502280.000,2024-07-11 06:03:13.403
ETH,BUY,0.0200,502341.000,2024-07-11 06:03:49.981
ETH,BUY,0.0285,502395.000,2024-07-11 06:04:47.818
ETH,BUY,0.0100,501980.000,2024-07-11 06:06:49.880
ETH,BUY,0.0181,501719.000,2024-07-11 06:07:56.334
ETH,BUY,0.0153,501729.000,2024-07-11 06:08:18.267
ETH,BUY,0.1000,501816.000,2024-07-11 06:10:21.400
ETH,BUY,0.1000,501730.000,2024-07-11 06:11:50.171
ETH,SELL,0.0104,501729.000,2024-07-11 06:12:46.331
ETH,BUY,0.0200,501730.000,2024-07-11 06:14:39.438
ETH,BUY,0.0220,501816.000,2024-07-11 06:14:47.793
ETH,BUY,0.1990,501874.000,2024-07-11 06:15:28.429
ETH,BUY,0.0100,502164.000,2024-07-11 06:17:19.110
ETH,SELL,0.0126,502155.000,2024-07-11 06:17:32.248
ETH,BUY,0.0100,502280.000,2024-07-11 06:18:09.283
ETH,BUY,0.0330,502309.000,2024-07-11 06:18:57.021
ETH,SELL,0.1000,502093.000,2024-07-11 06:20:48.192
ETH,BUY,1.0000,502193.000,2024-07-11 06:21:15.865
ETH,BUY,0.4000,502338.000,2024-07-11 06:21:46.928
ETH,BUY,0.4000,502309.000,2024-07-11 06:21:47.029
ETH,BUY,0.4000,502338.000,2024-07-11 06:21:53.783
ETH,BUY,0.4000,502282.000,2024-07-11 06:22:17.588
ETH,SELL,0.0205,502261.000,2024-07-11 06:23:01.754
ETH,SELL,0.0126,502261.000,2024-07-11 06:24:06.501
ETH,SELL,0.0385,502261.000,2024-07-11 06:24:34.003
ETH,SELL,0.0284,502261.000,2024-07-11 06:24:37.599
ETH,SELL,0.0096,501729.000,2024-07-11 06:24:37.599
ETH,SELL,0.1235,501404.000,2024-07-11 06:24:37.599
ETH,BUY,0.0100,501613.000,2024-07-11 06:25:11.040
ETH,SELL,1.0000,501292.000,2024-07-11 06:25:44.165
ETH,BUY,0.0500,501671.000,2024-07-11 06:29:00.115
ETH,BUY,0.1000,501758.000,2024-07-11 06:29:01.613
ETH,BUY,0.0400,501874.000,2024-07-11 06:29:03.516
ETH,BUY,0.0400,501876.000,2024-07-11 06:29:05.104
ETH,BUY,0.0300,501929.000,2024-07-11 06:29:07.465
ETH,BUY,0.0460,501984.000,2024-07-11 06:29:21.612
ETH,SELL,0.0131,501831.000,2024-07-11 06:31:14.742
ETH,BUY,0.0298,501550.000,2024-07-11 06:37:21.750
ETH,BUY,0.0158,501540.000,2024-07-11 06:40:52.741
ETH,BUY,0.0145,501583.000,2024-07-11 06:40:58.236
ETH,BUY,0.9842,501728.000,2024-07-11 06:44:22.624
ETH,BUY,0.0702,501730.000,2024-07-11 06:44:22.624
ETH,BUY,0.7456,501758.000,2024-07-11 06:44:22.624
ETH,BUY,0.2000,501560.000,2024-07-11 06:44:51.238
ETH,BUY,0.4000,501997.000,2024-07-11 06:44:55.062
ETH,BUY,0.4000,501997.000,2024-07-11 06:44:55.599
ETH,BUY,0.1999,502017.000,2024-07-11 06:44:57.847
ETH,BUY,0.3179,502221.000,2024-07-11 06:46:36.645
ETH,BUY,0.0821,502222.000,2024-07-11 06:46:36.645
ETH,BUY,0.4000,502222.000,2024-07-11 06:46:36.685
ETH,BUY,0.0200,502657.000,2024-07-11 06:48:51.959
ETH,BUY,0.0162,502657.000,2024-07-11 06:48:53.329
ETH,BUY,0.0200,502657.000,2024-07-11 06:48:53.833
ETH,BUY,0.0200,502686.000,2024-07-11 06:48:55.642
ETH,BUY,0.3400,502686.000,2024-07-11 06:48:56.972
ETH,BUY,0.8022,502525.000,2024-07-11 06:49:02.264
ETH,BUY,0.1978,502525.000,2024-07-11 06:49:02.708
ETH,BUY,0.0100,502800.000,2024-07-11 06:49:02.708
ETH,BUY,0.1922,503034.000,2024-07-11 06:49:02.708
ETH,BUY,0.0100,503034.000,2024-07-11 06:49:02.803
ETH,BUY,0.4000,502579.000,2024-07-11 06:49:04.230
ETH,BUY,0.6000,502579.000,2024-07-11 06:49:04.253
ETH,BUY,0.1000,503063.000,2024-07-11 06:49:05.639
ETH,BUY,1.0000,502621.000,2024-07-11 06:49:07.401
ETH,SELL,0.1000,502624.000,2024-07-11 06:49:07.753
ETH,SELL,0.0102,502623.000,2024-07-11 06:49:07.753
ETH,BUY,1.0000,502650.000,2024-07-11 06:49:10.743
ETH,BUY,0.0165,502664.000,2024-07-11 06:49:13.678
ETH,BUY,0.1000,503211.000,2024-07-11 06:49:20.749
ETH,BUY,0.0243,503212.000,2024-07-11 06:49:20.749
ETH,BUY,0.4000,503235.000,2024-07-11 06:49:31.771
ETH,BUY,0.4000,503235.000,2024-07-11 06:49:31.909
ETH,BUY,0.0300,503340.000,2024-07-11 06:50:09.746
ETH,BUY,0.4000,503345.000,2024-07-11 06:50:11.494
ETH,BUY,0.4000,503345.000,2024-07-11 06:50:11.646
ETH,BUY,0.0685,503062.000,2024-07-11 06:50:14.932
ETH,BUY,0.0100,503390.000,2024-07-11 06:50:22.752
ETH,BUY,0.0410,503400.000,2024-07-11 06:50:40.244
ETH,BUY,0.0300,503411.000,2024-07-11 06:50:54.617
ETH,SELL,0.0122,503345.000,2024-07-11 06:50:57.757
ETH,BUY,0.1100,503405.000,2024-07-11 06:51:50.620
ETH,BUY,0.0181,503669.000,2024-07-11 06:51:52.750
ETH,BUY,1.0000,503210.000,2024-07-11 06:51:56.833
ETH,BUY,1.0000,503251.000,2024-07-11 06:51:58.409
ETH,BUY,0.1000,503672.000,2024-07-11 06:51:59.383
ETH,BUY,0.0654,503817.000,2024-07-11 06:52:10.351
ETH,BUY,0.0233,503419.000,2024-07-11 06:54:50.298
ETH,BUY,0.1771,503405.000,2024-07-11 06:55:03.839
ETH,BUY,0.0600,503405.000,2024-07-11 06:55:04.103
ETH,BUY,0.1000,503388.000,2024-07-11 07:01:17.568
ETH,BUY,1.4388,503381.000,2024-07-11 07:01:35.401
ETH,BUY,1.0186,503381.000,2024-07-11 07:01:35.401
ETH,BUY,4.0426,503469.000,2024-07-11 07:01:35.401
ETH,BUY,0.0100,503499.000,2024-07-11 07:03:22.399
ETH,BUY,0.0200,503499.000,2024-07-11 07:03:22.522
ETH,BUY,0.1200,503499.000,2024-07-11 07:03:22.940
ETH,BUY,0.0200,503585.000,2024-07-11 07:06:08.090
ETH,SELL,0.0500,503400.000,2024-07-11 07:08:42.284
ETH,BUY,0.0300,503411.000,2024-07-11 07:09:30.307
ETH,BUY,0.0100,503440.000,2024-07-11 07:09:39.326
ETH,BUY,0.0118,503527.000,2024-07-11 07:10:25.239
ETH,SELL,0.4680,503400.000,2024-07-11 07:13:29.645
ETH,BUY,0.4000,503498.000,2024-07-11 07:17:36.628
ETH,BUY,0.4000,503498.000,2024-07-11 07:17:37.493
ETH,BUY,0.0900,503526.000,2024-07-11 07:17:38.153
ETH,BUY,0.2742,503581.000,2024-07-11 07:17:58.030
ETH,BUY,0.7258,503875.000,2024-07-11 07:17:58.030
ETH,BUY,0.0500,504049.000,2024-07-11 07:17:59.138
ETH,BUY,0.2000,504049.000,2024-07-11 07:17:59.250
ETH,BUY,0.0100,504078.000,2024-07-11 07:18:03.194
ETH,BUY,0.2000,504078.000,2024-07-11 07:18:04.221
ETH,BUY,0.3200,504339.000,2024-07-11 07:18:22.303
ETH,SELL,0.0134,503723.000,2024-07-11 07:19:47.265
ETH,BUY,0.0134,504135.000,2024-07-11 07:20:03.249
ETH,BUY,0.1962,504165.000,2024-07-11 07:20:03.249
ETH,SELL,0.0543,504239.000,2024-07-11 07:20:35.739
ETH,SELL,0.0100,503780.000,2024-07-11 07:21:02.335
ETH,BUY,0.1321,503991.000,2024-07-11 07:21:19.450
ETH,BUY,0.5000,504049.000,2024-07-11 07:24:55.167
ETH,BUY,0.0387,504136.000,2024-07-11 07:25:03.527
ETH,BUY,0.4000,504194.000,2024-07-11 07:25:06.244
ETH,BUY,0.3200,504194.000,2024-07-11 07:25:06.355
ETH,BUY,0.0543,504320.000,2024-07-11 07:25:06.600
ETH,BUY,0.9070,504397.000,2024-07-11 07:25:06.600
ETH,BUY,0.4000,504397.000,2024-07-11 07:25:07.118
ETH,BUY,1.0000,504212.000,2024-07-11 07:25:17.635
ETH,BUY,0.1300,504670.000,2024-07-11 07:26:25.258
ETH,BUY,0.4000,504670.000,2024-07-11 07:26:25.508
ETH,BUY,0.4000,504716.000,2024-07-11 07:26:26.091
ETH,SELL,0.4000,504743.000,2024-07-11 07:32:05.441
ETH,SELL,0.3306,504274.000,2024-07-11 07:32:09.001
ETH,BUY,0.4300,504236.000,2024-07-11 07:33:22.494
ETH,BUY,0.4000,504339.000,2024-07-11 07:34:42.365
ETH,BUY,0.4000,504339.000,2024-07-11 07:34:42.531
ETH,BUY,0.4000,504339.000,2024-07-11 07:34:42.828
ETH,BUY,0.4000,504426.000,2024-07-11 07:34:47.549
ETH,BUY,0.0399,504507.000,2024-07-11 07:35:36.494
ETH,BUY,0.5601,504513.000,2024-07-11 07:35:36.494
ETH,BUY,0.3200,504542.000,2024-07-11 07:37:23.588
ETH,BUY,0.4000,504542.000,2024-07-11 07:37:24.103
ETH,SELL,0.5000,504128.000,2024-07-11 07:38:40.024
ETH,SELL,0.4000,504146.000,2024-07-11 07:38:42.190
ETH,BUY,0.4000,504450.000,2024-07-11 07:39:18.235
ETH,BUY,0.0646,504450.000,2024-07-11 07:39:18.369
ETH,BUY,0.3200,504450.000,2024-07-11 07:39:18.432
ETH,BUY,0.0560,504450.000,2024-07-11 07:39:18.466
ETH,BUY,0.3440,504455.000,2024-07-11 07:39:18.466
ETH,BUY,0.4000,504455.000,2024-07-11 07:39:18.495
ETH,BUY,0.4000,504542.000,2024-07-11 07:39:19.217
ETH,BUY,0.0360,504571.000,2024-07-11 07:41:00.870
ETH,BUY,0.1000,504571.000,2024-07-11 07:41:19.298
ETH,BUY,0.0600,504600.000,2024-07-11 07:41:26.511
ETH,BUY,0.3400,504716.000,2024-07-11 07:41:26.511
ETH,BUY,0.1600,504608.000,2024-07-11 07:41:27.029
ETH,BUY,0.4000,504658.000,2024-07-11 07:43:31.511
ETH,BUY,0.4000,504687.000,2024-07-11 07:43:46.824
ETH,BUY,0.4000,504687.000,2024-07-11 07:43:46.935
ETH,BUY,0.4000,504687.000,2024-07-11 07:43:47.042
ETH,BUY,0.3200,504687.000,2024-07-11 07:43:47.192
ETH,BUY,0.4000,504745.000,2024-07-11 07:45:35.805
ETH,BUY,0.4000,504755.000,2024-07-11 07:45:36.915
ETH,SELL,0.0102,504134.000,2024-07-11 07:49:25.742
ETH,BUY,1.0000,504397.000,2024-07-11 07:50:48.795
ETH,BUY,0.4000,504397.000,2024-07-11 07:50:48.937
ETH,BUY,0.3200,504397.000,2024-07-11 07:50:49.168
ETH,BUY,0.4000,504455.000,2024-07-11 07:50:49.553
ETH,BUY,0.4000,504455.000,2024-07-11 07:50:49.798
ETH,BUY,0.4000,504455.000,2024-07-11 07:50:50.119
ETH,BUY,0.0103,504513.000,2024-07-11 07:51:20.748
ETH,BUY,0.2000,504658.000,2024-07-11 07:51:54.527
ETH,BUY,0.1600,504658.000,2024-07-11 07:51:55.168
ETH,BUY,0.0100,504687.000,2024-07-11 07:51:55.320
ETH,BUY,0.0100,504716.000,2024-07-11 07:52:00.688
ETH,BUY,0.3200,504774.000,2024-07-11 07:52:08.122
ETH,BUY,0.0300,504919.000,2024-07-11 07:52:26.667
ETH,SELL,0.0400,504854.000,2024-07-11 07:52:36.926
ETH,BUY,0.2200,504977.000,2024-07-11 07:53:08.837
ETH,SELL,0.1000,504619.000,2024-07-11 07:53:32.247
ETH,SELL,0.0714,504640.000,2024-07-11 07:53:42.238
ETH,BUY,1.0000,504409.000,2024-07-11 07:53:49.986
ETH,SELL,0.0386,504621.000,2024-07-11 07:54:02.733
ETH,SELL,0.0900,504561.000,2024-07-11 07:54:19.759
ETH,BUY,0.0100,504665.000,2024-07-11 07:54:28.240
ETH,SELL,0.0346,504707.000,2024-07-11 07:54:33.755
ETH,SELL,0.0434,504709.000,2024-07-11 07:54:42.243
ETH,BUY,0.0243,504919.000,2024-07-11 07:54:56.743
ETH,BUY,0.0420,504999.000,2024-07-11 07:55:41.088
ETH,BUY,0.0410,505000.000,2024-07-11 07:55:41.088
ETH,BUY,0.0100,505000.000,2024-07-11 07:55:41.088
ETH,BUY,0.3070,505000.000,2024-07-11 07:55:41.088
ETH,BUY,0.0800,505000.000,2024-07-11 07:55:42.447
ETH,BUY,0.4000,505000.000,2024-07-11 07:55:43.112
ETH,BUY,0.2130,505000.000,2024-07-11 07:55:47.264
ETH,BUY,0.1646,505096.000,2024-07-11 07:55:47.264
ETH,BUY,0.0224,505291.000,2024-07-11 07:55:47.264
ETH,BUY,0.4000,505291.000,2024-07-11 07:55:47.334
ETH,BUY,0.7596,505291.000,2024-07-11 07:55:47.715
ETH,BUY,0.0714,505429.000,2024-07-11 07:55:47.715
ETH,BUY,0.1690,505499.000,2024-07-11 07:55:47.715
ETH,BUY,0.1600,505127.000,2024-07-11 07:55:48.546
ETH,BUY,0.0129,505127.000,2024-07-11 07:55:50.271
ETH,BUY,0.1085,505658.000,2024-07-11 07:57:14.923
ETH,BUY,0.2915,505702.000,2024-07-11 07:57:14.923
ETH,BUY,0.4000,505760.000,2024-07-11 07:57:15.813
ETH,BUY,0.0800,505760.000,2024-07-11 07:57:16.084
ETH,BUY,0.1000,505847.000,2024-07-11 07:57:16.798
ETH,BUY,0.0100,505906.000,2024-07-11 07:57:19.303
ETH,BUY,0.0200,505963.000,2024-07-11 07:57:19.303
ETH,SELL,0.0684,505153.000,2024-07-11 07:58:03.248
ETH,BUY,0.0217,505180.000,2024-07-11 07:58:49.148
ETH,BUY,0.0684,505157.000,2024-07-11 08:00:26.334
ETH,BUY,0.1000,505180.000,2024-07-11 08:00:26.334
ETH,BUY,0.1516,505296.000,2024-07-11 08:00:26.334
ETH,SELL,0.0154,504786.000,2024-07-11 08:01:32.760
ETH,SELL,0.0538,504792.000,2024-07-11 08:01:38.292
ETH,BUY,0.5929,505499.000,2024-07-11 08:07:10.656
ETH,BUY,0.0100,506000.000,2024-07-11 08:09:15.251
ETH,BUY,0.0020,506000.000,2024-07-11 08:09:49.822
ETH,BUY,0.0980,506000.000,2024-07-11 08:09:49.822
ETH,BUY,0.2900,506000.000,2024-07-11 08:09:59.139
ETH,BUY,0.0300,506000.000,2024-07-11 08:10:00.445
ETH,BUY,0.0400,506000.000,2024-07-11 08:10:03.647
ETH,BUY,0.5000,506000.000,2024-07-11 08:11:27.478
ETH,BUY,0.0232,506000.000,2024-07-11 08:11:36.259
ETH,SELL,0.0200,505999.000,2024-07-11 08:11:58.131
ETH,BUY,0.1000,506000.000,2024-07-11 08:12:22.784
ETH,SELL,0.0311,505999.000,2024-07-11 08:12:56.788
ETH,SELL,0.0539,505999.000,2024-07-11 08:13:11.686
ETH,SELL,0.0154,505999.000,2024-07-11 08:13:12.283
ETH,SELL,0.0100,505999.000,2024-07-11 08:13:16.576
ETH,SELL,0.0693,505287.000,2024-07-11 08:13:17.500
ETH,SELL,0.1000,505287.000,2024-07-11 08:13:17.520
ETH,SELL,0.1000,505288.000,2024-07-11 08:13:17.957
ETH,SELL,0.0100,505307.000,2024-07-11 08:13:22.571
ETH,SELL,0.0161,505148.000,2024-07-11 08:14:02.328
ETH,BUY,0.1398,505267.000,2024-07-11 08:16:32.783
ETH,BUY,0.0229,505383.000,2024-07-11 08:16:37.736
ETH,BUY,0.4000,505499.000,2024-07-11 08:16:40.701
ETH,SELL,0.2674,505152.000,2024-07-11 08:18:11.734
ETH,BUY,0.0100,505209.000,2024-07-11 08:18:19.243
ETH,BUY,0.0500,505238.000,2024-07-11 08:18:22.364
ETH,BUY,0.0100,505267.000,2024-07-11 08:18:24.753
ETH,BUY,0.2000,505256.000,2024-07-11 08:19:17.767
ETH,BUY,0.3680,505296.000,2024-07-11 08:19:26.183
ETH,SELL,0.0200,504912.000,2024-07-11 08:20:04.749
ETH,SELL,0.0016,504791.000,2024-07-11 08:20:04.749
ETH,BUY,0.4000,504832.000,2024-07-11 08:20:16.880
ETH,BUY,1.0000,504832.000,2024-07-11 08:20:17.232
ETH,BUY,0.4000,504972.000,2024-07-11 08:20:18.277
ETH,BUY,0.1567,504972.000,2024-07-11 08:20:18.848
ETH,BUY,0.2433,504977.000,2024-07-11 08:20:18.848
ETH,BUY,0.4000,505064.000,2024-07-11 08:20:37.494
ETH,BUY,0.0100,505093.000,2024-07-11 08:21:49.931
ETH,SELL,0.0200,504838.000,2024-07-11 08:23:24.247
ETH,BUY,0.0200,505411.000,2024-07-11 08:23:37.803
ETH,BUY,0.1300,505470.000,2024-07-11 08:23:37.803
ETH,BUY,0.0200,505528.000,2024-07-11 08:23:41.857
ETH,BUY,0.3800,505615.000,2024-07-11 08:23:53.005
ETH,BUY,1.0000,504929.000,2024-07-11 08:25:34.786
ETH,BUY,1.0000,504955.000,2024-07-11 08:25:37.756
ETH,BUY,0.4000,505737.000,2024-07-11 08:26:20.592
ETH,BUY,0.4000,505752.000,2024-07-11 08:26:25.696
ETH,BUY,0.0304,505538.000,2024-07-11 08:26:34.241
ETH,BUY,0.4000,505999.000,2024-07-11 08:26:42.429
ETH,BUY,0.4000,505780.000,2024-07-11 08:26:42.676
ETH,BUY,0.3200,505780.000,2024-07-11 08:26:43.370
ETH,BUY,0.2800,505780.000,2024-07-11 08:26:44.700
ETH,BUY,0.1200,506000.000,2024-07-11 08:26:44.700
ETH,BUY,0.0125,505926.000,2024-07-11 08:26:47.305
ETH,BUY,0.4000,506000.000,2024-07-11 08:26:50.262
ETH,BUY,0.4000,506000.000,2024-07-11 08:26:51.147
ETH,BUY,1.1700,506000.000,2024-07-11 08:26:52.630
ETH,BUY,0.8288,506000.000,2024-07-11 08:26:52.988
ETH,BUY,0.0319,506045.000,2024-07-11 08:26:57.277
ETH,BUY,0.2000,506224.000,2024-07-11 08:27:01.904
ETH,SELL,0.1000,505927.000,2024-07-11 08:27:23.871
ETH,BUY,0.0572,505992.000,2024-07-11 08:27:27.267
ETH,BUY,0.0694,506021.000,2024-07-11 08:27:28.087
ETH,BUY,0.0100,506108.000,2024-07-11 08:27:31.850
ETH,BUY,0.0600,506108.000,2024-07-11 08:27:32.293
ETH,BUY,0.0300,506282.000,2024-07-11 08:27:33.852
ETH,BUY,0.1900,506298.000,2024-07-11 08:27:35.095
ETH,BUY,0.4000,506299.000,2024-07-11 08:27:39.805
ETH,SELL,0.0100,505803.000,2024-07-11 08:29:37.013
ETH,SELL,0.0500,505722.000,2024-07-11 08:29:37.013
ETH,BUY,0.1000,505872.000,2024-07-11 08:29:44.416
ETH,BUY,0.1000,505876.000,2024-07-11 08:29:44.416
ETH,BUY,0.4000,506100.000,2024-07-11 08:31:47.356
ETH,BUY,0.0245,505877.000,2024-07-11 08:31:49.246
ETH,BUY,0.4000,505877.000,2024-07-11 08:31:49.943
ETH,BUY,0.0900,506021.000,2024-07-11 08:32:48.134
ETH,BUY,0.0100,506021.000,2024-07-11 08:32:48.307
ETH,BUY,0.1100,506021.000,2024-07-11 08:32:49.859
ETH,SELL,0.0100,505900.000,2024-07-11 08:33:07.408
ETH,BUY,0.0516,505786.000,2024-07-11 08:33:32.455
ETH,BUY,0.5413,505786.000,2024-07-11 08:33:32.455
ETH,SELL,0.0266,505331.000,2024-07-11 08:33:50.247
ETH,SELL,0.0900,505190.000,2024-07-11 08:35:43.743
ETH,SELL,0.1000,505197.000,2024-07-11 08:36:17.748
ETH,BUY,0.0100,505203.000,2024-07-11 08:36:46.487
ETH,BUY,0.0300,505238.000,2024-07-11 08:37:21.000
ETH,BUY,0.0600,505321.000,2024-07-11 08:37:32.208
ETH,BUY,0.0200,505359.000,2024-07-11 08:37:40.611
ETH,BUY,0.0100,505356.000,2024-07-11 08:37:47.870
ETH,BUY,0.0300,505180.000,2024-07-11 08:37:53.136
ETH,BUY,0.0400,505305.000,2024-07-11 08:38:03.826
ETH,BUY,0.0700,505305.000,2024-07-11 08:38:05.874
ETH,BUY,0.0400,505325.000,2024-07-11 08:38:11.446
ETH,BUY,0.0299,505142.000,2024-07-11 08:38:17.239
ETH,BUY,0.0400,505095.000,2024-07-11 08:38:30.917
ETH,BUY,0.0219,505243.000,2024-07-11 08:38:49.747
ETH,BUY,0.0200,505383.000,2024-07-11 08:42:27.461
ETH,SELL,0.0919,505243.000,2024-07-11 08:43:13.326
ETH,SELL,0.2581,505243.000,2024-07-11 08:43:51.715
ETH,BUY,0.0100,504852.000,2024-07-11 08:44:50.265
ETH,SELL,0.0221,504501.000,2024-07-11 08:45:00.744
ETH,SELL,0.8588,504500.000,2024-07-11 08:47:35.184
ETH,SELL,0.1412,504500.000,2024-07-11 08:47:35.295
ETH,SELL,0.0300,504146.000,2024-07-11 08:47:43.753
ETH,BUY,0.1900,504339.000,2024-07-11 08:50:20.764
ETH,BUY,0.4000,504105.000,2024-07-11 08:50:37.279
ETH,BUY,0.4000,504145.000,2024-07-11 08:50:37.491
ETH,BUY,0.1000,504145.000,2024-07-11 08:50:39.261
ETH,BUY,0.1300,504706.000,2024-07-11 08:51:10.493
ETH,BUY,0.1978,504706.000,2024-07-11 08:51:10.526
ETH,BUY,0.0022,504803.000,2024-07-11 08:51:10.526
ETH,SELL,0.0100,504428.000,2024-07-11 08:51:55.300
ETH,BUY,0.0300,504658.000,2024-07-11 08:55:54.519
ETH,BUY,0.0300,504745.000,2024-07-11 08:55:56.405
ETH,BUY,0.0500,505209.000,2024-07-11 08:56:46.686
ETH,BUY,0.0100,505238.000,2024-07-11 08:57:23.546
ETH,BUY,0.0300,505296.000,2024-07-11 08:57:27.272
ETH,BUY,0.4000,505197.000,2024-07-11 08:58:19.649
ETH,BUY,0.0300,505197.000,2024-07-11 08:58:19.912
ETH,SELL,0.0950,505264.000,2024-07-11 08:58:33.352
ETH,BUY,0.0500,505322.000,2024-07-11 08:59:18.439
ETH,BUY,0.0500,505383.000,2024-07-11 09:00:11.277
ETH,BUY,0.0100,505325.000,2024-07-11 09:00:11.554
ETH,BUY,0.0100,504985.000,2024-07-11 09:00:44.013
ETH,BUY,0.0280,504985.000,2024-07-11 09:00:44.573
ETH,BUY,0.4000,504985.000,2024-07-11 09:00:44.601
ETH,BUY,0.0300,504985.000,2024-07-11 09:00:44.671
ETH,BUY,0.2000,504985.000,2024-07-11 09:00:45.514
ETH,BUY,0.0167,505500.000,2024-07-11 09:02:30.764
ETH,SELL,0.0100,505406.000,2024-07-11 09:02:39.057
ETH,SELL,0.0100,505226.000,2024-07-11 09:04:38.072
ETH,BUY,0.0100,505409.000,2024-07-11 09:05:09.255
ETH,BUY,0.0100,505423.000,2024-07-11 09:05:13.769
ETH,BUY,0.0050,505499.000,2024-07-11 09:05:13.769
ETH,BUY,0.0500,505500.000,2024-07-11 09:05:27.268
ETH,BUY,0.8000,505500.000,2024-07-11 09:05:35.579
ETH,BUY,0.0555,505101.000,2024-07-11 09:05:44.054
ETH,BUY,0.0300,505199.000,2024-07-11 09:05:55.580
ETH,BUY,0.4000,505199.000,2024-07-11 09:05:55.621
ETH,BUY,0.4000,505199.000,2024-07-11 09:05:55.784
ETH,BUY,0.0100,505500.000,2024-07-11 09:06:13.234
ETH,BUY,0.0100,505500.000,2024-07-11 09:06:28.002
ETH,SELL,0.0161,504643.000,2024-07-11 09:09:24.300
ETH,SELL,0.5000,504849.000,2024-07-11 09:10:57.211
ETH,SELL,0.1000,504848.000,2024-07-11 09:10:58.656
ETH,BUY,0.1000,504977.000,2024-07-11 09:11:40.690
ETH,BUY,0.3000,504977.000,2024-07-11 09:11:40.990
ETH,BUY,0.1000,504977.000,2024-07-11 09:11:41.169
ETH,BUY,0.1000,504977.000,2024-07-11 09:11:41.871
ETH,BUY,0.1000,504977.000,2024-07-11 09:11:41.954
ETH,BUY,0.1000,504977.000,2024-07-11 09:11:42.072
ETH,BUY,0.2000,504977.000,2024-07-11 09:11:42.117
ETH,SELL,0.0999,504976.000,2024-07-11 09:11:42.120
ETH,BUY,0.1000,505006.000,2024-07-11 09:11:42.166
ETH,BUY,0.1000,505006.000,2024-07-11 09:11:42.343
ETH,BUY,0.0981,505006.000,2024-07-11 09:11:42.811
ETH,BUY,0.3000,505006.000,2024-07-11 09:11:42.935
ETH,SELL,0.0001,504976.000,2024-07-11 09:11:43.061
ETH,SELL,0.1998,504926.000,2024-07-11 09:11:43.061
ETH,SELL,0.1000,504926.000,2024-07-11 09:11:43.177
ETH,SELL,0.1000,504977.000,2024-07-11 09:11:43.278
ETH,SELL,0.1000,504928.000,2024-07-11 09:11:45.401
ETH,SELL,0.1000,504928.000,2024-07-11 09:11:46.401
ETH,SELL,0.1000,504928.000,2024-07-11 09:11:46.730
ETH,SELL,0.1000,504930.000,2024-07-11 09:11:48.316
ETH,SELL,0.1000,504933.000,2024-07-11 09:11:50.465
ETH,SELL,0.1000,504933.000,2024-07-11 09:11:50.945
ETH,SELL,0.1000,504933.000,2024-07-11 09:11:51.180
ETH,BUY,0.0101,505122.000,2024-07-11 09:11:56.743
ETH,SELL,0.0651,504749.000,2024-07-11 09:18:39.767
ETH,BUY,0.0908,505130.000,2024-07-11 09:20:15.271
ETH,BUY,1.0000,505130.000,2024-07-11 09:20:38.446
ETH,BUY,0.1095,505130.000,2024-07-11 09:21:01.017
ETH,BUY,0.1000,505130.000,2024-07-11 09:21:04.913
ETH,BUY,0.0342,505130.000,2024-07-11 09:22:09.201
ETH,BUY,0.0343,505130.000,2024-07-11 09:22:12.310
ETH,BUY,0.0100,505130.000,2024-07-11 09:22:25.322
ETH,BUY,0.0100,505130.000,2024-07-11 09:22:38.754
ETH,BUY,0.5000,505130.000,2024-07-11 09:22:50.501
ETH,BUY,0.0197,505130.000,2024-07-11 09:24:32.403
ETH,BUY,0.0197,505130.000,2024-07-11 09:24:42.340
ETH,BUY,0.0248,505128.000,2024-07-11 09:25:00.796
ETH,BUY,0.7997,505130.000,2024-07-11 09:25:10.010
ETH,BUY,0.4000,505130.000,2024-07-11 09:25:10.690
ETH,BUY,0.4000,505130.000,2024-07-11 09:25:11.261
ETH,BUY,0.0269,505130.000,2024-07-11 09:25:12.273
ETH,BUY,0.0197,505130.000,2024-07-11 09:25:12.348
ETH,BUY,0.0197,505115.000,2024-07-11 09:25:22.357
ETH,BUY,0.0197,505130.000,2024-07-11 09:25:32.486
ETH,BUY,0.0599,505130.000,2024-07-11 09:25:35.756
ETH,BUY,0.0198,505130.000,2024-07-11 09:25:36.298
ETH,BUY,0.0340,505130.000,2024-07-11 09:25:37.308
ETH,BUY,0.0197,505130.000,2024-07-11 09:25:42.311
ETH,BUY,0.0281,505130.000,2024-07-11 09:25:46.984
ETH,BUY,0.0784,505130.000,2024-07-11 09:25:47.266
ETH,BUY,0.0197,505130.000,2024-07-11 09:25:52.383
ETH,BUY,0.0100,505130.000,2024-07-11 09:26:02.206
ETH,BUY,0.0197,505130.000,2024-07-11 09:26:02.913
ETH,BUY,0.0197,505130.000,2024-07-11 09:26:12.490
ETH,BUY,0.1112,505130.000,2024-07-11 09:26:19.711
ETH,BUY,0.0100,505130.000,2024-07-11 09:26:20.368
ETH,BUY,0.0197,505130.000,2024-07-11 09:26:22.476
ETH,BUY,0.0787,505130.000,2024-07-11 09:26:30.246
ETH,BUY,0.0197,505130.000,2024-07-11 09:26:32.463
ETH,BUY,1.4800,505130.000,2024-07-11 09:26:35.844
ETH,BUY,1.0800,505130.000,2024-07-11 09:26:35.880
ETH,BUY,0.7970,505130.000,2024-07-11 09:26:36.414
ETH,BUY,0.5000,505130.000,2024-07-11 09:26:37.998
ETH,BUY,0.7970,505130.000,2024-07-11 09:26:39.930
ETH,BUY,0.7970,505130.000,2024-07-11 09:26:41.952
ETH,BUY,0.0197,505130.000,2024-07-11 09:26:42.403
ETH,BUY,0.7970,505130.000,2024-07-11 09:26:44.526
ETH,BUY,0.7970,505130.000,2024-07-11 09:26:45.514
ETH,BUY,0.0397,505130.000,2024-07-11 09:26:47.153
ETH,BUY,0.0197,505130.000,2024-07-11 09:26:52.392
ETH,BUY,0.7970,505130.000,2024-07-11 09:26:53.090
ETH,BUY,0.0101,505130.000,2024-07-11 09:26:55.267
ETH,BUY,0.7970,505130.000,2024-07-11 09:26:55.652
ETH,BUY,0.7970,505130.000,2024-07-11 09:26:56.647
ETH,BUY,0.5000,505130.000,2024-07-11 09:26:59.209
ETH,BUY,0.7970,505130.000,2024-07-11 09:27:00.139
ETH,BUY,0.7971,505130.000,2024-07-11 09:27:02.253
ETH,SELL,0.1150,505129.000,2024-07-11 09:27:03.853
ETH,BUY,0.7970,505130.000,2024-07-11 09:27:06.398
ETH,BUY,0.7969,505130.000,2024-07-11 09:27:11.475
ETH,BUY,0.5000,505130.000,2024-07-11 09:27:19.900
ETH,BUY,0.5932,505130.000,2024-07-11 09:27:37.664
ETH,BUY,0.5000,505130.000,2024-07-11 09:27:40.922
ETH,BUY,1.8371,505130.000,2024-07-11 09:27:44.925
ETH,BUY,0.7970,505130.000,2024-07-11 09:27:53.412
ETH,BUY,0.7970,505130.000,2024-07-11 09:27:55.010
ETH,BUY,0.7970,505130.000,2024-07-11 09:27:57.883
ETH,BUY,0.5000,505130.000,2024-07-11 09:28:01.888
ETH,BUY,0.0299,505130.000,2024-07-11 09:28:14.607
ETH,BUY,0.7970,505130.000,2024-07-11 09:28:16.571
ETH,BUY,0.5935,505130.000,2024-07-11 09:28:23.296
ETH,BUY,0.7970,505130.000,2024-07-11 09:28:31.237
ETH,BUY,0.7971,505130.000,2024-07-11 09:29:22.102
ETH,BUY,0.7871,505130.000,2024-07-11 09:29:24.296
ETH,BUY,0.7971,505130.000,2024-07-11 09:29:26.313
ETH,BUY,0.7971,505130.000,2024-07-11 09:29:27.214
ETH,BUY,0.7971,505130.000,2024-07-11 09:29:28.819
ETH,BUY,0.1301,505130.000,2024-07-11 09:29:29.831
ETH,BUY,0.6670,505130.000,2024-07-11 09:29:29.831
ETH,BUY,0.3330,505130.000,2024-07-11 09:29:35.360
ETH,BUY,0.0100,505426.000,2024-07-11 09:29:58.620
ETH,BUY,0.0211,505470.000,2024-07-11 09:30:25.795
ETH,BUY,0.1133,505500.000,2024-07-11 09:31:25.882
ETH,BUY,0.0567,505500.000,2024-07-11 09:31:25.882
ETH,BUY,0.2300,505422.000,2024-07-11 09:31:31.514
ETH,BUY,0.4000,505474.000,2024-07-11 09:31:32.029
ETH,BUY,0.1980,505500.000,2024-07-11 09:31:41.490
ETH,BUY,0.0486,505500.000,2024-07-11 09:31:43.244
ETH,SELL,1.0000,505407.000,2024-07-11 09:33:29.318
ETH,BUY,0.2000,505265.000,2024-07-11 09:34:04.986
ETH,BUY,0.1000,505288.000,2024-07-11 09:34:10.300
ETH,BUY,0.0200,505182.000,2024-07-11 09:35:03.048
ETH,BUY,0.3400,505182.000,2024-07-11 09:35:04.999
ETH,BUY,0.0100,505347.000,2024-07-11 09:35:06.114
ETH,BUY,0.0400,505347.000,2024-07-11 09:35:06.238
ETH,BUY,0.0700,505349.000,2024-07-11 09:35:07.595
ETH,BUY,0.3200,505141.000,2024-07-11 09:35:10.084
ETH,BUY,0.3200,505277.000,2024-07-11 09:35:11.187
ETH,BUY,0.4000,505277.000,2024-07-11 09:35:11.350
ETH,SELL,1.0000,505177.000,2024-07-11 09:35:57.032
ETH,BUY,0.0396,505494.000,2024-07-11 09:36:17.289
ETH,BUY,0.0282,505429.000,2024-07-11 09:36:22.751
ETH,BUY,0.0500,505500.000,2024-07-11 09:36:32.987
ETH,BUY,0.1800,505500.000,2024-07-11 09:36:50.784
ETH,BUY,0.1600,505459.000,2024-07-11 09:37:21.992
ETH,BUY,0.2400,505456.000,2024-07-11 09:37:23.210
ETH,BUY,0.1600,505456.000,2024-07-11 09:37:23.471
ETH,BUY,0.1400,505378.000,2024-07-11 09:37:38.540
ETH,BUY,0.1000,505396.000,2024-07-11 09:38:05.101
ETH,BUY,0.0600,505411.000,2024-07-11 09:38:05.419
ETH,BUY,0.0900,505411.000,2024-07-11 09:38:05.735
ETH,BUY,0.2600,505411.000,2024-07-11 09:38:07.105
ETH,BUY,0.3100,505411.000,2024-07-11 09:38:07.989
ETH,BUY,0.0492,505500.000,2024-07-11 09:38:08.753
ETH,BUY,0.0200,505434.000,2024-07-11 09:39:20.369
ETH,BUY,0.0100,505437.000,2024-07-11 09:39:35.256
ETH,BUY,0.0100,505409.000,2024-07-11 09:39:49.740
ETH,BUY,0.4000,505500.000,2024-07-11 09:40:31.116
ETH,BUY,0.0178,505500.000,2024-07-11 09:40:31.306
ETH,BUY,0.4000,505500.000,2024-07-11 09:40:31.462
ETH,BUY,0.4000,505500.000,2024-07-11 09:40:31.470
ETH,BUY,0.3200,505500.000,2024-07-11 09:40:32.075
ETH,BUY,0.4000,505500.000,2024-07-11 09:40:32.673
ETH,BUY,0.0100,505500.000,2024-07-11 09:40:41.284
ETH,BUY,0.1000,505500.000,2024-07-11 09:40:49.852
ETH,BUY,0.3200,505500.000,2024-07-11 09:40:50.401
ETH,BUY,0.4000,505500.000,2024-07-11 09:40:50.484
ETH,BUY,0.3916,505500.000,2024-07-11 09:40:50.803
ETH,BUY,0.0084,505622.000,2024-07-11 09:40:50.803
ETH,BUY,0.0101,505677.000,2024-07-11 09:41:00.249
ETH,BUY,0.2500,505640.000,2024-07-11 09:41:45.172
ETH,BUY,0.3200,505531.000,2024-07-11 09:41:53.498
ETH,BUY,0.4000,505531.000,2024-07-11 09:41:53.559
ETH,BUY,0.0500,505531.000,2024-07-11 09:41:53.560
ETH,BUY,0.4000,505698.000,2024-07-11 09:41:59.088
ETH,BUY,0.0369,505766.000,2024-07-11 09:42:02.733
ETH,BUY,0.3200,505766.000,2024-07-11 09:42:04.031
ETH,BUY,0.4000,505766.000,2024-07-11 09:42:04.182
ETH,BUY,0.4000,505919.000,2024-07-11 09:42:04.569
ETH,BUY,0.0100,505919.000,2024-07-11 09:42:05.218
ETH,BUY,0.0900,505919.000,2024-07-11 09:42:06.450
ETH,BUY,0.5000,505919.000,2024-07-11 09:42:06.699
ETH,BUY,0.0900,506100.000,2024-07-11 09:42:07.541
ETH,BUY,0.0100,506100.000,2024-07-11 09:42:07.551
ETH,BUY,0.4000,506342.000,2024-07-11 09:42:07.589
ETH,BUY,0.2000,506345.000,2024-07-11 09:42:08.151
ETH,BUY,0.0313,506345.000,2024-07-11 09:42:08.316
ETH,BUY,0.4643,506345.000,2024-07-11 09:42:08.519
ETH,BUY,0.2000,506345.000,2024-07-11 09:42:08.589
ETH,BUY,0.1257,506345.000,2024-07-11 09:42:08.643
ETH,BUY,0.0840,506345.000,2024-07-11 09:42:08.963
ETH,BUY,0.0160,506448.000,2024-07-11 09:42:08.963
ETH,BUY,0.1000,506448.000,2024-07-11 09:42:09.499
ETH,BUY,0.8840,506448.000,2024-07-11 09:42:09.945
ETH,BUY,0.1132,506666.000,2024-07-11 09:42:15.554
ETH,BUY,0.3368,506666.000,2024-07-11 09:42:15.642
ETH,BUY,0.0100,506700.000,2024-07-11 09:42:15.953
ETH,BUY,0.2000,506800.000,2024-07-11 09:42:15.953
ETH,BUY,0.1900,506982.000,2024-07-11 09:42:15.953
ETH,BUY,0.8100,506982.000,2024-07-11 09:42:16.087
ETH,BUY,0.0400,507000.000,2024-07-11 09:42:16.087
ETH,BUY,0.0100,507000.000,2024-07-11 09:42:16.087
ETH,BUY,0.1000,507000.000,2024-07-11 09:42:16.087
ETH,BUY,0.0100,507092.000,2024-07-11 09:42:16.087
ETH,BUY,0.0260,507342.000,2024-07-11 09:42:16.087
ETH,BUY,0.4000,507342.000,2024-07-11 09:42:16.128
ETH,BUY,0.4500,507184.000,2024-07-11 09:42:16.545
ETH,BUY,0.0235,507184.000,2024-07-11 09:42:16.935
ETH,BUY,0.2000,507184.000,2024-07-11 09:42:17.327
ETH,BUY,0.3200,507184.000,2024-07-11 09:42:17.538
ETH,BUY,0.0065,507184.000,2024-07-11 09:42:18.166
ETH,BUY,0.0100,507533.000,2024-07-11 09:42:18.766
ETH,BUY,0.3900,507901.000,2024-07-11 09:42:18.766
ETH,BUY,0.1000,507760.000,2024-07-11 09:42:19.505
ETH,SELL,0.2000,507758.000,2024-07-11 09:42:20.786
ETH,SELL,0.0999,507758.000,2024-07-11 09:42:21.538
ETH,BUY,0.9000,507760.000,2024-07-11 09:42:21.774
ETH,BUY,0.7200,507760.000,2024-07-11 09:42:21.774
ETH,BUY,0.6248,507937.000,2024-07-11 09:42:21.774
ETH,BUY,2.7552,507964.000,2024-07-11 09:42:21.774
ETH,BUY,0.0120,508000.000,2024-07-11 09:42:22.612
ETH,BUY,0.0180,508310.000,2024-07-11 09:42:22.612
ETH,BUY,0.4000,508310.000,2024-07-11 09:42:22.645
ETH,BUY,0.0400,508400.000,2024-07-11 09:42:24.077
ETH,BUY,0.2800,508476.000,2024-07-11 09:42:24.077
ETH,BUY,0.0100,508572.000,2024-07-11 09:42:25.506
ETH,SELL,0.2000,508018.000,2024-07-11 09:42:28.502
ETH,BUY,0.0496,508254.000,2024-07-11 09:42:40.751
ETH,BUY,0.0521,508289.000,2024-07-11 09:42:46.249
ETH,BUY,0.0400,508573.000,2024-07-11 09:42:51.070
ETH,SELL,0.0999,508254.000,2024-07-11 09:42:54.736
ETH,BUY,0.0999,508040.000,2024-07-11 09:43:04.922
ETH,BUY,0.9001,508040.000,2024-07-11 09:43:05.631
ETH,BUY,0.0100,508745.000,2024-07-11 09:43:06.113
ETH,BUY,0.3200,508745.000,2024-07-11 09:43:06.335
ETH,BUY,0.4000,508627.000,2024-07-11 09:43:06.543
ETH,BUY,0.0959,508627.000,2024-07-11 09:43:06.756
ETH,SELL,0.0999,508287.000,2024-07-11 09:43:32.103
ETH,BUY,0.4000,507499.000,2024-07-11 09:44:18.720
ETH,SELL,1.7700,507577.000,2024-07-11 09:44:56.830
ETH,SELL,1.7600,507577.000,2024-07-11 09:44:56.830
ETH,SELL,1.0000,507576.000,2024-07-11 09:44:56.830
ETH,SELL,0.4700,507529.000,2024-07-11 09:44:56.830
ETH,SELL,0.0399,507184.000,2024-07-11 09:46:37.762
ETH,SELL,0.0394,506729.000,2024-07-11 09:46:43.828
ETH,SELL,0.2000,506729.000,2024-07-11 09:46:45.753
ETH,SELL,0.1000,506225.000,2024-07-11 09:47:15.143
ETH,SELL,0.2000,506225.000,2024-07-11 09:47:15.238
ETH,BUY,0.0999,506240.000,2024-07-11 09:47:16.497
ETH,BUY,1.0000,506044.000,2024-07-11 09:47:44.399
ETH,BUY,0.2000,506325.000,2024-07-11 09:48:06.214
ETH,BUY,0.0300,506076.000,2024-07-11 09:48:09.321
ETH,BUY,0.0300,506290.000,2024-07-11 09:48:30.770
ETH,SELL,0.0203,506120.000,2024-07-11 09:49:15.422
ETH,BUY,0.0484,506200.000,2024-07-11 09:49:35.773
ETH,BUY,0.0200,506383.000,2024-07-11 09:49:47.244
ETH,BUY,0.1480,506375.000,2024-07-11 09:51:19.825
ETH,BUY,0.2520,506439.000,2024-07-11 09:51:19.825
ETH,BUY,0.0480,506439.000,2024-07-11 09:51:20.147
ETH,BUY,0.0400,506506.000,2024-07-11 09:51:21.086
ETH,BUY,0.4000,506419.000,2024-07-11 09:51:41.551
ETH,BUY,0.0100,506694.000,2024-07-11 09:51:52.077
ETH,BUY,0.0100,506708.000,2024-07-11 09:51:53.101
ETH,BUY,0.0350,506797.000,2024-07-11 09:52:04.735
ETH,BUY,0.1600,506912.000,2024-07-11 09:52:14.187
ETH,BUY,1.0000,506989.000,2024-07-11 09:52:24.943
ETH,BUY,0.4300,507263.000,2024-07-11 09:52:24.943
ETH,BUY,1.0000,507312.000,2024-07-11 09:52:24.943
ETH,BUY,0.1343,507316.000,2024-07-11 09:52:24.943
ETH,BUY,1.7701,507317.000,2024-07-11 09:52:24.943
ETH,BUY,0.6656,507471.000,2024-07-11 09:52:24.943
ETH,SELL,1.7700,507084.000,2024-07-11 09:54:28.387
ETH,SELL,1.7700,507083.000,2024-07-11 09:54:28.387
ETH,SELL,1.0000,507083.000,2024-07-11 09:54:28.387
ETH,SELL,0.4600,507063.000,2024-07-11 09:54:28.387
ETH,SELL,0.0100,507001.000,2024-07-11 09:54:34.239
ETH,BUY,0.0411,507443.000,2024-07-11 09:56:41.237
ETH,BUY,0.0600,507499.000,2024-07-11 09:56:46.813
ETH,BUY,0.0200,507519.000,2024-07-11 09:56:50.441
ETH,BUY,0.3000,507706.000,2024-07-11 09:57:23.774
ETH,BUY,0.3000,507686.000,2024-07-11 09:57:51.856
ETH,BUY,0.0214,507527.000,2024-07-11 09:57:55.764
ETH,BUY,0.0214,507639.000,2024-07-11 09:58:02.779
ETH,BUY,0.0400,507665.000,2024-07-11 09:58:10.228
ETH,BUY,0.0454,507760.000,2024-07-11 09:58:18.743
ETH,BUY,0.0100,507760.000,2024-07-11 09:58:25.323
ETH,BUY,0.0490,507760.000,2024-07-11 09:58:30.236
ETH,BUY,0.0956,507760.000,2024-07-11 09:58:41.122
ETH,BUY,0.1044,508207.000,2024-07-11 09:58:41.122
ETH,BUY,0.8956,508207.000,2024-07-11 09:58:41.404
ETH,BUY,0.1044,508247.000,2024-07-11 09:58:41.404
ETH,BUY,0.0262,508247.000,2024-07-11 09:58:43.235
ETH,BUY,0.0382,508550.000,2024-07-11 09:58:51.759
ETH,BUY,0.4000,508631.000,2024-07-11 09:59:11.247
ETH,BUY,0.0200,508036.000,2024-07-11 09:59:43.488
ETH,BUY,0.0333,508076.000,2024-07-11 09:59:46.756
ETH,BUY,0.0344,508264.000,2024-07-11 10:00:49.240
ETH,BUY,0.1900,508411.000,2024-07-11 10:02:09.802
ETH,BUY,0.4000,508411.000,2024-07-11 10:02:09.809
ETH,BUY,0.4000,508559.000,2024-07-11 10:02:14.414
ETH,BUY,0.4000,508629.000,2024-07-11 10:02:27.115
ETH,BUY,0.4000,508692.000,2024-07-11 10:02:36.541
ETH,BUY,0.6000,508692.000,2024-07-11 10:02:36.840
ETH,BUY,0.4000,508793.000,2024-07-11 10:02:36.840
ETH,BUY,0.4000,508879.000,2024-07-11 10:02:37.704
ETH,BUY,0.0268,508906.000,2024-07-11 10:02:38.261
ETH,BUY,0.1000,508906.000,2024-07-11 10:02:39.348
ETH,BUY,0.1000,508981.000,2024-07-11 10:02:44.551
ETH,BUY,0.1000,509000.000,2024-07-11 10:02:51.940
ETH,BUY,0.4000,509000.000,2024-07-11 10:02:52.063
ETH,BUY,0.0500,509000.000,2024-07-11 10:02:55.521
ETH,BUY,0.0295,509000.000,2024-07-11 10:03:06.246
ETH,BUY,0.0597,509000.000,2024-07-11 10:03:17.738
ETH,BUY,0.1600,509000.000,2024-07-11 10:03:17.868
ETH,BUY,0.0300,509000.000,2024-07-11 10:03:19.753
ETH,BUY,0.1708,509000.000,2024-07-11 10:03:21.144
ETH,BUY,0.0692,509312.000,2024-07-11 10:03:21.144
ETH,BUY,0.2000,509140.000,2024-07-11 10:03:30.355
ETH,BUY,0.0100,509188.000,2024-07-11 10:03:33.476
ETH,BUY,0.9900,509188.000,2024-07-11 10:03:34.298
ETH,BUY,0.0100,509343.000,2024-07-11 10:03:34.298
ETH,BUY,0.4000,509343.000,2024-07-11 10:03:34.578
ETH,BUY,0.0295,509343.000,2024-07-11 10:03:35.212
ETH,BUY,0.0100,509500.000,2024-07-11 10:03:39.755
ETH,BUY,0.0900,509500.000,2024-07-11 10:03:47.823
ETH,BUY,0.0100,509701.000,2024-07-11 10:03:49.769
ETH,BUY,0.0087,509982.000,2024-07-11 10:03:49.769
ETH,SELL,1.0000,509999.000,2024-07-11 10:04:02.617
ETH,BUY,0.4000,509627.000,2024-07-11 10:04:38.890
ETH,BUY,0.0100,509275.000,2024-07-11 10:06:04.777
ETH,BUY,0.1000,508982.000,2024-07-11 10:06:43.544
ETH,BUY,0.0337,508871.000,2024-07-11 10:07:25.278
ETH,SELL,0.0200,508890.000,2024-07-11 10:07:28.291
ETH,SELL,0.0709,508249.000,2024-07-11 10:09:23.265
ETH,BUY,0.0100,508159.000,2024-07-11 10:09:55.742
ETH,BUY,0.0327,508178.000,2024-07-11 10:10:05.750
ETH,BUY,0.0200,508084.000,2024-07-11 10:10:33.748
ETH,BUY,0.0200,508083.000,2024-07-11 10:10:43.754
ETH,SELL,0.0500,508082.000,2024-07-11 10:10:48.788
ETH,SELL,0.2605,508081.000,2024-07-11 10:10:48.788
ETH,SELL,0.9700,508081.000,2024-07-11 10:10:49.030
ETH,BUY,0.0101,508082.000,2024-07-11 10:10:52.244
ETH,BUY,0.0542,508082.000,2024-07-11 10:11:03.794
ETH,SELL,0.2000,508081.000,2024-07-11 10:11:07.195
ETH,BUY,0.0190,508082.000,2024-07-11 10:11:21.879
ETH,SELL,0.0102,508081.000,2024-07-11 10:11:27.266
ETH,SELL,0.5908,508081.000,2024-07-11 10:11:31.778
ETH,SELL,0.0495,508081.000,2024-07-11 10:11:33.030
ETH,BUY,0.0220,508082.000,2024-07-11 10:11:43.263
ETH,BUY,0.0293,508082.000,2024-07-11 10:11:48.737
ETH,BUY,0.0200,508082.000,2024-07-11 10:12:07.743
ETH,SELL,0.0955,508081.000,2024-07-11 10:12:09.357
ETH,SELL,0.1000,508081.000,2024-07-11 10:12:09.440
ETH,SELL,0.1300,508081.000,2024-07-11 10:12:11.674
ETH,SELL,0.0200,508081.000,2024-07-11 10:12:12.098
ETH,BUY,0.0100,508082.000,2024-07-11 10:12:31.258
ETH,BUY,0.0100,508082.000,2024-07-11 10:12:36.756
ETH,BUY,0.0166,508082.000,2024-07-11 10:12:54.275
ETH,BUY,0.0196,508082.000,2024-07-11 10:13:10.251
ETH,BUY,0.0143,508082.000,2024-07-11 10:13:26.245
ETH,BUY,0.0201,508082.000,2024-07-11 10:13:33.239
ETH,SELL,0.0100,508081.000,2024-07-11 10:13:38.582
ETH,BUY,0.0222,508082.000,2024-07-11 10:14:01.239
ETH,BUY,0.0411,508082.000,2024-07-11 10:14:08.255
ETH,BUY,0.0664,508254.000,2024-07-11 10:14:13.745
ETH,BUY,0.0100,508339.000,2024-07-11 10:14:22.240
ETH,BUY,0.0200,508333.000,2024-07-11 10:14:30.746
ETH,SELL,0.1000,508253.000,2024-07-11 10:14:40.844
ETH,SELL,0.0520,508253.000,2024-07-11 10:14:40.844
ETH,SELL,0.0153,508238.000,2024-07-11 10:14:40.844
ETH,SELL,0.1000,508422.000,2024-07-11 10:15:29.879
ETH,SELL,0.2527,508222.000,2024-07-11 10:15:29.879
ETH,SELL,0.1000,508311.000,2024-07-11 10:15:45.298
ETH,SELL,0.1000,508081.000,2024-07-11 10:15:45.298
ETH,SELL,0.0110,508081.000,2024-07-11 10:16:06.285
ETH,SELL,0.0108,508081.000,2024-07-11 10:16:11.775
ETH,SELL,0.2000,508081.000,2024-07-11 10:16:43.413
ETH,SELL,0.2417,508081.000,2024-07-11 10:17:19.552
ETH,SELL,0.1500,508081.000,2024-07-11 10:17:19.552
ETH,SELL,0.1417,508075.000,2024-07-11 10:17:19.552
ETH,SELL,0.9666,508000.000,2024-07-11 10:17:19.552
ETH,BUY,0.0102,508001.000,2024-07-11 10:17:50.261
ETH,BUY,0.0147,508001.000,2024-07-11 10:17:55.979
ETH,SELL,0.0334,508000.000,2024-07-11 10:19:03.838
ETH,SELL,1.0000,507542.000,2024-07-11 10:19:03.838
ETH,SELL,0.0100,507500.000,2024-07-11 10:19:03.838
ETH,BUY,1.0000,507351.000,2024-07-11 10:19:05.077
ETH,BUY,0.4566,507500.000,2024-07-11 10:19:05.077
ETH,BUY,0.0351,507771.000,2024-07-11 10:20:30.316
ETH,BUY,0.0349,507959.000,2024-07-11 10:20:30.316
ETH,BUY,0.0124,508000.000,2024-07-11 10:20:31.251
ETH,BUY,1.7700,508000.000,2024-07-11 10:20:32.494
ETH,BUY,0.1000,508000.000,2024-07-11 10:20:32.913
ETH,BUY,0.2900,508000.000,2024-07-11 10:20:35.997
ETH,BUY,0.5899,508000.000,2024-07-11 10:20:37.441
ETH,BUY,0.0100,508000.000,2024-07-11 10:20:38.115
ETH,BUY,0.4000,508000.000,2024-07-11 10:20:39.044
ETH,BUY,1.0000,508000.000,2024-07-11 10:20:39.066
ETH,BUY,0.0317,508000.000,2024-07-11 10:20:40.275
ETH,BUY,0.0196,508000.000,2024-07-11 10:20:41.200
ETH,BUY,0.1300,508000.000,2024-07-11 10:20:41.575
ETH,BUY,0.0373,508000.000,2024-07-11 10:20:41.921
ETH,BUY,0.7928,508000.000,2024-07-11 10:20:44.332
ETH,BUY,0.0225,508000.000,2024-07-11 10:20:45.758
ETH,BUY,0.0496,508000.000,2024-07-11 10:20:46.225
ETH,BUY,0.3908,508000.000,2024-07-11 10:20:46.912
ETH,BUY,0.0700,508000.000,2024-07-11 10:20:47.527
ETH,BUY,0.1400,508000.000,2024-07-11 10:20:47.748
ETH,BUY,0.7929,508000.000,2024-07-11 10:20:53.790
ETH,BUY,0.7929,508000.000,2024-07-11 10:20:55.992
ETH,BUY,0.5000,508000.000,2024-07-11 10:20:56.936
ETH,BUY,0.0600,508000.000,2024-07-11 10:21:40.623
ETH,BUY,0.0100,507994.000,2024-07-11 10:22:07.013
ETH,BUY,0.1000,508000.000,2024-07-11 10:22:07.013
ETH,BUY,0.0100,507855.000,2024-07-11 10:22:34.904
ETH,BUY,0.0100,508000.000,2024-07-11 10:22:45.781
ETH,BUY,0.0700,508000.000,2024-07-11 10:22:53.009
ETH,BUY,0.2000,508000.000,2024-07-11 10:22:53.529
ETH,BUY,0.0700,508000.000,2024-07-11 10:23:07.367
ETH,BUY,0.0600,508000.000,2024-07-11 10:23:08.113
ETH,BUY,0.0700,508000.000,2024-07-11 10:23:15.658
ETH,BUY,0.3400,508000.000,2024-07-11 10:23:15.718
ETH,BUY,0.0127,508000.000,2024-07-11 10:23:17.770
ETH,BUY,0.0165,508000.000,2024-07-11 10:23:18.880
ETH,BUY,0.1352,508000.000,2024-07-11 10:23:20.817
ETH,BUY,0.0166,508000.000,2024-07-11 10:23:21.854
ETH,BUY,0.0533,508000.000,2024-07-11 10:23:22.856
ETH,BUY,0.0211,508000.000,2024-07-11 10:23:25.998
ETH,BUY,0.2454,508000.000,2024-07-11 10:24:01.628
ETH,BUY,0.2100,508000.000,2024-07-11 10:24:20.083
ETH,BUY,0.2842,508000.000,2024-07-11 10:24:53.147
ETH,SELL,0.0130,507810.000,2024-07-11 10:25:39.856
ETH,SELL,2.3000,507906.000,2024-07-11 10:25:48.303
ETH,SELL,0.0100,507834.000,2024-07-11 10:25:48.303
ETH,SELL,0.1000,507697.000,2024-07-11 10:25:48.303
ETH,SELL,0.2900,507534.000,2024-07-11 10:25:48.303
ETH,BUY,0.0600,507957.000,2024-07-11 10:25:55.103
ETH,BUY,0.0400,508000.000,2024-07-11 10:26:36.578
ETH,BUY,0.0500,508000.000,2024-07-11 10:27:04.195
ETH,BUY,0.9344,508000.000,2024-07-11 10:27:17.120
ETH,BUY,0.0100,508000.000,2024-07-11 10:27:17.202
ETH,BUY,0.0656,508000.000,2024-07-11 10:27:17.620
ETH,BUY,0.7929,508000.000,2024-07-11 10:27:38.590
ETH,BUY,0.0100,507786.000,2024-07-11 10:29:08.593
ETH,BUY,0.2627,507795.000,2024-07-11 10:29:08.593
ETH,BUY,1.7719,507797.000,2024-07-11 10:29:08.593
ETH,BUY,0.7554,507803.000,2024-07-11 10:29:08.593
ETH,BUY,0.0200,507814.000,2024-07-11 10:29:12.236
ETH,BUY,0.0400,507828.000,2024-07-11 10:30:14.469
ETH,BUY,0.0100,507800.000,2024-07-11 10:31:00.158
ETH,BUY,0.3900,507800.000,2024-07-11 10:32:03.472
ETH,BUY,0.4000,507800.000,2024-07-11 10:32:10.102
ETH,BUY,0.2000,507800.000,2024-07-11 10:32:16.370
ETH,BUY,0.0211,507993.000,2024-07-11 10:38:16.624
ETH,BUY,0.0289,507999.000,2024-07-11 10:38:16.624
ETH,BUY,0.0211,507999.000,2024-07-11 10:38:19.297
ETH,BUY,0.4500,507999.000,2024-07-11 10:39:20.098
ETH,BUY,0.5500,508000.000,2024-07-11 10:39:20.098
ETH,BUY,0.3500,508000.000,2024-07-11 10:39:20.166
ETH,BUY,0.0700,508000.000,2024-07-11 10:39:24.575
ETH,BUY,0.3300,508000.000,2024-07-11 10:39:41.583
ETH,BUY,0.7929,508000.000,2024-07-11 10:40:01.196
ETH,BUY,0.5000,508000.000,2024-07-11 10:40:03.287
ETH,BUY,0.7929,508000.000,2024-07-11 10:40:03.359
ETH,SELL,0.4000,507999.000,2024-07-11 10:40:56.998
ETH,BUY,0.0200,507789.000,2024-07-11 10:42:32.140
ETH,BUY,0.0100,507965.000,2024-07-11 10:48:10.226
ETH,BUY,0.0800,507982.000,2024-07-11 10:53:03.278
ETH,BUY,0.3200,507721.000,2024-07-11 10:55:54.316
ETH,BUY,0.2000,507881.000,2024-07-11 10:56:23.638
ETH,BUY,0.3200,507900.000,2024-07-11 10:57:30.091
ETH,BUY,0.3200,507900.000,2024-07-11 10:57:44.075
ETH,BUY,0.2100,507900.000,2024-07-11 10:58:33.562
ETH,BUY,0.0900,507900.000,2024-07-11 10:58:44.363
ETH,BUY,0.0100,507900.000,2024-07-11 10:58:49.366
ETH,BUY,0.0100,507900.000,2024-07-11 10:59:09.084
ETH,SELL,0.2000,507899.000,2024-07-11 10:59:10.038
ETH,BUY,0.5000,507900.000,2024-07-11 10:59:14.991
ETH,BUY,0.1000,507900.000,2024-07-11 10:59:15.421
ETH,BUY,0.0400,507900.000,2024-07-11 10:59:17.328
ETH,BUY,0.1000,507900.000,2024-07-11 10:59:27.336
ETH,BUY,0.1000,507900.000,2024-07-11 10:59:31.367
ETH,BUY,0.1000,507900.000,2024-07-11 10:59:35.448
ETH,BUY,0.5000,507900.000,2024-07-11 10:59:36.033
ETH,BUY,0.1000,507900.000,2024-07-11 10:59:51.338
ETH,BUY,0.5000,507900.000,2024-07-11 10:59:53.756
ETH,BUY,0.1000,507900.000,2024-07-11 10:59:55.430
ETH,BUY,0.1000,507900.000,2024-07-11 10:59:59.389
ETH,BUY,0.1000,507900.000,2024-07-11 11:00:03.452
ETH,BUY,0.4000,507900.000,2024-07-11 11:00:03.932
ETH,BUY,0.7930,507900.000,2024-07-11 11:00:04.800
ETH,BUY,0.1000,507900.000,2024-07-11 11:00:07.416
ETH,BUY,0.5000,507900.000,2024-07-11 11:00:20.353
ETH,BUY,0.1000,507900.000,2024-07-11 11:00:31.471
ETH,BUY,0.1000,507900.000,2024-07-11 11:00:35.330
ETH,BUY,0.1000,507900.000,2024-07-11 11:00:39.403
ETH,BUY,0.1000,507900.000,2024-07-11 11:00:43.556
ETH,BUY,0.5000,507900.000,2024-07-11 11:00:43.973
ETH,BUY,0.1000,507900.000,2024-07-11 11:00:47.363
ETH,SELL,0.2546,507899.000,2024-07-11 11:00:47.736
ETH,SELL,1.0000,507899.000,2024-07-11 11:00:47.736
ETH,SELL,0.6399,507899.000,2024-07-11 11:00:47.736
ETH,SELL,1.0100,507899.000,2024-07-11 11:00:47.736
ETH,SELL,0.0100,507899.000,2024-07-11 11:00:47.736
ETH,SELL,1.7700,507899.000,2024-07-11 11:00:47.736
ETH,SELL,5.0000,507877.000,2024-07-11 11:00:47.736
ETH,SELL,0.1000,507857.000,2024-07-11 11:00:47.736
ETH,BUY,0.3938,507800.000,2024-07-11 11:00:49.191
ETH,BUY,0.7931,507800.000,2024-07-11 11:00:49.844
ETH,BUY,0.1009,507800.000,2024-07-11 11:00:51.065
ETH,BUY,0.0615,507800.000,2024-07-11 11:00:51.264
ETH,BUY,0.3938,507800.000,2024-07-11 11:00:51.305
ETH,BUY,3.0000,507800.000,2024-07-11 11:00:51.439
ETH,BUY,0.7931,507800.000,2024-07-11 11:00:52.412
ETH,BUY,0.3938,507800.000,2024-07-11 11:00:53.257
ETH,BUY,0.7931,507800.000,2024-07-11 11:00:53.695
ETH,BUY,0.3938,507800.000,2024-07-11 11:00:55.312
ETH,BUY,0.8000,507800.000,2024-07-11 11:00:55.404
ETH,BUY,0.0769,507800.000,2024-07-11 11:00:56.026
ETH,BUY,0.2000,508000.000,2024-07-11 11:01:00.894
ETH,BUY,0.2100,508000.000,2024-07-11 11:01:01.843
ETH,BUY,0.7928,508000.000,2024-07-11 11:01:02.555
ETH,BUY,0.2000,508000.000,2024-07-11 11:01:02.852
ETH,BUY,0.7928,508000.000,2024-07-11 11:01:08.787
ETH,BUY,1.6531,508000.000,2024-07-11 11:01:15.705
ETH,BUY,0.9552,508000.000,2024-07-11 11:01:16.510
ETH,BUY,0.0448,508570.000,2024-07-11 11:01:16.510
ETH,BUY,0.3200,508571.000,2024-07-11 11:01:17.472
ETH,BUY,0.1000,508404.000,2024-07-11 11:01:44.432
ETH,BUY,0.3805,508404.000,2024-07-11 11:02:06.809
ETH,BUY,0.0100,508163.000,2024-07-11 11:02:24.026
ETH,SELL,1.0000,508152.000,2024-07-11 11:02:28.359
ETH,BUY,0.0800,508122.000,2024-07-11 11:02:58.511
ETH,BUY,0.0800,508127.000,2024-07-11 11:03:05.394
ETH,BUY,0.3200,508128.000,2024-07-11 11:03:06.109
ETH,BUY,0.1100,508381.000,2024-07-11 11:03:48.495
ETH,BUY,0.2100,508382.000,2024-07-11 11:03:48.495
ETH,BUY,0.1479,508121.000,2024-07-11 11:06:22.986
ETH,BUY,0.0521,508290.000,2024-07-11 11:06:22.986
ETH,BUY,0.0479,508290.000,2024-07-11 11:06:23.093
ETH,BUY,0.0200,508175.000,2024-07-11 11:06:37.691
ETH,BUY,0.0100,508232.000,2024-07-11 11:07:01.239
ETH,BUY,0.1000,508127.000,2024-07-11 11:07:25.449
ETH,BUY,0.0100,508077.000,2024-07-11 11:07:37.109
ETH,SELL,0.0958,508075.000,2024-07-11 11:09:18.563
ETH,BUY,0.0800,508167.000,2024-07-11 11:10:17.548
ETH,BUY,0.2600,508167.000,2024-07-11 11:10:17.550
ETH,BUY,0.0196,508337.000,2024-07-11 11:11:08.458
ETH,BUY,0.6000,508345.000,2024-07-11 11:11:09.489
ETH,BUY,0.2000,508713.000,2024-07-11 11:11:51.075
ETH,BUY,0.0500,508386.000,2024-07-11 11:12:00.529
ETH,BUY,0.0850,508333.000,2024-07-11 11:16:00.167
ETH,BUY,0.2000,508373.000,2024-07-11 11:16:03.592
ETH,BUY,0.3200,508378.000,2024-07-11 11:16:07.937
ETH,BUY,0.2000,508378.000,2024-07-11 11:16:08.481
ETH,BUY,0.0100,508183.000,2024-07-11 11:20:18.748
ETH,BUY,0.1609,508056.000,2024-07-11 11:22:51.388
ETH,BUY,0.3372,508001.000,2024-07-11 11:23:07.743
ETH,BUY,0.0400,508001.000,2024-07-11 11:23:20.897
ETH,BUY,0.0800,508001.000,2024-07-11 11:25:01.420
ETH,BUY,0.4000,508001.000,2024-07-11 11:25:05.125
ETH,BUY,0.4000,508001.000,2024-07-11 11:25:05.564
ETH,BUY,0.0200,508001.000,2024-07-11 11:25:14.308
ETH,SELL,0.0300,508000.000,2024-07-11 11:25:18.871
ETH,BUY,0.0160,507725.000,2024-07-11 11:25:40.015
ETH,SELL,0.1000,507611.000,2024-07-11 11:25:50.345
ETH,BUY,0.0100,507590.000,2024-07-11 11:27:21.363
ETH,SELL,0.2000,507589.000,2024-07-11 11:27:23.156
ETH,BUY,0.0200,507293.000,2024-07-11 11:27:50.876
ETH,SELL,0.0100,507100.000,2024-07-11 11:28:46.896
ETH,BUY,0.0800,507310.000,2024-07-11 11:30:14.135
ETH,BUY,0.3700,507101.000,2024-07-11 11:32:19.660
ETH,BUY,0.1000,507109.000,2024-07-11 11:32:19.660
ETH,BUY,0.1400,507112.000,2024-07-11 11:32:19.660
ETH,BUY,0.9986,507139.000,2024-07-11 11:32:19.660
ETH,BUY,0.3914,507215.000,2024-07-11 11:32:19.660
ETH,BUY,0.1000,507101.000,2024-07-11 11:33:08.345
ETH,BUY,0.9000,507192.000,2024-07-11 11:33:08.345
ETH,BUY,1.0000,507187.000,2024-07-11 11:34:03.259
ETH,BUY,0.0200,507463.000,2024-07-11 11:35:53.521
ETH,BUY,0.0344,507498.000,2024-07-11 11:35:55.413
ETH,BUY,0.0456,507536.000,2024-07-11 11:35:55.413
ETH,BUY,0.0100,507536.000,2024-07-11 11:35:56.158
ETH,BUY,0.0344,507536.000,2024-07-11 11:35:59.237
ETH,BUY,0.4000,507874.000,2024-07-11 11:38:15.894
ETH,BUY,0.4000,507874.000,2024-07-11 11:38:15.952
ETH,SELL,1.0000,508000.000,2024-07-11 11:38:32.847
ETH,SELL,0.1000,507975.000,2024-07-11 11:38:32.847
ETH,BUY,0.4000,508109.000,2024-07-11 11:38:41.134
ETH,BUY,0.4000,508109.000,2024-07-11 11:38:41.295
ETH,BUY,0.0114,508275.000,2024-07-11 11:38:48.478
ETH,BUY,0.0686,508281.000,2024-07-11 11:38:48.478
ETH,BUY,0.0114,508280.000,2024-07-11 11:38:58.277
ETH,BUY,0.0100,508054.000,2024-07-11 11:39:23.645
ETH,BUY,0.4000,508085.000,2024-07-11 11:40:05.749
ETH,BUY,0.4000,508085.000,2024-07-11 11:40:06.100
ETH,BUY,0.4000,508218.000,2024-07-11 11:40:10.127
ETH,BUY,0.4000,508218.000,2024-07-11 11:40:10.273
ETH,BUY,0.1300,508281.000,2024-07-11 11:40:27.519
ETH,BUY,0.2439,508281.000,2024-07-11 11:40:59.158
ETH,BUY,0.0261,508535.000,2024-07-11 11:40:59.158
ETH,BUY,0.4935,508535.000,2024-07-11 11:40:59.342
ETH,BUY,0.4804,508535.000,2024-07-11 11:40:59.678
ETH,BUY,0.0196,508551.000,2024-07-11 11:41:00.375
ETH,BUY,0.0196,508617.000,2024-07-11 11:41:03.895
ETH,BUY,0.0100,508717.000,2024-07-11 11:41:33.248
ETH,BUY,0.0200,508851.000,2024-07-11 11:42:11.569
ETH,BUY,0.0300,508999.000,2024-07-11 11:42:13.111
ETH,BUY,0.0200,508981.000,2024-07-11 11:43:16.696
ETH,BUY,0.0200,508999.000,2024-07-11 11:43:19.453
ETH,BUY,0.0200,508337.000,2024-07-11 11:43:37.882
ETH,BUY,1.0000,508348.000,2024-07-11 11:43:41.791
ETH,BUY,0.0200,508725.000,2024-07-11 11:43:44.388
ETH,BUY,0.0200,508725.000,2024-07-11 11:43:45.507
ETH,BUY,0.5000,508695.000,2024-07-11 11:44:14.873
ETH,BUY,0.0334,508652.000,2024-07-11 11:44:54.123
ETH,BUY,0.1766,508655.000,2024-07-11 11:44:54.123
ETH,BUY,0.2100,508655.000,2024-07-11 11:44:54.323
ETH,BUY,0.0334,508670.000,2024-07-11 11:44:56.874
ETH,BUY,0.0220,508965.000,2024-07-11 11:46:11.190
ETH,BUY,0.5000,508855.000,2024-07-11 11:46:27.790
ETH,BUY,0.3200,508999.000,2024-07-11 11:47:28.653
ETH,BUY,0.1200,508999.000,2024-07-11 11:47:28.736
ETH,BUY,0.2800,508999.000,2024-07-11 11:47:30.097
ETH,BUY,0.7500,508999.000,2024-07-11 11:47:43.415
ETH,BUY,0.1500,509149.000,2024-07-11 11:47:43.415
ETH,BUY,0.0100,509302.000,2024-07-11 11:48:29.088
ETH,BUY,0.1500,509404.000,2024-07-11 11:48:29.088
ETH,BUY,0.0786,509495.000,2024-07-11 11:48:29.525
ETH,BUY,0.3214,509558.000,2024-07-11 11:48:29.525
ETH,BUY,0.0128,509496.000,2024-07-11 11:49:13.026
ETH,BUY,0.0272,509611.000,2024-07-11 11:49:13.026
ETH,BUY,0.0500,509611.000,2024-07-11 11:49:13.476
ETH,BUY,0.0228,509798.000,2024-07-11 11:49:16.249
ETH,BUY,0.0200,509624.000,2024-07-11 11:49:57.315
ETH,BUY,0.0173,509629.000,2024-07-11 11:49:58.249
ETH,BUY,0.3680,509632.000,2024-07-11 11:49:58.249
ETH,BUY,0.0147,509675.000,2024-07-11 11:49:58.249
ETH,BUY,0.0173,509668.000,2024-07-11 11:50:00.814
ETH,SELL,0.0373,509572.000,2024-07-11 11:50:06.920
ETH,SELL,0.1627,509571.000,2024-07-11 11:50:06.920
ETH,SELL,0.1000,508900.000,2024-07-11 11:50:08.359
ETH,BUY,0.4000,509704.000,2024-07-11 11:51:14.377
ETH,BUY,0.4000,509687.000,2024-07-11 11:51:16.996
ETH,BUY,0.0100,509848.000,2024-07-11 11:51:40.079
ETH,BUY,0.4000,509848.000,2024-07-11 11:51:40.291
