symbol,side,size,price,timestamp
BTC,BUY,0.0001,10052853.000,2024-07-18 21:00:10.303
BTC,BUY,0.0004,10055000.000,2024-07-18 21:00:26.189
BTC,BUY,0.0002,10055000.000,2024-07-18 21:01:08.604
BTC,BUY,0.0001,10052747.000,2024-07-18 21:06:20.160
BTC,BUY,0.0004,10052445.000,2024-07-18 21:07:26.837
BTC,BUY,0.0300,10052748.000,2024-07-18 21:07:26.837
BTC,BUY,0.0298,10053475.000,2024-07-18 21:07:26.837
BTC,BUY,0.4698,10053570.000,2024-07-18 21:07:26.837
BTC,BUY,0.1000,10050349.000,2024-07-18 21:09:14.215
BTC,BUY,0.0005,10055000.000,2024-07-18 21:10:02.817
BTC,BUY,0.0089,10055000.000,2024-07-18 21:10:03.650
BTC,BUY,0.0002,10055000.000,2024-07-18 21:10:03.650
BTC,BUY,0.0246,10057842.000,2024-07-18 21:10:40.805
BTC,BUY,0.0001,10058124.000,2024-07-18 21:10:40.805
BTC,BUY,0.0001,10058145.000,2024-07-18 21:10:40.805
BTC,BUY,0.0752,10058870.000,2024-07-18 21:10:40.805
BTC,BUY,0.0001,10058573.000,2024-07-18 21:11:21.271
BTC,BUY,0.0100,10058870.000,2024-07-18 21:11:41.237
BTC,BUY,0.0011,10059899.000,2024-07-18 21:11:41.237
BTC,BUY,0.0010,10060000.000,2024-07-18 21:11:41.237
BTC,BUY,0.0004,10060000.000,2024-07-18 21:11:41.237
BTC,BUY,0.0015,10060460.000,2024-07-18 21:11:41.237
BTC,BUY,0.0001,10058769.000,2024-07-18 21:11:42.473
BTC,BUY,0.0010,10060244.000,2024-07-18 21:11:58.755
BTC,BUY,0.0009,10060406.000,2024-07-18 21:12:17.413
BTC,BUY,0.0001,10060884.000,2024-07-18 21:12:33.384
BTC,BUY,0.0030,10060679.000,2024-07-18 21:12:38.659
BTC,BUY,0.0700,10060779.000,2024-07-18 21:12:38.659
BTC,BUY,0.0041,10061330.000,2024-07-18 21:12:38.659
BTC,BUY,0.0141,10061985.000,2024-07-18 21:12:38.659
BTC,BUY,0.0093,10062040.000,2024-07-18 21:12:38.659
BTC,BUY,0.0001,10062580.000,2024-07-18 21:13:54.614
BTC,BUY,0.0001,10063497.000,2024-07-18 21:15:09.423
BTC,BUY,0.0019,10064700.000,2024-07-18 21:15:09.423
BTC,BUY,0.0002,10064355.000,2024-07-18 21:15:21.285
BTC,BUY,0.0002,10064916.000,2024-07-18 21:19:25.081
BTC,BUY,0.0002,10065000.000,2024-07-18 21:19:25.081
BTC,BUY,0.0006,10067350.000,2024-07-18 21:19:25.081
BTC,BUY,0.0001,10068322.000,2024-07-18 21:19:27.406
BTC,BUY,0.0200,10069417.000,2024-07-18 21:20:19.235
BTC,BUY,0.0002,10069515.000,2024-07-18 21:20:25.840
BTC,BUY,0.0001,10068794.000,2024-07-18 21:20:59.523
BTC,BUY,0.0001,10068625.000,2024-07-18 21:22:14.322
BTC,BUY,0.0001,10066648.000,2024-07-18 21:22:46.027
BTC,SELL,0.0099,10064360.000,2024-07-18 21:24:47.962
BTC,SELL,0.0050,10069999.000,2024-07-18 21:28:12.428
BTC,SELL,0.0090,10069995.000,2024-07-18 21:28:12.428
BTC,SELL,0.0002,10069996.000,2024-07-18 21:28:40.440
BTC,SELL,0.0005,10069999.000,2024-07-18 21:28:53.585
BTC,BUY,0.0010,10070000.000,2024-07-18 21:29:25.206
BTC,BUY,0.0004,10070000.000,2024-07-18 21:30:03.556
BTC,BUY,0.0001,10070000.000,2024-07-18 21:30:03.556
BTC,BUY,0.0009,10070000.000,2024-07-18 21:31:44.975
BTC,BUY,0.0001,10070000.000,2024-07-18 21:31:53.281
BTC,BUY,0.0030,10070000.000,2024-07-18 21:33:41.636
BTC,SELL,0.0007,10069541.000,2024-07-18 21:37:58.805
BTC,SELL,0.0018,10064360.000,2024-07-18 21:37:58.805
BTC,BUY,0.0100,10068410.000,2024-07-18 21:39:00.492
BTC,BUY,0.0005,10068411.000,2024-07-18 21:40:03.013
BTC,BUY,0.0005,10068411.000,2024-07-18 21:40:22.222
BTC,SELL,0.0001,10068410.000,2024-07-18 21:40:26.554
BTC,BUY,0.0001,10064361.000,2024-07-18 21:40:56.065
BTC,BUY,0.0001,10064361.000,2024-07-18 21:41:38.015
BTC,SELL,0.0100,10064360.000,2024-07-18 21:42:58.422
BTC,BUY,0.0080,10064361.000,2024-07-18 21:43:40.853
BTC,SELL,0.0183,10064360.000,2024-07-18 21:44:08.119
BTC,BUY,0.0018,10064356.000,2024-07-18 21:44:16.024
BTC,BUY,0.0006,10064361.000,2024-07-18 21:48:41.779
BTC,BUY,0.0001,10064361.000,2024-07-18 21:50:26.584
BTC,BUY,0.0100,10064356.000,2024-07-18 21:52:43.397
BTC,BUY,0.0009,10064361.000,2024-07-18 21:53:57.885
BTC,BUY,0.0001,10065680.000,2024-07-18 21:53:57.885
BTC,BUY,0.0010,10064356.000,2024-07-18 21:55:12.657
BTC,BUY,0.0008,10066820.000,2024-07-18 22:00:03.320
BTC,BUY,0.0001,10067147.000,2024-07-18 22:00:07.597
BTC,SELL,0.0004,10066658.000,2024-07-18 22:00:47.519
BTC,SELL,0.0001,10064355.000,2024-07-18 22:00:52.763
BTC,SELL,0.0050,10063419.000,2024-07-18 22:00:53.689
BTC,SELL,0.0010,10060000.000,2024-07-18 22:02:37.632
BTC,SELL,0.0700,10052279.000,2024-07-18 22:02:37.632
BTC,SELL,0.0290,10052276.000,2024-07-18 22:02:37.632
BTC,SELL,0.0100,10052365.000,2024-07-18 22:02:40.916
BTC,SELL,0.0004,10055389.000,2024-07-18 22:03:57.325
BTC,SELL,0.0030,10056316.000,2024-07-18 22:04:19.701
BTC,BUY,0.0019,10053985.000,2024-07-18 22:06:49.310
BTC,BUY,0.0090,10054086.000,2024-07-18 22:06:49.310
BTC,BUY,0.0391,10056456.000,2024-07-18 22:06:49.310
BTC,BUY,0.0035,10053816.000,2024-07-18 22:06:51.714
BTC,BUY,0.0079,10050409.000,2024-07-18 22:07:32.236
BTC,BUY,0.0021,10050611.000,2024-07-18 22:07:32.236
BTC,BUY,0.0050,10050001.000,2024-07-18 22:08:50.332
BTC,BUY,0.0050,10050920.000,2024-07-18 22:08:50.332
BTC,BUY,0.0004,10051709.000,2024-07-18 22:09:05.447
BTC,BUY,0.0049,10050389.000,2024-07-18 22:10:01.164
BTC,BUY,0.0051,10050490.000,2024-07-18 22:10:01.164
BTC,SELL,0.0100,10050000.000,2024-07-18 22:11:10.545
BTC,SELL,0.0002,10050000.000,2024-07-18 22:11:10.545
BTC,SELL,0.0005,10045000.000,2024-07-18 22:11:10.545
BTC,SELL,0.0300,10042644.000,2024-07-18 22:11:10.545
BTC,SELL,0.0050,10042059.000,2024-07-18 22:11:10.545
BTC,SELL,0.0455,10040007.000,2024-07-18 22:11:10.545
BTC,SELL,0.0100,10040007.000,2024-07-18 22:11:10.545
BTC,SELL,0.0010,10040000.000,2024-07-18 22:11:10.545
BTC,SELL,0.0010,10040000.000,2024-07-18 22:11:10.545
BTC,SELL,0.0300,10039696.000,2024-07-18 22:11:10.545
BTC,SELL,0.0281,10038983.000,2024-07-18 22:11:10.545
BTC,SELL,0.0200,10038764.000,2024-07-18 22:11:10.545
BTC,SELL,0.0274,10036734.000,2024-07-18 22:11:10.545
BTC,BUY,0.0002,10045001.000,2024-07-18 22:11:11.933
BTC,BUY,0.0010,10045001.000,2024-07-18 22:11:43.309
BTC,SELL,0.0100,10048690.000,2024-07-18 22:14:47.001
BTC,SELL,0.0750,10048690.000,2024-07-18 22:14:47.001
BTC,SELL,0.0150,10048690.000,2024-07-18 22:14:47.001
BTC,BUY,0.0001,10048687.000,2024-07-18 22:15:03.031
BTC,BUY,0.0003,10045595.000,2024-07-18 22:16:16.068
BTC,BUY,0.0001,10045595.000,2024-07-18 22:16:24.932
BTC,BUY,0.1000,10045758.000,2024-07-18 22:17:42.882
BTC,BUY,0.0096,10047159.000,2024-07-18 22:17:46.764
BTC,BUY,0.1000,10048571.000,2024-07-18 22:17:48.042
BTC,BUY,0.1000,10048608.000,2024-07-18 22:17:51.854
BTC,BUY,0.0240,10055209.000,2024-07-18 22:19:46.182
BTC,BUY,0.0100,10057109.000,2024-07-18 22:19:47.582
BTC,BUY,0.0100,10057109.000,2024-07-18 22:19:48.504
BTC,BUY,0.0300,10061732.000,2024-07-18 22:19:54.573
BTC,BUY,0.0001,10064427.000,2024-07-18 22:19:57.369
BTC,BUY,0.0002,10065000.000,2024-07-18 22:19:57.369
BTC,BUY,0.0781,10065447.000,2024-07-18 22:19:57.369
BTC,BUY,0.0100,10065447.000,2024-07-18 22:19:58.146
BTC,BUY,0.0119,10065447.000,2024-07-18 22:19:58.187
BTC,BUY,0.0059,10070000.000,2024-07-18 22:20:21.573
BTC,BUY,0.0100,10070000.000,2024-07-18 22:20:21.573
BTC,BUY,0.0241,10070000.000,2024-07-18 22:20:21.573
BTC,BUY,0.0059,10070000.000,2024-07-18 22:20:22.338
BTC,BUY,0.0010,10070000.000,2024-07-18 22:20:22.338
BTC,BUY,0.0001,10070060.000,2024-07-18 22:20:23.687
BTC,BUY,0.0099,10072068.000,2024-07-18 22:20:23.687
BTC,BUY,0.0400,10072068.000,2024-07-18 22:20:23.693
BTC,BUY,0.0501,10072068.000,2024-07-18 22:20:24.302
BTC,BUY,0.0001,10072316.000,2024-07-18 22:20:24.485
BTC,BUY,0.0001,10076438.000,2024-07-18 22:20:24.485
BTC,BUY,0.0006,10078269.000,2024-07-18 22:20:24.485
BTC,BUY,0.0025,10078269.000,2024-07-18 22:20:24.967
BTC,BUY,0.0156,10079173.000,2024-07-18 22:20:24.967
BTC,BUY,0.0004,10080000.000,2024-07-18 22:20:24.967
BTC,BUY,0.0010,10080000.000,2024-07-18 22:20:24.967
BTC,BUY,0.0100,10080000.000,2024-07-18 22:20:24.967
BTC,BUY,0.0050,10080047.000,2024-07-18 22:20:24.967
BTC,BUY,0.0115,10080693.000,2024-07-18 22:20:24.967
BTC,BUY,0.0001,10080693.000,2024-07-18 22:20:25.184
BTC,BUY,0.0184,10080693.000,2024-07-18 22:20:25.430
BTC,BUY,0.0001,10084545.000,2024-07-18 22:20:26.219
BTC,BUY,0.0087,10085668.000,2024-07-18 22:20:26.811
BTC,BUY,0.0913,10085668.000,2024-07-18 22:20:28.416
BTC,BUY,0.0010,10090000.000,2024-07-18 22:20:28.416
BTC,BUY,0.0004,10090000.000,2024-07-18 22:20:28.416
BTC,BUY,0.0009,10090000.000,2024-07-18 22:20:28.416
BTC,BUY,0.0020,10090000.000,2024-07-18 22:20:28.416
BTC,BUY,0.0044,10091200.000,2024-07-18 22:20:28.416
BTC,BUY,0.0100,10088514.000,2024-07-18 22:20:31.485
BTC,BUY,0.0070,10088757.000,2024-07-18 22:20:31.485
BTC,SELL,0.0070,10082196.000,2024-07-18 22:20:38.466
BTC,BUY,0.0002,10082197.000,2024-07-18 22:20:42.338
BTC,BUY,0.0800,10082197.000,2024-07-18 22:20:42.338
BTC,BUY,0.0098,10082292.000,2024-07-18 22:20:42.338
BTC,BUY,0.0002,10085000.000,2024-07-18 22:20:51.889
BTC,BUY,0.0088,10085141.000,2024-07-18 22:20:51.889
BTC,SELL,0.0100,10084309.000,2024-07-18 22:20:52.836
BTC,SELL,0.0250,10083223.000,2024-07-18 22:20:52.836
BTC,SELL,0.0060,10082196.000,2024-07-18 22:20:52.859
BTC,SELL,0.0040,10082196.000,2024-07-18 22:20:52.926
BTC,SELL,0.0100,10078376.000,2024-07-18 22:20:52.926
BTC,SELL,0.0357,10078375.000,2024-07-18 22:20:52.926
BTC,SELL,0.0050,10078375.000,2024-07-18 22:20:53.007
BTC,SELL,0.0030,10077241.000,2024-07-18 22:20:53.177
BTC,SELL,0.0270,10077241.000,2024-07-18 22:20:53.184
BTC,SELL,0.0530,10077065.000,2024-07-18 22:20:53.184
BTC,SELL,0.0110,10077065.000,2024-07-18 22:20:53.422
BTC,SELL,0.0050,10077065.000,2024-07-18 22:20:53.524
BTC,SELL,0.0100,10077065.000,2024-07-18 22:20:53.594
BTC,SELL,0.0200,10078380.000,2024-07-18 22:20:54.028
BTC,SELL,0.0240,10079193.000,2024-07-18 22:21:00.956
BTC,BUY,0.0100,10080846.000,2024-07-18 22:21:03.749
BTC,BUY,0.0100,10080847.000,2024-07-18 22:21:03.749
BTC,BUY,0.2800,10082190.000,2024-07-18 22:21:03.749
BTC,BUY,0.0001,10080498.000,2024-07-18 22:21:11.559
BTC,BUY,0.0030,10080498.000,2024-07-18 22:21:12.234
BTC,BUY,0.0030,10080499.000,2024-07-18 22:21:19.464
BTC,BUY,0.0020,10080168.000,2024-07-18 22:21:27.346
BTC,BUY,0.0100,10080168.000,2024-07-18 22:21:27.349
BTC,BUY,0.0002,10080001.000,2024-07-18 22:21:35.854
BTC,BUY,0.0100,10080001.000,2024-07-18 22:21:40.336
BTC,BUY,0.0004,10082667.000,2024-07-18 22:21:43.019
BTC,BUY,0.0044,10082667.000,2024-07-18 22:21:44.667
BTC,BUY,0.0956,10083250.000,2024-07-18 22:21:44.667
BTC,SELL,0.0200,10088201.000,2024-07-18 22:22:17.075
BTC,SELL,0.0248,10088201.000,2024-07-18 22:22:17.206
BTC,SELL,0.0232,10088201.000,2024-07-18 22:22:17.223
BTC,SELL,0.0010,10080000.000,2024-07-18 22:22:17.484
BTC,SELL,0.0001,10079193.000,2024-07-18 22:22:17.484
BTC,SELL,0.0039,10078443.000,2024-07-18 22:22:17.484
BTC,BUY,0.0001,10081589.000,2024-07-18 22:22:27.724
BTC,BUY,0.0200,10081800.000,2024-07-18 22:22:52.104
BTC,BUY,0.0001,10082237.000,2024-07-18 22:22:56.563
BTC,BUY,0.0010,10082192.000,2024-07-18 22:23:17.693
BTC,BUY,0.0037,10082237.000,2024-07-18 22:23:17.693
BTC,BUY,0.0153,10083250.000,2024-07-18 22:23:17.693
BTC,SELL,0.0010,10080800.000,2024-07-18 22:23:32.249
BTC,SELL,0.0470,10079725.000,2024-07-18 22:23:32.249
BTC,SELL,0.0020,10077023.000,2024-07-18 22:23:32.249
BTC,SELL,0.0011,10078751.000,2024-07-18 22:23:47.881
BTC,SELL,0.0189,10078750.000,2024-07-18 22:23:47.881
BTC,BUY,0.0007,10077464.000,2024-07-18 22:24:26.547
BTC,BUY,0.0100,10082512.000,2024-07-18 22:24:50.203
BTC,BUY,0.0100,10090789.000,2024-07-18 22:25:03.374
BTC,BUY,0.0001,10090789.000,2024-07-18 22:25:04.157
BTC,BUY,0.0001,10086426.000,2024-07-18 22:25:18.561
BTC,BUY,0.0002,10087003.000,2024-07-18 22:25:35.203
BTC,BUY,0.0005,10081950.000,2024-07-18 22:27:51.838
BTC,SELL,0.0050,10076880.000,2024-07-18 22:28:06.306
BTC,SELL,0.0050,10076880.000,2024-07-18 22:28:09.084
BTC,SELL,0.0001,10076878.000,2024-07-18 22:28:19.628
BTC,BUY,0.0001,10080186.000,2024-07-18 22:28:19.911
BTC,SELL,0.0050,10076878.000,2024-07-18 22:28:32.267
BTC,SELL,0.0050,10074869.000,2024-07-18 22:28:33.283
BTC,BUY,0.0100,10074250.000,2024-07-18 22:29:15.103
BTC,BUY,0.0002,10078581.000,2024-07-18 22:29:57.777
BTC,BUY,0.0100,10078591.000,2024-07-18 22:30:54.395
BTC,BUY,0.0001,10082008.000,2024-07-18 22:30:57.541
BTC,BUY,0.0100,10082005.000,2024-07-18 22:31:00.392
BTC,BUY,0.0002,10081587.000,2024-07-18 22:31:51.540
BTC,BUY,0.1000,10074429.000,2024-07-18 22:34:15.792
BTC,BUY,0.0039,10078386.000,2024-07-18 22:37:09.325
BTC,BUY,0.0003,10080000.000,2024-07-18 22:37:55.869
BTC,BUY,0.0002,10078810.000,2024-07-18 22:39:29.416
BTC,BUY,0.0100,10080000.000,2024-07-18 22:40:42.087
BTC,BUY,0.0097,10080000.000,2024-07-18 22:41:47.916
BTC,BUY,0.0002,10090000.000,2024-07-18 22:43:01.988
BTC,BUY,0.0001,10090675.000,2024-07-18 22:43:01.988
BTC,BUY,0.0700,10094499.000,2024-07-18 22:43:01.988
BTC,BUY,0.0122,10094501.000,2024-07-18 22:43:01.988
BTC,BUY,0.0883,10096305.000,2024-07-18 22:43:01.988
BTC,BUY,0.0292,10096320.000,2024-07-18 22:43:01.988
BTC,BUY,0.0010,10096320.000,2024-07-18 22:43:02.091
BTC,BUY,0.0020,10089900.000,2024-07-18 22:44:25.001
BTC,BUY,0.0100,10089699.000,2024-07-18 22:44:32.847
BTC,SELL,0.0300,10097190.000,2024-07-18 22:46:51.726
BTC,SELL,0.0240,10094800.000,2024-07-18 22:46:59.100
BTC,BUY,0.0050,10095300.000,2024-07-18 22:47:25.561
BTC,BUY,0.0600,10093250.000,2024-07-18 22:47:43.407
BTC,BUY,0.0050,10091366.000,2024-07-18 22:47:45.894
BTC,BUY,0.0001,10087048.000,2024-07-18 22:48:17.945
BTC,BUY,0.0002,10086442.000,2024-07-18 22:48:45.594
BTC,BUY,0.0030,10086238.000,2024-07-18 22:48:49.289
BTC,BUY,0.0068,10086091.000,2024-07-18 22:49:26.080
BTC,BUY,0.0186,10086100.000,2024-07-18 22:50:20.710
BTC,BUY,0.0026,10086356.000,2024-07-18 22:50:20.710
BTC,BUY,0.0088,10087389.000,2024-07-18 22:50:20.710
BTC,BUY,0.0005,10087398.000,2024-07-18 22:50:42.567
BTC,SELL,0.0050,10086125.000,2024-07-18 22:52:03.378
BTC,BUY,0.0046,10080898.000,2024-07-18 22:52:06.896
BTC,BUY,0.0015,10081685.000,2024-07-18 22:52:52.624
BTC,BUY,0.0055,10082181.000,2024-07-18 22:52:52.624
BTC,BUY,0.0008,10082720.000,2024-07-18 22:53:16.963
BTC,BUY,0.0001,10083990.000,2024-07-18 22:53:39.518
BTC,SELL,0.0100,10083986.000,2024-07-18 22:54:00.315
BTC,BUY,0.0007,10083916.000,2024-07-18 22:56:44.137
BTC,BUY,0.0057,10084240.000,2024-07-18 22:56:44.137
BTC,BUY,0.0001,10086551.000,2024-07-18 23:00:26.512
BTC,BUY,0.0005,10086501.000,2024-07-18 23:00:46.529
BTC,SELL,0.0002,10086500.000,2024-07-18 23:01:42.402
BTC,SELL,0.0040,10084845.000,2024-07-18 23:01:42.402
BTC,BUY,0.0001,10084966.000,2024-07-18 23:03:31.983
BTC,BUY,0.4000,10086960.000,2024-07-18 23:05:23.086
BTC,BUY,0.0400,10087487.000,2024-07-18 23:05:40.310
BTC,BUY,0.0001,10087485.000,2024-07-18 23:05:43.244
BTC,BUY,0.0010,10087480.000,2024-07-18 23:05:49.551
BTC,BUY,0.0067,10088994.000,2024-07-18 23:05:59.358
BTC,BUY,0.0033,10090140.000,2024-07-18 23:05:59.358
BTC,BUY,0.0020,10094380.000,2024-07-18 23:06:08.653
BTC,BUY,0.0240,10095970.000,2024-07-18 23:06:15.857
BTC,BUY,0.0001,10096090.000,2024-07-18 23:06:18.653
BTC,BUY,0.0005,10097030.000,2024-07-18 23:06:18.653
BTC,BUY,0.0001,10091537.000,2024-07-18 23:07:39.414
BTC,BUY,0.0002,10091919.000,2024-07-18 23:07:56.818
BTC,BUY,0.0001,10088235.000,2024-07-18 23:09:26.689
BTC,BUY,0.0026,10089680.000,2024-07-18 23:09:26.689
BTC,BUY,0.0001,10083840.000,2024-07-18 23:11:03.695
BTC,SELL,0.0050,10080925.000,2024-07-18 23:14:34.458
BTC,SELL,0.0050,10080000.000,2024-07-18 23:14:34.458
BTC,SELL,0.0140,10080000.000,2024-07-18 23:14:46.013
BTC,SELL,0.0100,10079372.000,2024-07-18 23:14:46.013
BTC,BUY,0.0001,10079520.000,2024-07-18 23:15:53.405
BTC,BUY,0.0412,10081130.000,2024-07-18 23:17:28.796
BTC,BUY,0.0001,10084310.000,2024-07-18 23:17:46.683
BTC,BUY,0.0010,10086749.000,2024-07-18 23:17:55.470
BTC,BUY,0.0001,10088020.000,2024-07-18 23:19:42.824
BTC,BUY,0.0004,10081100.000,2024-07-18 23:22:18.470
BTC,BUY,0.0001,10080900.000,2024-07-18 23:30:13.195
BTC,SELL,0.0002,10080000.000,2024-07-18 23:31:18.628
BTC,BUY,0.0005,10080001.000,2024-07-18 23:33:38.255
BTC,BUY,0.0020,10081660.000,2024-07-18 23:38:56.086
BTC,SELL,0.0050,10081972.000,2024-07-18 23:39:42.858
BTC,SELL,0.0057,10080000.000,2024-07-18 23:39:42.858
BTC,SELL,0.0050,10080000.000,2024-07-18 23:41:44.163
BTC,SELL,0.0050,10080000.000,2024-07-18 23:41:52.227
BTC,SELL,0.0024,10080000.000,2024-07-18 23:42:22.999
BTC,SELL,0.0050,10080000.000,2024-07-18 23:43:49.107
BTC,SELL,0.0050,10080000.000,2024-07-18 23:43:50.597
BTC,SELL,0.0050,10080000.000,2024-07-18 23:43:51.095
BTC,SELL,0.0050,10080000.000,2024-07-18 23:43:51.609
BTC,BUY,0.0001,10080001.000,2024-07-18 23:43:52.009
BTC,SELL,0.0050,10080000.000,2024-07-18 23:43:52.642
BTC,SELL,0.0050,10080000.000,2024-07-18 23:43:53.695
BTC,SELL,0.0050,10080000.000,2024-07-18 23:43:54.638
BTC,SELL,0.0050,10080000.000,2024-07-18 23:43:55.643
BTC,SELL,0.0211,10080000.000,2024-07-18 23:43:55.847
BTC,SELL,0.0050,10080000.000,2024-07-18 23:43:56.155
BTC,SELL,0.0050,10080000.000,2024-07-18 23:43:57.176
BTC,SELL,0.0050,10080000.000,2024-07-18 23:43:58.702
BTC,SELL,0.0050,10080000.000,2024-07-18 23:43:59.203
BTC,SELL,0.0006,10080000.000,2024-07-18 23:44:14.435
BTC,SELL,0.0044,10080000.000,2024-07-18 23:44:14.435
BTC,SELL,0.0006,10080000.000,2024-07-18 23:45:18.321
BTC,SELL,0.0001,10080000.000,2024-07-18 23:45:18.321
BTC,SELL,0.0002,10080000.000,2024-07-18 23:45:18.321
BTC,SELL,0.0001,10079000.000,2024-07-18 23:45:18.321
BTC,SELL,0.0300,10073239.000,2024-07-18 23:45:18.321
BTC,SELL,0.0300,10071776.000,2024-07-18 23:45:18.321
BTC,SELL,0.0005,10071060.000,2024-07-18 23:45:18.321
BTC,SELL,0.0001,10070000.000,2024-07-18 23:45:18.321
BTC,SELL,0.0050,10070000.000,2024-07-18 23:45:18.321
BTC,SELL,0.0155,10069989.000,2024-07-18 23:45:18.321
BTC,SELL,0.0400,10068624.000,2024-07-18 23:45:18.321
BTC,SELL,0.0855,10068314.000,2024-07-18 23:45:18.321
BTC,BUY,0.0001,10074749.000,2024-07-18 23:47:14.886
BTC,BUY,0.0008,10072050.000,2024-07-18 23:48:17.371
BTC,BUY,0.0050,10070001.000,2024-07-18 23:49:56.593
BTC,BUY,0.0025,10070001.000,2024-07-18 23:52:41.372
BTC,SELL,0.0004,10070000.000,2024-07-18 23:53:08.357
BTC,BUY,0.0022,10070029.000,2024-07-18 23:53:19.760
BTC,BUY,0.0005,10070005.000,2024-07-18 23:54:08.024
BTC,BUY,0.0089,10070001.000,2024-07-18 23:55:26.012
BTC,BUY,0.0002,10070001.000,2024-07-18 23:55:59.215
BTC,BUY,0.0005,10070500.000,2024-07-18 23:57:46.975
BTC,SELL,0.0080,10070000.000,2024-07-18 23:58:54.427
BTC,BUY,0.0100,10071140.000,2024-07-18 23:59:48.530
BTC,BUY,0.0005,10070001.000,2024-07-19 00:00:46.626
BTC,BUY,0.0043,10070001.000,2024-07-19 00:00:48.640
BTC,BUY,0.0057,10071740.000,2024-07-19 00:00:48.640
BTC,BUY,0.0100,10073305.000,2024-07-19 00:00:59.724
BTC,BUY,0.0100,10073730.000,2024-07-19 00:01:04.086
BTC,BUY,0.0001,10076360.000,2024-07-19 00:01:28.478
BTC,SELL,0.0050,10070000.000,2024-07-19 00:02:29.495
BTC,SELL,0.0366,10070000.000,2024-07-19 00:02:32.542
BTC,SELL,0.0002,10070000.000,2024-07-19 00:02:32.542
BTC,SELL,0.0149,10069800.000,2024-07-19 00:02:33.865
BTC,SELL,0.0020,10069000.000,2024-07-19 00:02:38.401
BTC,SELL,0.0050,10068314.000,2024-07-19 00:02:38.581
BTC,SELL,0.0094,10068314.000,2024-07-19 00:02:38.998
BTC,SELL,0.0050,10068314.000,2024-07-19 00:02:39.109
BTC,SELL,0.0050,10068314.000,2024-07-19 00:02:39.594
BTC,SELL,0.0050,10068314.000,2024-07-19 00:02:41.626
BTC,SELL,0.0306,10068314.000,2024-07-19 00:02:42.119
BTC,SELL,0.0020,10067700.000,2024-07-19 00:02:46.050
BTC,SELL,0.0010,10060000.000,2024-07-19 00:02:55.538
BTC,SELL,0.0002,10060000.000,2024-07-19 00:02:55.538
BTC,BUY,0.0010,10055011.000,2024-07-19 00:04:00.083
BTC,BUY,0.0145,10056100.000,2024-07-19 00:04:42.943
BTC,BUY,0.0268,10058193.000,2024-07-19 00:04:42.943
BTC,BUY,0.0400,10059399.000,2024-07-19 00:04:42.943
BTC,BUY,0.0205,10059930.000,2024-07-19 00:04:42.943
BTC,BUY,0.0023,10059954.000,2024-07-19 00:04:50.346
BTC,BUY,0.0001,10060660.000,2024-07-19 00:05:02.764
BTC,BUY,0.0100,10055966.000,2024-07-19 00:06:12.098
BTC,SELL,0.0002,10053300.000,2024-07-19 00:06:21.060
BTC,BUY,0.0081,10054000.000,2024-07-19 00:07:16.923
BTC,BUY,0.0050,10054000.000,2024-07-19 00:07:18.963
BTC,SELL,0.0041,10053999.000,2024-07-19 00:07:44.621
BTC,BUY,0.0050,10054000.000,2024-07-19 00:08:29.582
BTC,BUY,0.0050,10054000.000,2024-07-19 00:08:41.448
BTC,BUY,0.0060,10054000.000,2024-07-19 00:08:41.591
BTC,BUY,0.0050,10054000.000,2024-07-19 00:08:43.955
BTC,BUY,0.0200,10054000.000,2024-07-19 00:08:53.294
BTC,BUY,0.0059,10054000.000,2024-07-19 00:10:08.766
BTC,SELL,0.0500,10056100.000,2024-07-19 00:11:59.478
BTC,SELL,0.0166,10056100.000,2024-07-19 00:11:59.478
BTC,SELL,0.0334,10054089.000,2024-07-19 00:11:59.478
BTC,BUY,0.0005,10056877.000,2024-07-19 00:12:14.999
BTC,SELL,0.0008,10057151.000,2024-07-19 00:13:18.461
BTC,SELL,0.0200,10057151.000,2024-07-19 00:13:18.757
BTC,SELL,0.0001,10056000.000,2024-07-19 00:13:31.240
BTC,SELL,0.0009,10056000.000,2024-07-19 00:13:34.272
BTC,SELL,0.0991,10054000.000,2024-07-19 00:13:34.272
BTC,BUY,0.0007,10054001.000,2024-07-19 00:15:28.464
BTC,SELL,0.0034,10054000.000,2024-07-19 00:15:33.970
BTC,SELL,0.0200,10054000.000,2024-07-19 00:15:35.526
BTC,SELL,0.0100,10054000.000,2024-07-19 00:15:37.970
BTC,SELL,0.0055,10054000.000,2024-07-19 00:15:39.497
BTC,SELL,0.0100,10054000.000,2024-07-19 00:15:41.064
BTC,SELL,0.0100,10054000.000,2024-07-19 00:15:42.378
BTC,SELL,0.0056,10054000.000,2024-07-19 00:15:46.514
BTC,SELL,0.0056,10054000.000,2024-07-19 00:15:52.011
BTC,SELL,0.0050,10054000.000,2024-07-19 00:15:52.048
BTC,SELL,0.0100,10054000.000,2024-07-19 00:15:52.100
BTC,SELL,0.0050,10054000.000,2024-07-19 00:15:52.565
BTC,SELL,0.0100,10054000.000,2024-07-19 00:15:54.318
BTC,SELL,0.0200,10054000.000,2024-07-19 00:15:55.056
BTC,SELL,0.0050,10054000.000,2024-07-19 00:15:55.083
BTC,SELL,0.0050,10054000.000,2024-07-19 00:15:56.591
BTC,SELL,0.0050,10054000.000,2024-07-19 00:16:01.235
BTC,SELL,0.0100,10054000.000,2024-07-19 00:16:01.506
BTC,SELL,0.0050,10054000.000,2024-07-19 00:16:01.669
BTC,SELL,0.0500,10054000.000,2024-07-19 00:16:02.319
BTC,SELL,0.0050,10054000.000,2024-07-19 00:16:03.222
BTC,SELL,0.0500,10054000.000,2024-07-19 00:16:03.227
BTC,SELL,0.0050,10054000.000,2024-07-19 00:16:03.737
BTC,SELL,0.0220,10054000.000,2024-07-19 00:16:04.119
BTC,SELL,0.0050,10054000.000,2024-07-19 00:16:04.211
BTC,SELL,0.0109,10054000.000,2024-07-19 00:16:04.999
BTC,SELL,0.0333,10054000.000,2024-07-19 00:16:05.930
BTC,SELL,0.0100,10054000.000,2024-07-19 00:16:06.888
BTC,SELL,0.0117,10054000.000,2024-07-19 00:16:07.846
BTC,SELL,0.0050,10054000.000,2024-07-19 00:16:09.794
BTC,SELL,0.0059,10054000.000,2024-07-19 00:16:12.456
BTC,SELL,0.0001,10054000.000,2024-07-19 00:16:17.960
BTC,SELL,0.0007,10054000.000,2024-07-19 00:16:17.960
BTC,SELL,0.0006,10050010.000,2024-07-19 00:16:23.557
BTC,SELL,0.0009,10050010.000,2024-07-19 00:16:23.559
BTC,SELL,0.0010,10050000.000,2024-07-19 00:16:23.559
BTC,SELL,0.0004,10050000.000,2024-07-19 00:16:23.559
BTC,SELL,0.0077,10050000.000,2024-07-19 00:16:23.559
BTC,SELL,0.0023,10050000.000,2024-07-19 00:16:23.682
BTC,SELL,0.0077,10050000.000,2024-07-19 00:16:23.682
BTC,SELL,0.0112,10050000.000,2024-07-19 00:16:23.831
BTC,SELL,0.0050,10050000.000,2024-07-19 00:16:26.059
BTC,SELL,0.0061,10050000.000,2024-07-19 00:16:28.971
BTC,BUY,0.0010,10048250.000,2024-07-19 00:17:53.463
BTC,SELL,0.0012,10043564.000,2024-07-19 00:17:59.984
BTC,SELL,0.0001,10041944.000,2024-07-19 00:18:05.474
BTC,BUY,0.0050,10040001.000,2024-07-19 00:18:43.608
BTC,SELL,0.0004,10040000.000,2024-07-19 00:18:43.653
BTC,SELL,0.0006,10040000.000,2024-07-19 00:18:43.653
BTC,SELL,0.0004,10040000.000,2024-07-19 00:19:37.973
BTC,SELL,0.0010,10040000.000,2024-07-19 00:19:37.973
BTC,SELL,0.0001,10035000.000,2024-07-19 00:19:40.521
BTC,SELL,0.0100,10034149.000,2024-07-19 00:19:40.521
BTC,SELL,0.0199,10034148.000,2024-07-19 00:19:40.521
BTC,SELL,0.0013,10034154.000,2024-07-19 00:19:43.463
BTC,BUY,0.0100,10033808.000,2024-07-19 00:20:03.192
BTC,BUY,0.0009,10032899.000,2024-07-19 00:21:08.557
BTC,SELL,0.0050,10031705.000,2024-07-19 00:21:08.976
BTC,SELL,0.0248,10031705.000,2024-07-19 00:21:09.049
BTC,BUY,0.0010,10030001.000,2024-07-19 00:22:03.606
BTC,BUY,0.0100,10030001.000,2024-07-19 00:22:18.775
BTC,BUY,0.0100,10030001.000,2024-07-19 00:22:20.231
BTC,BUY,0.0200,10030001.000,2024-07-19 00:22:22.268
BTC,BUY,0.0100,10030001.000,2024-07-19 00:22:22.294
BTC,BUY,0.0090,10030001.000,2024-07-19 00:22:26.469
BTC,BUY,0.0010,10033256.000,2024-07-19 00:22:26.469
BTC,BUY,0.0400,10033256.000,2024-07-19 00:22:26.474
BTC,BUY,0.0100,10033256.000,2024-07-19 00:22:26.541
BTC,BUY,0.0050,10033256.000,2024-07-19 00:22:26.906
BTC,BUY,0.0001,10033291.000,2024-07-19 00:22:30.179
BTC,BUY,0.0001,10042440.000,2024-07-19 00:24:04.444
BTC,SELL,0.0010,10041420.000,2024-07-19 00:24:48.748
BTC,BUY,0.0100,10043120.000,2024-07-19 00:27:00.766
BTC,BUY,0.0005,10045131.000,2024-07-19 00:28:26.774
BTC,SELL,0.0002,10034599.000,2024-07-19 00:29:57.417
BTC,SELL,0.0143,10032370.000,2024-07-19 00:29:57.417
BTC,SELL,0.0005,10030583.000,2024-07-19 00:30:03.003
BTC,BUY,0.0010,10046893.000,2024-07-19 00:33:43.943
BTC,BUY,0.0010,10049948.000,2024-07-19 00:33:50.785
BTC,BUY,0.0009,10047763.000,2024-07-19 00:34:06.121
BTC,BUY,0.0001,10049798.000,2024-07-19 00:34:13.060
BTC,BUY,0.0093,10046622.000,2024-07-19 00:35:02.532
BTC,BUY,0.0199,10046623.000,2024-07-19 00:35:02.532
BTC,BUY,0.0058,10048005.000,2024-07-19 00:35:02.532
BTC,SELL,0.0004,10050539.000,2024-07-19 00:36:20.185
BTC,BUY,0.0030,10049315.000,2024-07-19 00:37:56.778
BTC,SELL,0.0002,10045000.000,2024-07-19 00:38:47.042
BTC,SELL,0.0005,10039000.000,2024-07-19 00:40:02.980
BTC,SELL,0.0166,10039000.000,2024-07-19 00:40:34.498
BTC,BUY,0.1000,10038950.000,2024-07-19 00:40:55.973
BTC,BUY,0.0700,10038999.000,2024-07-19 00:40:55.973
BTC,BUY,0.0300,10039150.000,2024-07-19 00:40:55.973
BTC,BUY,0.1000,10038350.000,2024-07-19 00:41:02.402
BTC,BUY,0.1000,10038350.000,2024-07-19 00:41:02.402
BTC,BUY,0.0700,10037918.000,2024-07-19 00:41:14.710
BTC,BUY,0.0039,10038320.000,2024-07-19 00:41:14.710
BTC,BUY,0.0498,10038398.000,2024-07-19 00:41:14.710
BTC,BUY,0.0126,10038426.000,2024-07-19 00:41:14.710
BTC,BUY,0.0637,10038730.000,2024-07-19 00:41:14.710
BTC,BUY,0.0497,10042074.000,2024-07-19 00:41:20.921
BTC,BUY,0.0700,10042857.000,2024-07-19 00:41:20.921
BTC,BUY,0.0042,10042859.000,2024-07-19 00:41:20.921
BTC,BUY,0.0761,10042970.000,2024-07-19 00:41:20.921
BTC,BUY,0.0100,10046019.000,2024-07-19 00:41:36.798
BTC,BUY,0.0500,10042810.000,2024-07-19 00:41:39.094
BTC,SELL,0.0002,10035000.000,2024-07-19 00:45:43.254
BTC,SELL,0.0004,10030000.000,2024-07-19 00:45:46.026
BTC,SELL,0.0010,10030000.000,2024-07-19 00:45:46.026
BTC,SELL,0.0020,10030000.000,2024-07-19 00:45:46.026
BTC,SELL,0.0050,10030000.000,2024-07-19 00:45:47.076
BTC,SELL,0.0033,10030000.000,2024-07-19 00:45:51.478
BTC,SELL,0.0200,10030000.000,2024-07-19 00:47:51.485
BTC,SELL,0.0050,10030000.000,2024-07-19 00:48:04.697
BTC,SELL,0.0050,10030000.000,2024-07-19 00:48:09.804
BTC,SELL,0.0050,10030000.000,2024-07-19 00:48:10.316
BTC,SELL,0.0047,10030000.000,2024-07-19 00:48:10.777
BTC,SELL,0.0003,10030000.000,2024-07-19 00:48:10.777
BTC,SELL,0.0050,10030000.000,2024-07-19 00:48:11.276
BTC,SELL,0.0050,10030000.000,2024-07-19 00:48:12.311
BTC,SELL,0.0050,10030000.000,2024-07-19 00:48:13.321
BTC,SELL,0.0050,10030000.000,2024-07-19 00:48:14.339
BTC,SELL,0.0050,10030000.000,2024-07-19 00:48:15.351
BTC,SELL,0.0050,10030000.000,2024-07-19 00:48:16.351
BTC,SELL,0.0050,10030000.000,2024-07-19 00:48:17.379
BTC,SELL,0.0147,10030000.000,2024-07-19 00:48:18.000
BTC,SELL,0.0053,10030000.000,2024-07-19 00:48:18.000
BTC,BUY,0.0001,10030001.000,2024-07-19 00:49:41.899
BTC,SELL,0.0047,10030000.000,2024-07-19 00:49:48.982
BTC,SELL,0.0003,10029800.000,2024-07-19 00:49:48.982
BTC,SELL,0.0007,10029800.000,2024-07-19 00:50:28.898
BTC,SELL,0.0001,10029119.000,2024-07-19 00:51:44.408
BTC,SELL,0.0002,10025000.000,2024-07-19 00:52:09.039
BTC,SELL,0.0030,10020001.000,2024-07-19 00:52:15.075
BTC,BUY,0.0014,10022300.000,2024-07-19 00:52:16.204
BTC,BUY,0.0115,10020001.000,2024-07-19 00:54:05.461
BTC,BUY,0.0010,10021750.000,2024-07-19 00:55:05.893
BTC,BUY,0.0100,10020001.000,2024-07-19 00:55:12.730
BTC,BUY,0.0180,10020001.000,2024-07-19 00:55:31.769
BTC,BUY,0.0001,10020001.000,2024-07-19 00:56:18.691
BTC,SELL,0.0009,10022828.000,2024-07-19 00:57:10.123
BTC,SELL,0.0004,10020000.000,2024-07-19 00:57:47.788
BTC,SELL,0.0001,10020000.000,2024-07-19 00:57:47.788
BTC,SELL,0.0010,10020000.000,2024-07-19 00:57:47.788
BTC,SELL,0.0001,10020000.000,2024-07-19 00:57:47.788
BTC,SELL,0.0002,10020000.000,2024-07-19 00:57:47.788
BTC,SELL,0.0082,10017236.000,2024-07-19 00:57:47.788
BTC,BUY,0.0021,10019600.000,2024-07-19 00:58:00.223
BTC,SELL,0.0500,10015434.000,2024-07-19 00:58:10.249
BTC,SELL,0.0100,10015437.000,2024-07-19 00:58:14.104
BTC,BUY,0.0001,10016470.000,2024-07-19 00:58:15.601
BTC,SELL,0.0500,10015673.000,2024-07-19 00:58:24.295
BTC,BUY,0.0010,10018590.000,2024-07-19 00:58:32.171
BTC,SELL,0.0090,10015371.000,2024-07-19 00:59:27.323
BTC,BUY,0.0040,10017500.000,2024-07-19 01:00:04.889
BTC,BUY,0.0010,10017250.000,2024-07-19 01:00:10.986
BTC,SELL,0.0300,10015000.000,2024-07-19 01:00:20.048
BTC,BUY,0.0001,10015400.000,2024-07-19 01:00:21.042
BTC,BUY,0.0073,10015360.000,2024-07-19 01:01:37.511
BTC,BUY,0.0037,10016908.000,2024-07-19 01:03:32.354
BTC,SELL,0.0050,10015000.000,2024-07-19 01:03:54.496
BTC,SELL,0.0060,10015000.000,2024-07-19 01:03:54.847
BTC,SELL,0.0001,10015000.000,2024-07-19 01:03:54.990
BTC,SELL,0.0050,10015000.000,2024-07-19 01:03:54.995
BTC,SELL,0.0039,10015000.000,2024-07-19 01:03:57.474
BTC,SELL,0.0001,10014034.000,2024-07-19 01:03:57.474
BTC,SELL,0.0004,10010000.000,2024-07-19 01:03:57.474
BTC,SELL,0.0010,10010000.000,2024-07-19 01:03:57.474
BTC,SELL,0.0002,10010000.000,2024-07-19 01:03:57.474
BTC,SELL,0.0002,10008000.000,2024-07-19 01:03:57.474
BTC,SELL,0.0042,10001752.000,2024-07-19 01:03:57.474
BTC,SELL,0.0027,10001752.000,2024-07-19 01:03:57.548
BTC,SELL,0.0050,10001757.000,2024-07-19 01:03:59.531
BTC,SELL,0.0050,10001550.000,2024-07-19 01:04:48.308
BTC,BUY,0.0020,10002339.000,2024-07-19 01:04:57.207
BTC,SELL,0.0050,10007445.000,2024-07-19 01:05:42.479
BTC,SELL,0.0047,10008995.000,2024-07-19 01:05:47.960
BTC,BUY,0.0040,10001040.000,2024-07-19 01:06:32.140
BTC,BUY,0.0010,10001800.000,2024-07-19 01:07:56.415
BTC,SELL,0.0050,10000149.000,2024-07-19 01:07:59.091
BTC,SELL,0.0001,10000000.000,2024-07-19 01:08:04.677
BTC,SELL,0.0004,10000000.000,2024-07-19 01:08:04.677
BTC,SELL,0.0001,10000000.000,2024-07-19 01:08:04.677
BTC,SELL,0.0044,10000000.000,2024-07-19 01:08:04.677
BTC,SELL,0.0050,10000000.000,2024-07-19 01:08:05.191
BTC,SELL,0.0050,10000000.000,2024-07-19 01:08:05.669
BTC,SELL,0.0050,10000000.000,2024-07-19 01:08:06.186
BTC,SELL,0.0050,10000000.000,2024-07-19 01:08:07.711
BTC,SELL,0.0050,10000000.000,2024-07-19 01:08:11.268
BTC,SELL,0.0176,10000000.000,2024-07-19 01:08:11.363
BTC,SELL,0.0010,10000000.000,2024-07-19 01:08:11.363
BTC,SELL,0.0114,10000000.000,2024-07-19 01:08:11.363
BTC,SELL,0.0050,10000000.000,2024-07-19 01:08:11.779
BTC,SELL,0.0225,10000000.000,2024-07-19 01:08:12.415
BTC,SELL,0.0242,10000000.000,2024-07-19 01:08:12.736
BTC,SELL,0.0050,10000000.000,2024-07-19 01:08:12.784
BTC,SELL,0.0319,10000000.000,2024-07-19 01:08:13.231
BTC,SELL,0.0005,10000000.000,2024-07-19 01:08:13.231
BTC,SELL,0.0010,10000000.000,2024-07-19 01:08:13.231
BTC,SELL,0.0001,10000000.000,2024-07-19 01:08:13.231
BTC,SELL,0.0010,10000000.000,2024-07-19 01:08:13.231
BTC,SELL,0.0014,10000000.000,2024-07-19 01:08:13.231
BTC,SELL,0.0050,10000000.000,2024-07-19 01:08:13.379
BTC,SELL,0.0036,10000000.000,2024-07-19 01:08:13.701
BTC,SELL,0.0010,10000000.000,2024-07-19 01:08:13.701
BTC,SELL,0.0001,10000000.000,2024-07-19 01:08:13.701
BTC,SELL,0.0010,10000000.000,2024-07-19 01:08:13.701
BTC,SELL,0.0001,10000000.000,2024-07-19 01:08:13.701
BTC,SELL,0.0001,10000000.000,2024-07-19 01:08:13.701
BTC,SELL,0.0043,10000000.000,2024-07-19 01:08:13.701
BTC,SELL,0.0057,10000000.000,2024-07-19 01:08:14.151
BTC,SELL,0.0010,10000000.000,2024-07-19 01:08:14.151
BTC,SELL,0.0002,10000000.000,2024-07-19 01:08:14.151
BTC,SELL,0.0002,10000000.000,2024-07-19 01:08:14.151
BTC,SELL,0.0010,10000000.000,2024-07-19 01:08:14.151
BTC,SELL,0.0005,10000000.000,2024-07-19 01:08:14.151
BTC,SELL,0.0001,10000000.000,2024-07-19 01:08:14.151
BTC,SELL,0.0010,10000000.000,2024-07-19 01:08:14.151
BTC,SELL,0.0006,10000000.000,2024-07-19 01:08:14.151
BTC,SELL,0.0050,10000000.000,2024-07-19 01:08:14.386
BTC,SELL,0.0044,10000000.000,2024-07-19 01:08:14.993
BTC,SELL,0.0010,10000000.000,2024-07-19 01:08:14.993
BTC,SELL,0.0002,10000000.000,2024-07-19 01:08:14.993
BTC,SELL,0.0010,9999999.000,2024-07-19 01:08:14.993
BTC,SELL,0.0100,9999000.000,2024-07-19 01:08:14.993
BTC,SELL,0.0002,9999000.000,2024-07-19 01:08:14.993
BTC,SELL,0.0010,9998000.000,2024-07-19 01:08:14.993
BTC,SELL,0.0050,9993615.000,2024-07-19 01:08:35.086
BTC,BUY,0.0010,9994873.000,2024-07-19 01:08:36.705
BTC,SELL,0.0050,9991977.000,2024-07-19 01:08:52.891
BTC,SELL,0.0050,9991977.000,2024-07-19 01:08:53.175
BTC,SELL,0.0025,9992298.000,2024-07-19 01:09:02.471
BTC,BUY,0.0009,9992249.000,2024-07-19 01:09:08.559
BTC,BUY,0.0009,9993508.000,2024-07-19 01:09:28.454
BTC,BUY,0.0009,9993150.000,2024-07-19 01:09:38.509
BTC,BUY,0.0009,9992949.000,2024-07-19 01:09:48.537
BTC,BUY,0.0050,9995148.000,2024-07-19 01:09:53.585
BTC,BUY,0.0009,9995000.000,2024-07-19 01:09:58.502
BTC,SELL,0.0005,9994800.000,2024-07-19 01:10:02.569
BTC,BUY,0.0100,9998056.000,2024-07-19 01:10:06.397
BTC,BUY,0.0013,10001132.000,2024-07-19 01:10:22.324
BTC,BUY,0.0045,10001050.000,2024-07-19 01:10:25.622
BTC,BUY,0.0100,10003150.000,2024-07-19 01:10:27.601
BTC,BUY,0.0001,10005990.000,2024-07-19 01:10:36.544
BTC,BUY,0.0001,10004056.000,2024-07-19 01:10:43.751
BTC,BUY,0.0001,10004055.000,2024-07-19 01:10:48.637
BTC,BUY,0.0001,10006500.000,2024-07-19 01:10:55.086
BTC,BUY,0.0001,10006299.000,2024-07-19 01:11:03.344
BTC,SELL,0.0050,10009449.000,2024-07-19 01:11:21.963
BTC,SELL,0.0020,10005920.000,2024-07-19 01:11:21.963
BTC,SELL,0.0430,10005870.000,2024-07-19 01:11:21.963
BTC,BUY,0.0004,10009150.000,2024-07-19 01:11:32.629
BTC,BUY,0.0020,10006550.000,2024-07-19 01:12:31.227
BTC,SELL,0.0100,10004834.000,2024-07-19 01:13:10.033
BTC,SELL,0.0127,10002004.000,2024-07-19 01:13:21.536
BTC,BUY,0.0008,10000000.000,2024-07-19 01:13:30.667
BTC,BUY,0.0003,9998778.000,2024-07-19 01:13:53.083
BTC,SELL,0.0020,9998777.000,2024-07-19 01:14:08.534
BTC,SELL,0.0020,9996546.000,2024-07-19 01:14:09.007
BTC,SELL,0.0100,9996546.000,2024-07-19 01:14:09.186
BTC,SELL,0.0099,9996546.000,2024-07-19 01:14:09.721
BTC,SELL,0.0500,9996546.000,2024-07-19 01:14:10.002
BTC,SELL,0.0100,9996546.000,2024-07-19 01:14:10.114
BTC,BUY,0.0100,9995001.000,2024-07-19 01:14:21.581
BTC,BUY,0.1000,9995001.000,2024-07-19 01:14:21.581
BTC,BUY,0.0992,9995001.000,2024-07-19 01:14:21.581
BTC,BUY,0.0700,9995001.000,2024-07-19 01:14:21.581
BTC,BUY,0.0050,9995001.000,2024-07-19 01:14:21.581
BTC,BUY,0.2800,9995001.000,2024-07-19 01:14:21.581
BTC,BUY,0.0030,9995001.000,2024-07-19 01:14:21.581
BTC,BUY,0.0500,9995001.000,2024-07-19 01:14:21.581
BTC,BUY,0.0040,9996589.000,2024-07-19 01:14:21.581
BTC,BUY,0.0050,9997231.000,2024-07-19 01:14:21.581
BTC,BUY,0.3738,9997920.000,2024-07-19 01:14:21.581
BTC,SELL,0.0001,9993355.000,2024-07-19 01:14:25.379
BTC,SELL,0.0150,9993108.000,2024-07-19 01:14:25.379
BTC,SELL,0.0002,9995000.000,2024-07-19 01:14:25.988
BTC,SELL,0.0398,9993108.000,2024-07-19 01:14:25.988
BTC,SELL,0.0219,9993108.000,2024-07-19 01:14:25.994
BTC,SELL,0.0116,9993108.000,2024-07-19 01:14:26.370
BTC,SELL,0.0001,9992249.000,2024-07-19 01:14:29.026
BTC,SELL,0.0007,9991977.000,2024-07-19 01:14:29.026
BTC,SELL,0.0042,9990667.000,2024-07-19 01:14:29.026
BTC,SELL,0.0001,9990000.000,2024-07-19 01:14:31.729
BTC,SELL,0.0004,9990000.000,2024-07-19 01:14:31.729
BTC,SELL,0.0100,9990000.000,2024-07-19 01:14:31.729
BTC,SELL,0.0001,9990000.000,2024-07-19 01:14:31.729
BTC,SELL,0.0020,9990000.000,2024-07-19 01:14:31.729
BTC,SELL,0.0001,9990000.000,2024-07-19 01:14:31.729
BTC,SELL,0.0011,9990000.000,2024-07-19 01:14:31.729
BTC,SELL,0.0341,9990000.000,2024-07-19 01:14:31.729
BTC,SELL,0.0022,9990000.000,2024-07-19 01:14:33.511
BTC,SELL,0.0050,9990000.000,2024-07-19 01:14:33.921
BTC,SELL,0.0077,9989981.000,2024-07-19 01:15:46.899
BTC,SELL,0.0002,9990000.000,2024-07-19 01:16:24.516
BTC,SELL,0.0292,9990000.000,2024-07-19 01:16:24.516
BTC,BUY,0.0002,9990001.000,2024-07-19 01:16:39.309
BTC,SELL,0.0147,9990000.000,2024-07-19 01:16:42.536
BTC,SELL,0.0148,9990000.000,2024-07-19 01:16:42.646
BTC,SELL,0.0076,9989907.000,2024-07-19 01:16:42.646
BTC,BUY,0.0003,9989900.000,2024-07-19 01:16:47.007
BTC,SELL,0.0058,9989500.000,2024-07-19 01:17:04.878
BTC,SELL,0.0001,9989088.000,2024-07-19 01:17:04.878
BTC,SELL,0.0060,9989088.000,2024-07-19 01:17:04.878
BTC,SELL,0.0051,9989088.000,2024-07-19 01:17:05.164
BTC,SELL,0.0069,9989088.000,2024-07-19 01:17:05.810
BTC,SELL,0.0001,9988222.000,2024-07-19 01:17:05.810
BTC,SELL,0.0010,9987000.000,2024-07-19 01:17:05.810
BTC,SELL,0.0030,9985100.000,2024-07-19 01:17:06.812
BTC,BUY,0.0001,9985101.000,2024-07-19 01:17:22.377
BTC,SELL,0.0005,9985100.000,2024-07-19 01:17:23.292
BTC,SELL,0.0095,9983913.000,2024-07-19 01:17:23.292
BTC,SELL,0.0452,9983913.000,2024-07-19 01:17:24.249
BTC,SELL,0.0100,9984217.000,2024-07-19 01:17:33.753
BTC,BUY,0.0002,9982500.000,2024-07-19 01:18:22.155
BTC,SELL,0.0150,9981613.000,2024-07-19 01:18:24.637
BTC,SELL,0.0058,9981613.000,2024-07-19 01:18:24.726
BTC,SELL,0.0001,9980943.000,2024-07-19 01:18:25.592
BTC,SELL,0.0001,9980000.000,2024-07-19 01:18:26.221
BTC,SELL,0.0050,9980000.000,2024-07-19 01:18:26.221
BTC,SELL,0.0004,9980000.000,2024-07-19 01:18:26.221
BTC,SELL,0.0001,9980000.000,2024-07-19 01:18:26.221
BTC,SELL,0.0010,9980000.000,2024-07-19 01:18:26.221
BTC,SELL,0.0002,9980000.000,2024-07-19 01:18:26.221
BTC,SELL,0.0001,9980000.000,2024-07-19 01:18:26.221
BTC,SELL,0.0009,9980000.000,2024-07-19 01:18:26.221
BTC,SELL,0.0001,9980000.000,2024-07-19 01:18:26.221
BTC,SELL,0.0011,9980000.000,2024-07-19 01:18:26.221
BTC,SELL,0.0010,9980000.000,2024-07-19 01:18:26.221
BTC,SELL,0.0100,9980000.000,2024-07-19 01:18:26.221
BTC,SELL,0.0800,9979504.000,2024-07-19 01:18:26.221
BTC,SELL,0.0002,9980000.000,2024-07-19 01:18:31.615
BTC,SELL,0.0003,9978000.000,2024-07-19 01:18:31.615
BTC,SELL,0.0163,9976533.000,2024-07-19 01:18:31.615
BTC,SELL,0.0500,9976533.000,2024-07-19 01:18:31.868
BTC,SELL,0.0001,9976533.000,2024-07-19 01:18:33.983
BTC,SELL,0.0050,9976533.000,2024-07-19 01:18:34.337
BTC,SELL,0.0002,9975999.000,2024-07-19 01:18:39.520
BTC,BUY,0.0001,9976000.000,2024-07-19 01:19:03.190
BTC,SELL,0.0003,9975999.000,2024-07-19 01:19:23.864
BTC,SELL,0.0001,9975339.000,2024-07-19 01:19:23.864
BTC,SELL,0.0002,9975000.000,2024-07-19 01:19:23.864
BTC,SELL,0.0044,9974434.000,2024-07-19 01:19:23.864
BTC,SELL,0.0046,9974434.000,2024-07-19 01:19:28.854
BTC,SELL,0.0004,9972155.000,2024-07-19 01:19:28.854
BTC,BUY,0.0675,9971847.000,2024-07-19 01:19:41.885
BTC,SELL,0.1000,9971563.000,2024-07-19 01:19:48.212
BTC,SELL,0.0004,9971000.000,2024-07-19 01:19:49.498
BTC,SELL,0.0006,9971000.000,2024-07-19 01:19:52.771
BTC,SELL,0.0004,9970000.000,2024-07-19 01:19:52.771
BTC,SELL,0.0010,9970000.000,2024-07-19 01:19:52.771
BTC,SELL,0.0001,9970000.000,2024-07-19 01:19:52.771
BTC,SELL,0.0224,9970000.000,2024-07-19 01:19:52.771
BTC,BUY,0.0001,9970001.000,2024-07-19 01:20:02.757
BTC,SELL,0.0005,9970000.000,2024-07-19 01:20:02.796
BTC,SELL,0.0050,9970000.000,2024-07-19 01:20:04.362
BTC,SELL,0.0121,9970000.000,2024-07-19 01:20:08.361
BTC,SELL,0.0002,9970000.000,2024-07-19 01:20:08.361
BTC,SELL,0.0011,9970000.000,2024-07-19 01:20:08.361
BTC,SELL,0.0002,9970000.000,2024-07-19 01:20:08.361
BTC,SELL,0.0024,9968943.000,2024-07-19 01:20:08.361
BTC,BUY,0.0140,9972499.000,2024-07-19 01:20:27.825
BTC,SELL,0.0140,9971534.000,2024-07-19 01:20:55.323
BTC,BUY,0.0050,9973000.000,2024-07-19 01:20:56.661
BTC,BUY,0.0005,9973000.000,2024-07-19 01:21:41.382
BTC,BUY,0.0011,9973000.000,2024-07-19 01:21:42.663
BTC,BUY,0.1400,9973000.000,2024-07-19 01:21:46.358
BTC,BUY,0.0034,9973000.000,2024-07-19 01:21:46.549
BTC,BUY,0.0060,9979998.000,2024-07-19 01:21:47.195
BTC,BUY,0.0050,9983546.000,2024-07-19 01:21:49.105
BTC,BUY,0.0240,9991600.000,2024-07-19 01:22:08.006
BTC,BUY,0.0030,9994611.000,2024-07-19 01:22:32.581
BTC,BUY,0.0025,9994600.000,2024-07-19 01:22:34.009
BTC,BUY,0.0010,9994350.000,2024-07-19 01:22:45.273
BTC,BUY,0.0002,9995526.000,2024-07-19 01:23:44.969
BTC,BUY,0.0002,9996198.000,2024-07-19 01:23:44.969
BTC,BUY,0.0011,10000000.000,2024-07-19 01:23:44.969
BTC,BUY,0.0427,10001108.000,2024-07-19 01:23:44.969
BTC,BUY,0.0002,10001642.000,2024-07-19 01:23:46.022
BTC,SELL,0.0125,9999280.000,2024-07-19 01:24:03.564
BTC,SELL,0.0375,9999201.000,2024-07-19 01:24:03.564
BTC,SELL,0.0070,9998992.000,2024-07-19 01:24:24.934
BTC,BUY,0.0080,10004000.000,2024-07-19 01:24:25.044
BTC,BUY,0.0022,10005993.000,2024-07-19 01:25:02.696
BTC,BUY,0.0001,10005900.000,2024-07-19 01:25:09.420
BTC,BUY,0.0001,10005799.000,2024-07-19 01:25:15.149
BTC,BUY,0.0025,10005799.000,2024-07-19 01:25:15.543
BTC,BUY,0.0002,10010000.000,2024-07-19 01:26:26.052
BTC,BUY,0.0020,10010000.000,2024-07-19 01:26:37.477
BTC,BUY,0.0009,10010000.000,2024-07-19 01:26:39.772
BTC,BUY,0.0100,10010000.000,2024-07-19 01:26:40.531
BTC,BUY,0.0009,10010000.000,2024-07-19 01:26:40.720
BTC,BUY,0.0011,10010000.000,2024-07-19 01:26:40.720
BTC,BUY,0.0004,10010000.000,2024-07-19 01:26:40.720
BTC,BUY,0.0060,10010000.000,2024-07-19 01:26:40.778
BTC,BUY,0.0080,10016899.000,2024-07-19 01:27:24.245
BTC,BUY,0.0050,10016850.000,2024-07-19 01:27:24.283
BTC,BUY,0.0005,10016176.000,2024-07-19 01:27:36.260
BTC,BUY,0.0002,10016333.000,2024-07-19 01:27:59.651
BTC,BUY,0.0048,10017000.000,2024-07-19 01:27:59.651
BTC,SELL,0.0005,10016999.000,2024-07-19 01:30:03.200
BTC,BUY,0.0052,10017000.000,2024-07-19 01:30:07.711
BTC,BUY,0.0002,10017000.000,2024-07-19 01:30:07.711
BTC,BUY,0.0002,10017805.000,2024-07-19 01:30:09.115
BTC,BUY,0.0011,10020000.000,2024-07-19 01:30:09.115
BTC,BUY,0.0004,10020000.000,2024-07-19 01:30:09.115
BTC,BUY,0.0033,10026286.000,2024-07-19 01:30:09.115
BTC,BUY,0.0002,10026286.000,2024-07-19 01:30:22.610
BTC,BUY,0.0001,10027378.000,2024-07-19 01:30:22.610
BTC,BUY,0.0342,10028951.000,2024-07-19 01:30:22.610
BTC,BUY,0.0052,10029415.000,2024-07-19 01:30:22.610
BTC,BUY,0.0010,10030000.000,2024-07-19 01:30:22.610
BTC,BUY,0.0004,10030000.000,2024-07-19 01:30:22.610
BTC,BUY,0.0200,10030000.000,2024-07-19 01:30:22.610
BTC,BUY,0.0383,10030610.000,2024-07-19 01:30:22.610
BTC,BUY,0.0001,10032025.000,2024-07-19 01:30:22.610
BTC,BUY,0.0005,10032365.000,2024-07-19 01:30:22.610
BTC,SELL,0.0008,10034626.000,2024-07-19 01:30:37.626
BTC,SELL,0.0992,10034626.000,2024-07-19 01:30:37.816
BTC,SELL,0.0010,10026578.000,2024-07-19 01:30:40.000
BTC,SELL,0.0568,10032591.000,2024-07-19 01:30:40.706
BTC,SELL,0.0240,10030437.000,2024-07-19 01:30:46.648
BTC,BUY,0.0001,10030202.000,2024-07-19 01:31:06.957
BTC,BUY,0.0001,10030349.000,2024-07-19 01:31:09.752
BTC,BUY,0.0002,10019590.000,2024-07-19 01:32:18.090
BTC,BUY,0.0012,10024165.000,2024-07-19 01:32:18.090
BTC,BUY,0.0036,10027678.000,2024-07-19 01:32:18.090
BTC,BUY,0.0002,10024148.000,2024-07-19 01:33:48.714
BTC,BUY,0.0048,10031000.000,2024-07-19 01:33:48.714
BTC,BUY,0.0950,10025791.000,2024-07-19 01:34:03.907
BTC,SELL,0.0600,10020630.000,2024-07-19 01:34:19.093
BTC,BUY,0.0002,10025000.000,2024-07-19 01:36:44.018
BTC,SELL,0.0090,10026731.000,2024-07-19 01:36:48.562
BTC,SELL,0.0095,10024131.000,2024-07-19 01:36:48.562
BTC,SELL,0.0115,10023280.000,2024-07-19 01:36:48.562
BTC,BUY,0.1000,10028519.000,2024-07-19 01:37:15.465
BTC,BUY,0.1000,10028519.000,2024-07-19 01:37:15.465
BTC,BUY,0.0062,10027917.000,2024-07-19 01:37:22.063
BTC,BUY,0.1000,10027917.000,2024-07-19 01:37:22.063
BTC,BUY,0.0938,10027918.000,2024-07-19 01:37:22.063
BTC,BUY,0.0002,10030000.000,2024-07-19 01:37:27.687
BTC,BUY,0.1000,10030250.000,2024-07-19 01:37:27.687
BTC,BUY,0.0052,10031000.000,2024-07-19 01:37:27.687
BTC,BUY,0.0600,10033505.000,2024-07-19 01:37:27.687
BTC,BUY,0.0040,10033745.000,2024-07-19 01:37:27.687
BTC,BUY,0.0306,10034139.000,2024-07-19 01:37:27.687
BTC,BUY,0.0019,10033827.000,2024-07-19 01:37:49.529
BTC,BUY,0.1000,10031475.000,2024-07-19 01:38:01.856
BTC,BUY,0.0077,10033827.000,2024-07-19 01:38:01.856
BTC,BUY,0.0923,10036080.000,2024-07-19 01:38:01.856
BTC,BUY,0.1000,10032810.000,2024-07-19 01:38:05.651
BTC,BUY,0.1000,10036049.000,2024-07-19 01:38:05.651
BTC,BUY,0.1000,10033362.000,2024-07-19 01:38:09.581
BTC,BUY,0.0498,10038315.000,2024-07-19 01:38:09.581
BTC,BUY,0.0502,10039260.000,2024-07-19 01:38:09.581
BTC,BUY,0.0500,10034723.000,2024-07-19 01:38:13.172
BTC,BUY,0.1000,10034724.000,2024-07-19 01:38:13.172
BTC,BUY,0.0498,10038862.000,2024-07-19 01:38:13.172
BTC,BUY,0.0002,10039348.000,2024-07-19 01:38:13.172
BTC,BUY,0.1000,10034184.000,2024-07-19 01:38:18.021
BTC,BUY,0.0498,10038481.000,2024-07-19 01:38:18.021
BTC,BUY,0.0298,10039348.000,2024-07-19 01:38:18.021
BTC,BUY,0.0001,10039711.000,2024-07-19 01:38:18.021
BTC,BUY,0.0203,10039790.000,2024-07-19 01:38:18.021
BTC,SELL,0.0300,10035578.000,2024-07-19 01:38:27.966
BTC,BUY,0.0066,10034674.000,2024-07-19 01:38:40.974
BTC,BUY,0.1000,10033987.000,2024-07-19 01:38:50.011
BTC,BUY,0.0066,10038700.000,2024-07-19 01:38:50.011
BTC,BUY,0.0934,10038730.000,2024-07-19 01:38:50.011
BTC,BUY,0.0001,10039790.000,2024-07-19 01:38:51.611
BTC,SELL,0.0028,10036325.000,2024-07-19 01:39:16.465
BTC,BUY,0.0073,10035557.000,2024-07-19 01:39:33.975
BTC,BUY,0.0010,10036240.000,2024-07-19 01:39:56.446
BTC,BUY,0.0010,10040000.000,2024-07-19 01:42:08.602
BTC,BUY,0.0004,10040000.000,2024-07-19 01:42:08.602
BTC,BUY,0.0002,10040000.000,2024-07-19 01:42:08.602
BTC,BUY,0.0001,10041835.000,2024-07-19 01:42:24.493
BTC,BUY,0.0001,10048283.000,2024-07-19 01:43:41.356
BTC,BUY,0.0035,10049420.000,2024-07-19 01:43:41.356
BTC,BUY,0.0042,10049920.000,2024-07-19 01:43:41.356
BTC,BUY,0.0062,10050000.000,2024-07-19 01:43:41.356
BTC,BUY,0.0010,10050000.000,2024-07-19 01:43:50.510
BTC,BUY,0.0008,10050000.000,2024-07-19 01:44:04.852
BTC,BUY,0.0001,10050000.000,2024-07-19 01:44:19.513
BTC,BUY,0.0100,10050000.000,2024-07-19 01:45:01.162
BTC,BUY,0.0010,10050000.000,2024-07-19 01:45:05.520
BTC,BUY,0.0017,10049999.000,2024-07-19 01:46:22.250
BTC,BUY,0.0023,10046676.000,2024-07-19 01:46:31.502
BTC,BUY,0.0001,10050000.000,2024-07-19 01:46:36.432
BTC,BUY,0.0002,10049999.000,2024-07-19 01:46:53.716
BTC,BUY,0.0001,10050000.000,2024-07-19 01:48:07.144
BTC,BUY,0.0107,10050000.000,2024-07-19 01:48:07.344
BTC,BUY,0.0010,10050000.000,2024-07-19 01:48:07.344
BTC,BUY,0.0100,10050000.000,2024-07-19 01:48:07.344
BTC,BUY,0.0004,10050000.000,2024-07-19 01:48:07.344
BTC,BUY,0.0005,10050000.000,2024-07-19 01:48:07.344
BTC,BUY,0.0002,10050000.000,2024-07-19 01:48:07.344
BTC,BUY,0.0010,10057851.000,2024-07-19 01:48:21.643
BTC,BUY,0.0003,10060000.000,2024-07-19 01:49:38.893
BTC,BUY,0.0007,10060000.000,2024-07-19 01:50:59.046
BTC,BUY,0.0004,10060000.000,2024-07-19 01:50:59.046
BTC,SELL,0.0050,10069919.000,2024-07-19 01:51:19.842
BTC,SELL,0.0050,10069919.000,2024-07-19 01:51:20.269
BTC,BUY,0.0002,10069920.000,2024-07-19 01:51:21.809
BTC,BUY,0.0048,10069920.000,2024-07-19 01:51:21.809
BTC,BUY,0.0050,10069920.000,2024-07-19 01:51:22.220
BTC,BUY,0.0002,10069280.000,2024-07-19 01:51:27.858
BTC,BUY,0.0125,10069920.000,2024-07-19 01:51:41.531
BTC,BUY,0.0010,10070000.000,2024-07-19 01:51:41.531
BTC,BUY,0.0004,10070000.000,2024-07-19 01:51:41.531
BTC,BUY,0.0500,10070000.000,2024-07-19 01:51:41.531
BTC,BUY,0.0361,10070000.000,2024-07-19 01:51:41.531
BTC,BUY,0.0001,10069465.000,2024-07-19 01:51:59.473
BTC,BUY,0.0006,10069465.000,2024-07-19 01:52:00.408
BTC,SELL,0.0096,10059999.000,2024-07-19 01:52:24.227
BTC,BUY,0.0005,10058775.000,2024-07-19 01:53:17.081
BTC,SELL,0.0008,10054900.000,2024-07-19 01:54:06.529
BTC,BUY,0.0001,10056220.000,2024-07-19 01:54:21.004
BTC,SELL,0.0001,10059922.000,2024-07-19 01:58:15.028
BTC,BUY,0.0001,10061000.000,2024-07-19 01:59:36.768
BTC,BUY,0.0002,10061000.000,2024-07-19 01:59:36.768
BTC,BUY,0.0057,10061630.000,2024-07-19 01:59:36.768
BTC,BUY,0.0002,10061332.000,2024-07-19 01:59:44.959
BTC,BUY,0.0011,10061348.000,2024-07-19 01:59:44.959
BTC,BUY,0.0002,10061412.000,2024-07-19 01:59:49.645
BTC,SELL,0.0478,10061721.000,2024-07-19 02:00:02.652
BTC,SELL,0.0004,10061721.000,2024-07-19 02:00:03.971
BTC,BUY,0.0001,10066002.000,2024-07-19 02:00:26.008
BTC,SELL,0.0003,10063600.000,2024-07-19 02:00:37.991
BTC,BUY,0.0001,10061722.000,2024-07-19 02:02:01.786
BTC,BUY,0.0007,10063292.000,2024-07-19 02:03:13.944
BTC,BUY,0.0001,10068287.000,2024-07-19 02:04:18.616
BTC,BUY,0.0139,10068427.000,2024-07-19 02:04:18.616
BTC,BUY,0.0008,10069525.000,2024-07-19 02:06:46.184
BTC,BUY,0.0001,10070667.000,2024-07-19 02:07:29.931
BTC,BUY,0.0010,10071590.000,2024-07-19 02:10:39.677
BTC,SELL,0.0001,10070023.000,2024-07-19 02:11:08.963
BTC,BUY,0.0002,10075000.000,2024-07-19 02:11:29.372
BTC,BUY,0.0008,10075280.000,2024-07-19 02:11:29.372
BTC,BUY,0.0260,10073098.000,2024-07-19 02:13:30.710
BTC,BUY,0.0001,10075676.000,2024-07-19 02:17:41.615
BTC,BUY,0.0005,10075712.000,2024-07-19 02:17:56.587
BTC,BUY,0.0001,10074315.000,2024-07-19 02:19:05.796
BTC,BUY,0.0005,10074770.000,2024-07-19 02:19:10.534
BTC,SELL,0.0039,10072600.000,2024-07-19 02:19:22.609
BTC,SELL,0.0261,10071079.000,2024-07-19 02:19:22.609
BTC,SELL,0.0016,10065938.000,2024-07-19 02:21:19.979
BTC,SELL,0.0013,10063292.000,2024-07-19 02:21:28.470
BTC,BUY,0.0200,10063634.000,2024-07-19 02:21:44.683
BTC,SELL,0.0047,10063292.000,2024-07-19 02:21:46.001
BTC,SELL,0.0025,10063292.000,2024-07-19 02:21:46.372
BTC,SELL,0.0001,10061721.000,2024-07-19 02:21:51.472
BTC,SELL,0.0006,10060483.000,2024-07-19 02:21:56.966
BTC,SELL,0.0001,10060000.000,2024-07-19 02:22:57.961
BTC,SELL,0.0002,10060000.000,2024-07-19 02:22:57.961
BTC,SELL,0.0011,10056906.000,2024-07-19 02:23:03.461
BTC,SELL,0.0001,10055676.000,2024-07-19 02:24:14.968
BTC,SELL,0.0001,10055000.000,2024-07-19 02:24:20.456
BTC,SELL,0.0002,10054900.000,2024-07-19 02:24:20.456
BTC,SELL,0.0040,10054386.000,2024-07-19 02:24:25.958
BTC,BUY,0.0004,10058945.000,2024-07-19 02:25:11.964
BTC,SELL,0.1000,10058943.000,2024-07-19 02:25:12.687
BTC,BUY,0.0010,10057962.000,2024-07-19 02:25:18.264
BTC,BUY,0.0100,10057996.000,2024-07-19 02:25:36.735
BTC,BUY,0.0100,10057996.000,2024-07-19 02:25:38.480
BTC,BUY,0.0100,10059910.000,2024-07-19 02:25:40.962
BTC,BUY,0.0100,10060555.000,2024-07-19 02:25:43.972
BTC,BUY,0.0100,10060555.000,2024-07-19 02:25:45.444
BTC,BUY,0.0005,10063132.000,2024-07-19 02:26:04.653
BTC,SELL,0.0004,10058250.000,2024-07-19 02:26:35.989
BTC,BUY,0.0028,10060796.000,2024-07-19 02:26:57.988
BTC,BUY,0.0002,10061520.000,2024-07-19 02:27:04.363
BTC,BUY,0.0001,10062580.000,2024-07-19 02:27:09.428
BTC,BUY,0.0014,10063640.000,2024-07-19 02:27:45.244
BTC,BUY,0.0001,10064188.000,2024-07-19 02:27:50.433
BTC,BUY,0.0010,10066000.000,2024-07-19 02:28:32.451
BTC,SELL,0.0100,10065999.000,2024-07-19 02:29:42.743
BTC,BUY,0.0020,10066000.000,2024-07-19 02:31:14.238
BTC,BUY,0.0001,10066000.000,2024-07-19 02:31:18.493
BTC,BUY,0.0001,10066000.000,2024-07-19 02:33:34.920
BTC,BUY,0.0018,10066000.000,2024-07-19 02:33:55.013
BTC,BUY,0.0001,10066290.000,2024-07-19 02:33:55.013
BTC,BUY,0.0001,10066451.000,2024-07-19 02:34:25.890
BTC,BUY,0.0009,10068411.000,2024-07-19 02:34:25.890
BTC,BUY,0.0019,10068411.000,2024-07-19 02:35:19.694
BTC,BUY,0.0035,10069565.000,2024-07-19 02:35:26.022
BTC,BUY,0.0010,10065202.000,2024-07-19 02:36:23.969
BTC,BUY,0.0001,10062089.000,2024-07-19 02:39:14.404
BTC,BUY,0.0100,10060358.000,2024-07-19 02:40:48.998
BTC,BUY,0.0052,10060358.000,2024-07-19 02:40:49.598
BTC,BUY,0.0004,10061852.000,2024-07-19 02:40:49.598
BTC,BUY,0.0046,10065760.000,2024-07-19 02:40:54.475
BTC,BUY,0.0225,10066820.000,2024-07-19 02:41:04.483
BTC,BUY,0.0020,10069369.000,2024-07-19 02:41:09.961
BTC,BUY,0.0051,10069369.000,2024-07-19 02:41:36.482
BTC,BUY,0.0003,10069360.000,2024-07-19 02:41:38.742
BTC,SELL,0.0166,10064050.000,2024-07-19 02:41:39.634
BTC,BUY,0.0009,10064345.000,2024-07-19 02:42:42.484
BTC,BUY,0.0005,10063999.000,2024-07-19 02:43:05.842
BTC,BUY,0.0003,10063570.000,2024-07-19 02:43:55.884
BTC,BUY,0.0082,10064720.000,2024-07-19 02:44:47.972
BTC,BUY,0.0100,10065760.000,2024-07-19 02:45:18.969
BTC,BUY,0.0090,10066290.000,2024-07-19 02:45:24.463
BTC,BUY,0.0100,10066820.000,2024-07-19 02:45:29.967
BTC,BUY,0.0123,10069369.000,2024-07-19 02:45:35.466
BTC,BUY,0.0100,10069369.000,2024-07-19 02:45:40.964
BTC,BUY,0.0055,10069369.000,2024-07-19 02:46:04.595
BTC,BUY,0.0032,10069369.000,2024-07-19 02:46:08.179
BTC,BUY,0.0119,10069369.000,2024-07-19 02:46:14.376
BTC,BUY,0.0381,10070530.000,2024-07-19 02:46:14.376
BTC,BUY,0.0125,10070603.000,2024-07-19 02:46:28.475
BTC,BUY,0.0175,10070639.000,2024-07-19 02:46:28.475
BTC,SELL,0.0002,10066150.000,2024-07-19 02:46:31.232
BTC,BUY,0.0100,10066820.000,2024-07-19 02:46:33.992
BTC,BUY,0.0100,10067880.000,2024-07-19 02:46:39.494
BTC,BUY,0.0010,10070530.000,2024-07-19 02:46:44.138
BTC,BUY,0.0030,10070639.000,2024-07-19 02:46:44.998
BTC,BUY,0.0090,10070639.000,2024-07-19 02:46:50.456
BTC,BUY,0.0084,10070639.000,2024-07-19 02:46:56.040
BTC,BUY,0.0088,10070639.000,2024-07-19 02:47:01.608
BTC,BUY,0.0033,10070639.000,2024-07-19 02:47:21.961
BTC,BUY,0.0070,10071060.000,2024-07-19 02:47:31.623
BTC,SELL,0.0210,10065055.000,2024-07-19 02:47:37.979
BTC,BUY,0.0247,10066820.000,2024-07-19 02:48:17.207
BTC,SELL,0.0001,10064000.000,2024-07-19 02:49:29.960
BTC,BUY,0.0029,10064001.000,2024-07-19 02:49:32.891
BTC,SELL,0.0050,10060156.000,2024-07-19 02:49:39.968
BTC,SELL,0.0038,10057635.000,2024-07-19 02:50:17.010
BTC,SELL,0.0009,10058339.000,2024-07-19 02:50:50.223
BTC,SELL,0.0002,10057007.000,2024-07-19 02:50:52.193
BTC,SELL,0.0001,10057007.000,2024-07-19 02:50:52.472
BTC,BUY,0.0005,10052592.000,2024-07-19 02:50:54.843
BTC,SELL,0.0011,10050009.000,2024-07-19 02:50:57.964
BTC,SELL,0.0100,10050000.000,2024-07-19 02:51:03.457
BTC,SELL,0.0010,10050000.000,2024-07-19 02:51:03.457
BTC,SELL,0.0021,10049250.000,2024-07-19 02:51:03.457
BTC,SELL,0.0004,10047545.000,2024-07-19 02:51:08.990
BTC,SELL,0.1000,10041950.000,2024-07-19 02:51:10.555
BTC,BUY,0.0100,10042970.000,2024-07-19 02:51:14.464
BTC,BUY,0.0100,10045090.000,2024-07-19 02:51:27.000
BTC,SELL,0.0380,10042555.000,2024-07-19 02:51:39.495
BTC,SELL,0.0570,10042551.000,2024-07-19 02:51:39.495
BTC,BUY,0.0100,10045090.000,2024-07-19 02:51:46.000
BTC,BUY,0.0012,10046680.000,2024-07-19 02:51:51.499
BTC,BUY,0.0100,10048270.000,2024-07-19 02:53:41.969
BTC,BUY,0.0100,10049330.000,2024-07-19 02:53:51.960
BTC,BUY,0.0052,10050390.000,2024-07-19 02:54:07.986
BTC,BUY,0.0001,10058194.000,2024-07-19 02:55:51.384
BTC,BUY,0.0010,10058194.000,2024-07-19 02:55:53.278
BTC,BUY,0.1990,10059400.000,2024-07-19 02:55:53.278
BTC,BUY,0.0200,10059577.000,2024-07-19 02:55:57.654
BTC,BUY,0.1800,10060000.000,2024-07-19 02:55:57.654
BTC,BUY,0.0001,10060000.000,2024-07-19 02:56:00.288
BTC,BUY,0.2000,10060000.000,2024-07-19 02:56:04.932
BTC,BUY,0.1502,10060000.000,2024-07-19 02:56:12.781
BTC,BUY,0.0498,10060990.000,2024-07-19 02:56:12.781
BTC,BUY,0.2000,10061520.000,2024-07-19 02:56:20.119
BTC,BUY,0.1000,10061950.000,2024-07-19 02:56:29.367
BTC,BUY,0.0882,10062395.000,2024-07-19 02:56:29.367
BTC,BUY,0.0050,10062395.000,2024-07-19 02:56:29.367
BTC,BUY,0.0068,10063110.000,2024-07-19 02:56:29.367
BTC,BUY,0.1000,10058687.000,2024-07-19 02:56:39.803
BTC,BUY,0.1000,10063640.000,2024-07-19 02:56:39.803
BTC,BUY,0.2000,10064170.000,2024-07-19 02:56:46.459
BTC,BUY,0.0005,10065758.000,2024-07-19 02:56:47.546
BTC,BUY,0.0166,10068350.000,2024-07-19 02:56:49.705
BTC,BUY,0.0784,10068358.000,2024-07-19 02:56:49.705
BTC,BUY,0.0123,10066773.000,2024-07-19 02:56:59.356
BTC,BUY,0.0530,10066774.000,2024-07-19 02:56:59.356
BTC,BUY,0.0095,10067109.000,2024-07-19 02:56:59.356
BTC,BUY,0.0257,10067109.000,2024-07-19 02:56:59.356
BTC,BUY,0.0155,10068831.000,2024-07-19 02:56:59.356
BTC,BUY,0.0050,10069768.000,2024-07-19 02:56:59.356
BTC,BUY,0.0790,10070000.000,2024-07-19 02:56:59.356
BTC,SELL,0.0028,10060130.000,2024-07-19 02:57:00.092
BTC,BUY,0.0300,10060309.000,2024-07-19 02:57:10.774
BTC,BUY,0.1700,10060990.000,2024-07-19 02:57:10.774
BTC,BUY,0.2000,10061520.000,2024-07-19 02:57:16.559
BTC,BUY,0.2000,10061870.000,2024-07-19 02:57:25.029
BTC,BUY,0.0100,10061871.000,2024-07-19 02:57:36.269
BTC,BUY,0.1900,10063110.000,2024-07-19 02:57:36.269
BTC,BUY,0.0100,10062708.000,2024-07-19 02:57:41.207
BTC,BUY,0.1900,10063640.000,2024-07-19 02:57:41.207
BTC,BUY,0.0020,10064168.000,2024-07-19 02:58:28.271
BTC,BUY,0.0050,10064700.000,2024-07-19 02:58:40.922
BTC,BUY,0.0200,10065652.000,2024-07-19 02:58:55.489
BTC,BUY,0.1800,10065760.000,2024-07-19 02:58:55.489
BTC,BUY,0.0200,10066609.000,2024-07-19 02:59:07.073
BTC,BUY,0.1800,10067350.000,2024-07-19 02:59:07.073
BTC,BUY,0.2000,10067880.000,2024-07-19 02:59:13.114
BTC,BUY,0.2000,10068940.000,2024-07-19 02:59:22.190
BTC,BUY,0.0010,10069468.000,2024-07-19 02:59:27.194
BTC,BUY,0.0050,10069467.000,2024-07-19 02:59:31.840
BTC,SELL,0.0050,10069466.000,2024-07-19 02:59:44.877
BTC,SELL,0.0050,10069999.000,2024-07-19 02:59:52.499
BTC,SELL,0.0004,10066156.000,2024-07-19 02:59:52.499
BTC,SELL,0.0041,10066161.000,2024-07-19 02:59:58.464
BTC,BUY,0.0002,10067880.000,2024-07-19 03:00:04.135
BTC,BUY,0.0001,10067880.000,2024-07-19 03:00:04.181
BTC,BUY,0.0010,10068940.000,2024-07-19 03:00:07.596
BTC,BUY,0.0010,10068940.000,2024-07-19 03:00:07.623
BTC,BUY,0.0004,10070000.000,2024-07-19 03:00:25.920
BTC,BUY,0.0019,10070000.000,2024-07-19 03:00:25.961
BTC,BUY,0.0001,10069999.000,2024-07-19 03:00:54.139
BTC,BUY,0.0022,10070000.000,2024-07-19 03:01:01.061
BTC,BUY,0.0043,10070530.000,2024-07-19 03:01:11.059
BTC,BUY,0.0041,10070990.000,2024-07-19 03:01:31.565
BTC,SELL,0.0475,10068902.000,2024-07-19 03:01:49.300
BTC,BUY,0.0090,10072650.000,2024-07-19 03:01:53.095
BTC,BUY,0.0045,10072650.000,2024-07-19 03:01:53.099
BTC,BUY,0.0004,10074770.000,2024-07-19 03:02:01.050
BTC,BUY,0.0100,10075830.000,2024-07-19 03:02:07.060
BTC,BUY,0.0100,10076360.000,2024-07-19 03:02:12.569
BTC,BUY,0.0010,10076890.000,2024-07-19 03:02:18.078
BTC,BUY,0.0475,10079200.000,2024-07-19 03:02:18.550
BTC,BUY,0.0525,10079540.000,2024-07-19 03:02:18.550
BTC,BUY,0.0010,10080000.000,2024-07-19 03:03:07.079
BTC,BUY,0.0004,10080000.000,2024-07-19 03:03:07.079
BTC,BUY,0.0073,10080000.000,2024-07-19 03:03:07.079
BTC,BUY,0.0027,10080000.000,2024-07-19 03:03:21.568
BTC,BUY,0.0073,10080000.000,2024-07-19 03:03:21.568
BTC,BUY,0.0027,10080000.000,2024-07-19 03:03:31.595
BTC,BUY,0.0100,10084885.000,2024-07-19 03:03:37.089
BTC,BUY,0.0010,10090000.000,2024-07-19 03:03:49.709
BTC,BUY,0.0004,10090000.000,2024-07-19 03:03:49.709
BTC,BUY,0.0020,10090000.000,2024-07-19 03:03:49.709
BTC,BUY,0.0009,10090000.000,2024-07-19 03:03:49.709
BTC,BUY,0.0010,10092260.000,2024-07-19 03:03:49.783
BTC,SELL,0.0050,10088555.000,2024-07-19 03:03:57.828
BTC,BUY,0.0050,10089610.000,2024-07-19 03:03:59.799
BTC,BUY,0.0142,10089610.000,2024-07-19 03:04:00.062
BTC,BUY,0.0100,10090670.000,2024-07-19 03:04:10.119
BTC,SELL,0.0300,10088655.000,2024-07-19 03:04:15.610
BTC,BUY,0.0046,10091200.000,2024-07-19 03:04:30.131
BTC,BUY,0.0090,10089884.000,2024-07-19 03:04:40.090
BTC,SELL,0.0050,10092457.000,2024-07-19 03:04:52.213
BTC,BUY,0.0050,10093850.000,2024-07-19 03:04:54.224
BTC,BUY,0.0050,10095970.000,2024-07-19 03:05:05.502
BTC,BUY,0.0200,10095368.000,2024-07-19 03:05:05.838
BTC,BUY,0.0300,10095368.000,2024-07-19 03:05:05.841
BTC,BUY,0.0151,10095368.000,2024-07-19 03:05:05.852
BTC,BUY,0.0349,10095368.000,2024-07-19 03:05:05.960
BTC,BUY,0.0100,10096000.000,2024-07-19 03:05:05.960
BTC,BUY,0.0050,10099000.000,2024-07-19 03:05:06.435
BTC,BUY,0.0010,10100000.000,2024-07-19 03:05:06.435
BTC,BUY,0.0004,10100000.000,2024-07-19 03:05:06.435
BTC,BUY,0.0005,10100000.000,2024-07-19 03:05:06.435
BTC,BUY,0.0041,10100000.000,2024-07-19 03:05:06.435
BTC,BUY,0.0001,10100000.000,2024-07-19 03:05:06.575
BTC,BUY,0.0050,10100000.000,2024-07-19 03:05:08.841
BTC,BUY,0.0008,10100000.000,2024-07-19 03:05:12.066
BTC,BUY,0.0020,10100000.000,2024-07-19 03:05:12.066
BTC,BUY,0.0070,10100000.000,2024-07-19 03:05:12.066
BTC,BUY,0.0173,10100000.000,2024-07-19 03:05:12.066
BTC,BUY,0.0026,10100000.000,2024-07-19 03:05:12.066
BTC,BUY,0.0046,10100000.000,2024-07-19 03:05:15.475
BTC,BUY,0.0010,10100000.000,2024-07-19 03:05:43.689
BTC,BUY,0.0080,10100000.000,2024-07-19 03:05:44.561
BTC,BUY,0.0095,10100000.000,2024-07-19 03:05:44.561
BTC,BUY,0.0002,10100000.000,2024-07-19 03:05:44.561
BTC,BUY,0.0100,10100000.000,2024-07-19 03:05:44.561
BTC,BUY,0.0023,10100000.000,2024-07-19 03:05:44.561
BTC,SELL,0.0003,10099999.000,2024-07-19 03:05:57.607
BTC,BUY,0.0004,10100000.000,2024-07-19 03:06:03.787
BTC,BUY,0.0023,10100000.000,2024-07-19 03:06:36.424
BTC,BUY,0.0096,10100000.000,2024-07-19 03:06:36.424
BTC,SELL,0.0050,10099999.000,2024-07-19 03:06:52.934
BTC,BUY,0.0002,10092752.000,2024-07-19 03:07:26.580
BTC,BUY,0.0050,10095754.000,2024-07-19 03:07:26.580
BTC,BUY,0.0004,10098409.000,2024-07-19 03:07:26.580
BTC,BUY,0.0224,10098435.000,2024-07-19 03:07:26.580
BTC,BUY,0.0002,10092752.000,2024-07-19 03:07:54.209
BTC,BUY,0.0048,10094088.000,2024-07-19 03:07:54.209
BTC,SELL,0.0100,10082394.000,2024-07-19 03:10:03.593
BTC,SELL,0.0082,10085808.000,2024-07-19 03:10:41.739
BTC,BUY,0.0600,10094380.000,2024-07-19 03:12:51.595
BTC,BUY,0.0001,10094540.000,2024-07-19 03:13:28.025
BTC,BUY,0.0001,10094540.000,2024-07-19 03:13:59.215
BTC,BUY,0.0009,10094540.000,2024-07-19 03:14:27.939
BTC,BUY,0.0020,10094910.000,2024-07-19 03:14:27.939
BTC,BUY,0.0001,10095000.000,2024-07-19 03:15:40.645
BTC,SELL,0.0071,10090802.000,2024-07-19 03:16:33.120
BTC,BUY,0.0001,10094345.000,2024-07-19 03:17:11.290
BTC,BUY,0.0012,10095114.000,2024-07-19 03:18:46.093
BTC,BUY,0.0150,10095114.000,2024-07-19 03:18:48.903
BTC,BUY,0.0150,10095114.000,2024-07-19 03:18:48.960
BTC,BUY,0.1000,10095114.000,2024-07-19 03:18:48.964
BTC,BUY,0.0050,10095114.000,2024-07-19 03:18:49.720
BTC,BUY,0.0016,10095114.000,2024-07-19 03:18:51.563
BTC,BUY,0.0150,10095114.000,2024-07-19 03:18:54.531
BTC,BUY,0.0150,10095114.000,2024-07-19 03:18:54.769
BTC,BUY,0.0248,10095114.000,2024-07-19 03:18:55.054
BTC,BUY,0.0228,10095114.000,2024-07-19 03:18:55.242
BTC,BUY,0.1000,10095114.000,2024-07-19 03:18:55.243
BTC,BUY,0.1000,10095114.000,2024-07-19 03:18:55.391
BTC,BUY,0.0186,10095114.000,2024-07-19 03:18:55.756
BTC,BUY,0.0760,10095114.000,2024-07-19 03:18:56.007
BTC,BUY,0.0790,10095114.000,2024-07-19 03:18:56.436
BTC,BUY,0.1260,10095114.000,2024-07-19 03:18:56.499
BTC,BUY,0.0009,10095114.000,2024-07-19 03:18:56.499
BTC,BUY,0.0004,10100000.000,2024-07-19 03:18:59.056
BTC,BUY,0.0010,10100000.000,2024-07-19 03:18:59.056
BTC,BUY,0.0036,10100000.000,2024-07-19 03:18:59.056
BTC,BUY,0.0001,10100000.000,2024-07-19 03:19:32.959
BTC,BUY,0.0020,10100000.000,2024-07-19 03:20:22.433
BTC,BUY,0.0010,10100000.000,2024-07-19 03:20:22.433
BTC,BUY,0.0090,10100000.000,2024-07-19 03:20:33.322
BTC,BUY,0.0001,10100000.000,2024-07-19 03:20:33.322
BTC,BUY,0.0009,10100000.000,2024-07-19 03:20:33.322
BTC,BUY,0.0010,10100000.000,2024-07-19 03:20:43.797
BTC,BUY,0.0001,10100000.000,2024-07-19 03:21:03.568
BTC,BUY,0.0002,10100000.000,2024-07-19 03:21:33.239
BTC,BUY,0.0002,10100000.000,2024-07-19 03:22:02.962
BTC,BUY,0.0002,10100000.000,2024-07-19 03:22:02.962
BTC,BUY,0.0004,10110000.000,2024-07-19 03:22:35.690
BTC,BUY,0.0006,10110000.000,2024-07-19 03:22:35.690
BTC,BUY,0.0004,10110000.000,2024-07-19 03:22:35.755
BTC,BUY,0.0006,10110000.000,2024-07-19 03:22:35.755
BTC,BUY,0.0004,10110000.000,2024-07-19 03:22:35.799
BTC,BUY,0.0006,10110000.000,2024-07-19 03:22:35.799
BTC,BUY,0.0005,10106901.000,2024-07-19 03:23:11.368
BTC,BUY,0.0001,10106900.000,2024-07-19 03:24:11.244
BTC,BUY,0.0016,10102100.000,2024-07-19 03:25:16.520
BTC,BUY,0.0500,10102330.000,2024-07-19 03:25:29.854
BTC,BUY,0.0018,10102803.000,2024-07-19 03:26:03.708
BTC,BUY,0.0010,10102801.000,2024-07-19 03:26:08.786
BTC,SELL,0.0002,10100300.000,2024-07-19 03:26:14.527
BTC,BUY,0.0004,10101270.000,2024-07-19 03:26:16.621
BTC,BUY,0.0002,10101800.000,2024-07-19 03:26:23.590
BTC,SELL,0.0016,10096851.000,2024-07-19 03:26:37.614
BTC,BUY,0.0400,10097030.000,2024-07-19 03:26:40.010
BTC,SELL,0.0005,10097201.000,2024-07-19 03:26:47.575
BTC,SELL,0.0007,10097350.000,2024-07-19 03:26:53.065
BTC,BUY,0.0036,10098620.000,2024-07-19 03:27:20.975
BTC,BUY,0.1000,10099680.000,2024-07-19 03:28:13.533
BTC,BUY,0.0485,10099680.000,2024-07-19 03:28:13.535
BTC,BUY,0.0005,10101270.000,2024-07-19 03:28:16.673
BTC,BUY,0.0291,10102330.000,2024-07-19 03:28:20.313
BTC,SELL,0.0380,10097514.000,2024-07-19 03:28:30.761
BTC,BUY,0.0025,10100210.000,2024-07-19 03:28:54.978
BTC,SELL,0.0630,10098550.000,2024-07-19 03:29:01.940
BTC,SELL,0.0700,10098601.000,2024-07-19 03:29:05.123
BTC,SELL,0.0300,10098601.000,2024-07-19 03:29:05.123
BTC,BUY,0.0010,10101270.000,2024-07-19 03:29:21.629
BTC,SELL,0.0010,10098046.000,2024-07-19 03:29:30.444
BTC,SELL,0.0003,10097450.000,2024-07-19 03:29:48.468
BTC,BUY,0.0082,10101270.000,2024-07-19 03:30:54.476
BTC,SELL,0.0012,10101501.000,2024-07-19 03:31:10.644
BTC,SELL,0.0005,10101700.000,2024-07-19 03:31:17.594
BTC,SELL,0.0004,10101801.000,2024-07-19 03:31:23.100
BTC,BUY,0.0413,10103390.000,2024-07-19 03:31:43.281
BTC,BUY,0.1000,10103390.000,2024-07-19 03:31:43.695
BTC,BUY,0.0274,10105510.000,2024-07-19 03:31:50.026
BTC,BUY,0.0007,10107100.000,2024-07-19 03:32:18.068
BTC,SELL,0.0002,10108250.000,2024-07-19 03:32:44.772
BTC,BUY,0.0002,10109466.000,2024-07-19 03:33:05.561
BTC,BUY,0.0004,10109750.000,2024-07-19 03:33:19.542
BTC,BUY,0.0202,10111340.000,2024-07-19 03:34:26.428
BTC,BUY,0.0003,10111340.000,2024-07-19 03:34:26.432
BTC,SELL,0.0009,10111527.000,2024-07-19 03:34:36.338
BTC,BUY,0.0010,10111528.000,2024-07-19 03:35:20.013
BTC,BUY,0.0009,10111528.000,2024-07-19 03:35:25.608
BTC,SELL,0.0700,10109951.000,2024-07-19 03:37:23.120
BTC,SELL,0.0190,10109950.000,2024-07-19 03:37:23.120
BTC,SELL,0.0060,10109950.000,2024-07-19 03:37:23.299
BTC,SELL,0.0826,10109950.000,2024-07-19 03:37:23.299
BTC,BUY,0.0008,10111528.000,2024-07-19 03:38:50.115
BTC,BUY,0.0002,10110000.000,2024-07-19 03:39:55.921
BTC,BUY,0.0050,10110810.000,2024-07-19 03:40:04.841
BTC,BUY,0.0050,10110810.000,2024-07-19 03:40:05.114
BTC,BUY,0.0073,10111528.000,2024-07-19 03:40:05.416
BTC,BUY,0.0034,10114150.000,2024-07-19 03:40:05.913
BTC,BUY,0.0909,10115000.000,2024-07-19 03:40:05.913
BTC,BUY,0.0034,10115000.000,2024-07-19 03:40:07.307
BTC,BUY,0.0050,10115000.000,2024-07-19 03:40:07.901
BTC,BUY,0.0148,10115000.000,2024-07-19 03:40:08.082
BTC,BUY,0.0050,10115000.000,2024-07-19 03:40:08.381
BTC,BUY,0.1000,10115000.000,2024-07-19 03:40:08.929
BTC,BUY,0.0050,10115000.000,2024-07-19 03:40:09.402
BTC,BUY,0.0700,10115000.000,2024-07-19 03:40:09.604
BTC,BUY,0.0250,10115000.000,2024-07-19 03:40:10.890
BTC,BUY,0.1000,10115000.000,2024-07-19 03:40:11.212
BTC,BUY,0.1000,10115000.000,2024-07-19 03:40:20.537
BTC,BUY,0.0050,10115000.000,2024-07-19 03:40:22.148
BTC,BUY,0.0050,10115000.000,2024-07-19 03:40:22.658
BTC,BUY,0.1000,10115000.000,2024-07-19 03:40:22.991
BTC,BUY,0.0050,10115000.000,2024-07-19 03:40:23.616
BTC,BUY,0.0050,10115000.000,2024-07-19 03:40:24.260
BTC,BUY,0.3000,10115000.000,2024-07-19 03:40:24.403
BTC,BUY,0.0083,10115000.000,2024-07-19 03:40:24.560
BTC,BUY,0.0050,10115000.000,2024-07-19 03:40:24.630
BTC,BUY,0.0050,10115000.000,2024-07-19 03:40:26.662
BTC,BUY,0.0050,10115000.000,2024-07-19 03:40:27.160
BTC,BUY,0.0050,10115000.000,2024-07-19 03:40:28.696
BTC,BUY,0.0050,10115000.000,2024-07-19 03:40:29.202
BTC,BUY,0.0050,10115000.000,2024-07-19 03:40:29.327
BTC,BUY,0.0050,10115000.000,2024-07-19 03:40:34.281
BTC,BUY,0.0050,10115000.000,2024-07-19 03:40:40.892
BTC,SELL,0.0001,10114999.000,2024-07-19 03:40:42.007
BTC,BUY,0.0008,10115000.000,2024-07-19 03:40:42.682
BTC,BUY,0.0050,10115000.000,2024-07-19 03:40:44.434
BTC,BUY,0.0068,10115000.000,2024-07-19 03:40:46.472
BTC,BUY,0.0010,10120000.000,2024-07-19 03:40:46.472
BTC,BUY,0.0004,10120000.000,2024-07-19 03:40:46.472
BTC,BUY,0.0018,10120000.000,2024-07-19 03:40:46.472
BTC,SELL,0.0050,10119999.000,2024-07-19 03:40:47.813
BTC,SELL,0.0044,10119999.000,2024-07-19 03:40:48.241
BTC,SELL,0.0006,10119939.000,2024-07-19 03:40:48.241
BTC,BUY,0.0002,10120000.000,2024-07-19 03:40:49.820
BTC,BUY,0.0001,10120000.000,2024-07-19 03:40:49.820
BTC,BUY,0.0047,10120000.000,2024-07-19 03:40:49.820
BTC,BUY,0.0050,10120000.000,2024-07-19 03:40:50.236
BTC,BUY,0.0003,10120000.000,2024-07-19 03:41:36.806
BTC,BUY,0.0002,10120000.000,2024-07-19 03:41:36.806
BTC,BUY,0.0209,10120007.000,2024-07-19 03:41:36.806
BTC,BUY,0.0150,10120007.000,2024-07-19 03:41:36.873
BTC,BUY,0.0100,10120007.000,2024-07-19 03:41:37.456
BTC,BUY,0.0270,10120007.000,2024-07-19 03:41:37.658
BTC,BUY,0.0050,10120007.000,2024-07-19 03:41:38.300
BTC,BUY,0.0110,10120007.000,2024-07-19 03:41:38.603
BTC,BUY,0.0002,10122132.000,2024-07-19 03:41:38.791
BTC,BUY,0.0028,10123276.000,2024-07-19 03:41:38.791
BTC,BUY,0.0050,10125000.000,2024-07-19 03:41:44.860
BTC,BUY,0.0067,10125000.000,2024-07-19 03:41:45.438
BTC,BUY,0.0183,10125000.000,2024-07-19 03:41:49.937
BTC,BUY,0.0004,10130000.000,2024-07-19 03:41:55.836
BTC,BUY,0.0006,10130000.000,2024-07-19 03:41:55.836
BTC,BUY,0.0004,10130000.000,2024-07-19 03:42:09.311
BTC,BUY,0.0001,10130000.000,2024-07-19 03:42:09.311
BTC,BUY,0.0105,10131220.000,2024-07-19 03:42:09.311
BTC,BUY,0.0447,10131220.000,2024-07-19 03:42:10.153
BTC,SELL,0.0004,10132721.000,2024-07-19 03:42:36.413
BTC,BUY,0.0002,10135188.000,2024-07-19 03:42:41.949
BTC,BUY,0.0498,10136512.000,2024-07-19 03:42:41.949
BTC,BUY,0.0500,10138408.000,2024-07-19 03:42:45.869
BTC,BUY,0.0050,10138408.000,2024-07-19 03:42:45.956
BTC,BUY,0.0050,10138408.000,2024-07-19 03:42:46.469
BTC,BUY,0.0200,10138408.000,2024-07-19 03:42:46.797
BTC,BUY,0.0100,10138408.000,2024-07-19 03:42:47.662
BTC,BUY,0.0004,10140000.000,2024-07-19 03:42:47.897
BTC,BUY,0.0010,10140000.000,2024-07-19 03:42:47.897
BTC,BUY,0.0001,10140000.000,2024-07-19 03:42:47.897
BTC,BUY,0.0001,10140000.000,2024-07-19 03:42:47.897
BTC,BUY,0.0084,10140247.000,2024-07-19 03:42:47.897
BTC,BUY,0.0010,10140247.000,2024-07-19 03:42:47.970
BTC,BUY,0.0050,10140247.000,2024-07-19 03:42:47.972
BTC,SELL,0.0050,10140246.000,2024-07-19 03:42:51.826
BTC,SELL,0.0007,10140320.000,2024-07-19 03:42:52.219
BTC,SELL,0.0043,10140246.000,2024-07-19 03:42:52.219
BTC,BUY,0.0050,10147380.000,2024-07-19 03:42:53.996
BTC,BUY,0.0050,10148109.000,2024-07-19 03:42:54.301
BTC,BUY,0.0004,10148165.000,2024-07-19 03:43:26.492
BTC,SELL,0.0015,10140371.000,2024-07-19 03:43:49.067
BTC,SELL,0.0096,10139280.000,2024-07-19 03:43:52.557
BTC,SELL,0.0010,10139280.000,2024-07-19 03:43:52.627
BTC,BUY,0.0002,10140463.000,2024-07-19 03:43:59.333
BTC,BUY,0.0039,10141108.000,2024-07-19 03:43:59.333
BTC,BUY,0.0059,10143670.000,2024-07-19 03:43:59.333
BTC,SELL,0.0004,10140462.000,2024-07-19 03:43:59.796
BTC,SELL,0.0010,10141134.000,2024-07-19 03:44:15.304
BTC,SELL,0.0005,10141134.000,2024-07-19 03:44:37.067
BTC,SELL,0.0002,10142616.000,2024-07-19 03:44:51.565
BTC,SELL,0.0014,10142221.000,2024-07-19 03:44:51.565
BTC,SELL,0.0100,10142000.000,2024-07-19 03:46:14.855
BTC,BUY,0.0013,10142001.000,2024-07-19 03:46:34.959
BTC,SELL,0.0001,10142000.000,2024-07-19 03:46:57.417
BTC,SELL,0.0100,10142000.000,2024-07-19 03:46:57.665
BTC,SELL,0.0099,10142000.000,2024-07-19 03:46:57.667
BTC,BUY,0.0002,10135000.000,2024-07-19 03:49:49.857
BTC,BUY,0.0001,10136780.000,2024-07-19 03:50:07.268
BTC,SELL,0.0005,10134800.000,2024-07-19 03:51:47.738
BTC,BUY,0.0034,10137310.000,2024-07-19 03:52:38.468
BTC,BUY,0.0002,10138900.000,2024-07-19 03:52:43.339
BTC,SELL,0.0003,10136880.000,2024-07-19 03:53:10.777
BTC,SELL,0.0011,10137040.000,2024-07-19 03:53:17.637
BTC,SELL,0.0148,10136965.000,2024-07-19 03:53:17.637
BTC,BUY,0.0005,10138370.000,2024-07-19 03:53:50.525
BTC,BUY,0.0016,10139430.000,2024-07-19 03:53:56.207
BTC,BUY,0.5000,10139960.000,2024-07-19 03:54:25.005
BTC,SELL,0.0001,10143765.000,2024-07-19 03:55:43.125
BTC,BUY,0.0002,10145000.000,2024-07-19 03:55:45.901
BTC,BUY,0.0001,10147900.000,2024-07-19 03:55:55.992
BTC,SELL,0.0013,10144780.000,2024-07-19 03:56:18.390
BTC,SELL,0.0001,10144769.000,2024-07-19 03:57:41.124
BTC,SELL,0.0001,10144769.000,2024-07-19 03:57:41.988
BTC,SELL,0.0004,10144769.000,2024-07-19 03:57:56.564
BTC,BUY,0.0001,10145500.000,2024-07-19 03:58:49.434
BTC,BUY,0.0100,10145500.000,2024-07-19 03:59:16.812
BTC,BUY,0.0040,10145760.000,2024-07-19 03:59:16.812
BTC,BUY,0.5000,10145790.000,2024-07-19 03:59:16.812
BTC,BUY,0.0160,10146065.000,2024-07-19 03:59:16.812
BTC,BUY,0.2138,10146320.000,2024-07-19 03:59:16.812
BTC,BUY,0.0125,10146960.000,2024-07-19 03:59:37.660
BTC,BUY,0.0115,10147014.000,2024-07-19 03:59:37.660
BTC,BUY,0.0001,10147910.000,2024-07-19 03:59:48.464
BTC,BUY,0.1200,10147910.000,2024-07-19 03:59:48.623
BTC,SELL,0.0005,10146501.000,2024-07-19 04:00:16.753
BTC,SELL,0.0005,10146410.000,2024-07-19 04:00:57.839
BTC,SELL,0.0004,10144769.000,2024-07-19 04:01:01.480
BTC,SELL,0.0050,10143420.000,2024-07-19 04:01:15.803
BTC,BUY,0.0001,10144730.000,2024-07-19 04:01:54.710
BTC,SELL,0.0005,10148442.000,2024-07-19 04:03:38.160
BTC,BUY,0.0001,10150000.000,2024-07-19 04:03:40.866
BTC,SELL,0.0001,10148442.000,2024-07-19 04:03:41.395
BTC,BUY,0.0003,10150000.000,2024-07-19 04:04:12.766
BTC,BUY,0.0010,10150000.000,2024-07-19 04:04:12.766
BTC,BUY,0.0005,10150000.000,2024-07-19 04:04:12.766
BTC,BUY,0.0002,10150000.000,2024-07-19 04:04:12.766
BTC,SELL,0.0010,10148604.000,2024-07-19 04:04:37.887
BTC,SELL,0.0007,10146949.000,2024-07-19 04:04:53.782
BTC,SELL,0.0065,10143795.000,2024-07-19 04:04:53.782
BTC,SELL,0.0428,10140223.000,2024-07-19 04:04:53.782
BTC,BUY,0.0100,10142610.000,2024-07-19 04:05:22.540
BTC,SELL,0.0010,10143691.000,2024-07-19 04:05:43.270
BTC,BUY,0.0001,10143692.000,2024-07-19 04:05:47.166
BTC,SELL,0.0003,10143691.000,2024-07-19 04:06:15.677
BTC,SELL,0.0200,10140740.000,2024-07-19 04:06:38.487
BTC,SELL,0.0008,10140000.000,2024-07-19 04:07:22.382
BTC,SELL,0.0012,10140000.000,2024-07-19 04:07:25.491
BTC,SELL,0.0280,10140000.000,2024-07-19 04:07:26.223
BTC,SELL,0.0003,10140000.000,2024-07-19 04:07:27.375
BTC,SELL,0.0041,10140000.000,2024-07-19 04:07:28.533
BTC,SELL,0.0006,10140000.000,2024-07-19 04:07:32.232
BTC,SELL,0.0005,10140000.000,2024-07-19 04:07:32.232
BTC,BUY,0.0001,10140001.000,2024-07-19 04:07:33.369
BTC,BUY,0.0037,10140741.000,2024-07-19 04:08:24.850
BTC,SELL,0.0005,10140000.000,2024-07-19 04:09:12.246
BTC,BUY,0.0001,10132885.000,2024-07-19 04:09:39.586
BTC,BUY,0.0001,10135720.000,2024-07-19 04:11:25.681
BTC,BUY,0.0010,10136250.000,2024-07-19 04:11:34.484
BTC,BUY,0.0001,10137840.000,2024-07-19 04:12:14.913
BTC,BUY,0.0002,10138528.000,2024-07-19 04:13:09.758
BTC,SELL,0.0010,10135445.000,2024-07-19 04:13:26.599
BTC,BUY,0.0001,10137800.000,2024-07-19 04:13:31.948
BTC,BUY,0.0001,10136100.000,2024-07-19 04:15:18.001
BTC,BUY,0.0003,10134320.000,2024-07-19 04:17:19.118
BTC,BUY,0.0157,10134358.000,2024-07-19 04:19:01.905
BTC,BUY,0.0001,10134358.000,2024-07-19 04:22:00.231
BTC,SELL,0.0002,10132800.000,2024-07-19 04:24:07.027
BTC,BUY,0.0004,10132796.000,2024-07-19 04:25:10.938
BTC,SELL,0.0001,10132869.000,2024-07-19 04:25:46.520
BTC,BUY,0.0005,10134000.000,2024-07-19 04:26:01.394
BTC,BUY,0.0044,10134358.000,2024-07-19 04:26:30.891
BTC,BUY,0.0075,10136250.000,2024-07-19 04:27:26.366
BTC,BUY,0.0352,10137840.000,2024-07-19 04:31:09.961
BTC,BUY,0.0050,10138370.000,2024-07-19 04:31:47.348
BTC,BUY,0.0050,10138900.000,2024-07-19 04:31:47.832
BTC,BUY,0.0050,10141020.000,2024-07-19 04:32:06.168
BTC,BUY,0.0100,10141550.000,2024-07-19 04:32:06.704
BTC,BUY,0.0026,10144729.000,2024-07-19 04:35:59.784
BTC,BUY,0.0001,10141745.000,2024-07-19 04:38:25.972
BTC,SELL,0.0061,10138522.000,2024-07-19 04:39:18.704
BTC,SELL,0.0010,10138582.000,2024-07-19 04:40:30.556
BTC,SELL,0.0255,10138582.000,2024-07-19 04:40:31.507
BTC,BUY,0.0020,10136983.000,2024-07-19 04:40:46.885
BTC,BUY,0.0001,10136983.000,2024-07-19 04:40:58.143
BTC,SELL,0.0003,10137045.000,2024-07-19 04:42:48.806
BTC,SELL,0.0096,10137040.000,2024-07-19 04:42:48.806
BTC,BUY,0.2000,10138900.000,2024-07-19 04:44:08.231
BTC,BUY,0.0090,10137670.000,2024-07-19 04:44:59.304
BTC,BUY,0.0124,10137670.000,2024-07-19 04:44:59.304
BTC,BUY,0.0200,10138217.000,2024-07-19 04:44:59.304
BTC,BUY,0.0080,10138305.000,2024-07-19 04:44:59.304
BTC,BUY,0.0005,10140349.000,2024-07-19 04:44:59.304
BTC,BUY,0.0050,10140804.000,2024-07-19 04:44:59.304
BTC,BUY,0.0200,10140867.000,2024-07-19 04:44:59.304
BTC,BUY,0.0700,10143980.000,2024-07-19 04:44:59.304
BTC,BUY,0.0319,10143990.000,2024-07-19 04:44:59.304
BTC,BUY,0.0002,10144955.000,2024-07-19 04:44:59.304
BTC,BUY,0.0002,10145044.000,2024-07-19 04:44:59.304
BTC,BUY,0.0002,10146481.000,2024-07-19 04:44:59.304
BTC,BUY,0.0100,10146607.000,2024-07-19 04:44:59.304
BTC,BUY,0.0012,10147242.000,2024-07-19 04:44:59.304
BTC,BUY,0.0114,10148800.000,2024-07-19 04:44:59.304
BTC,BUY,0.0002,10148149.000,2024-07-19 04:46:54.945
BTC,SELL,0.0260,10141901.000,2024-07-19 04:49:03.440
BTC,SELL,0.0008,10140000.000,2024-07-19 04:52:13.284
BTC,SELL,0.0001,10140000.000,2024-07-19 04:52:18.631
BTC,SELL,0.0021,10140000.000,2024-07-19 04:52:19.644
BTC,SELL,0.0010,10140000.000,2024-07-19 04:52:24.172
BTC,SELL,0.0016,10140000.000,2024-07-19 04:53:37.554
BTC,SELL,0.0006,10140000.000,2024-07-19 04:53:41.580
BTC,SELL,0.0900,10140000.000,2024-07-19 04:53:43.733
BTC,SELL,0.0003,10140000.000,2024-07-19 04:53:43.759
BTC,BUY,0.0200,10140001.000,2024-07-19 04:53:54.251
BTC,BUY,0.0100,10140001.000,2024-07-19 04:53:54.251
BTC,BUY,0.0700,10140001.000,2024-07-19 04:53:54.251
BTC,BUY,0.1000,10140001.000,2024-07-19 04:53:54.251
BTC,SELL,0.0001,10140000.000,2024-07-19 04:54:25.481
BTC,SELL,0.0007,10140000.000,2024-07-19 04:54:54.530
BTC,SELL,0.0001,10140000.000,2024-07-19 04:54:55.448
BTC,SELL,0.0020,10140000.000,2024-07-19 04:54:55.946
BTC,SELL,0.0001,10140000.000,2024-07-19 04:54:56.201
BTC,SELL,0.0005,10140000.000,2024-07-19 04:57:28.963
BTC,SELL,0.0195,10137520.000,2024-07-19 04:57:28.963
BTC,BUY,0.0001,10136984.000,2024-07-19 04:59:39.402
BTC,SELL,0.0004,10136983.000,2024-07-19 04:59:51.828
BTC,SELL,0.0050,10135022.000,2024-07-19 04:59:53.216
BTC,SELL,0.0030,10130050.000,2024-07-19 04:59:59.578
BTC,SELL,0.0970,10130050.000,2024-07-19 05:00:09.299
BTC,SELL,0.0009,10130000.000,2024-07-19 05:00:09.299
BTC,SELL,0.0021,10130000.000,2024-07-19 05:00:09.299
BTC,SELL,0.0049,10131450.000,2024-07-19 05:01:03.832
BTC,SELL,0.0051,10130000.000,2024-07-19 05:01:03.832
BTC,BUY,0.0050,10133070.000,2024-07-19 05:01:34.515
BTC,BUY,0.0010,10134660.000,2024-07-19 05:01:52.149
BTC,BUY,0.0050,10135190.000,2024-07-19 05:01:59.411
BTC,BUY,0.0050,10136780.000,2024-07-19 05:01:59.925
BTC,BUY,0.0050,10138370.000,2024-07-19 05:02:25.360
BTC,BUY,0.0400,10138370.000,2024-07-19 05:02:25.422
BTC,BUY,0.0010,10141020.000,2024-07-19 05:02:32.848
BTC,BUY,0.0032,10141350.000,2024-07-19 05:02:39.054
BTC,BUY,0.0018,10141281.000,2024-07-19 05:02:53.131
BTC,BUY,0.0012,10141550.000,2024-07-19 05:02:53.131
BTC,SELL,0.0015,10141019.000,2024-07-19 05:03:34.639
BTC,SELL,0.0013,10144729.000,2024-07-19 05:05:54.412
BTC,BUY,0.0001,10143140.000,2024-07-19 05:06:38.015
BTC,BUY,0.0178,10143670.000,2024-07-19 05:07:50.627
BTC,BUY,0.2000,10144730.000,2024-07-19 05:08:02.148
BTC,BUY,0.2000,10145260.000,2024-07-19 05:08:06.190
BTC,BUY,0.2000,10146850.000,2024-07-19 05:08:10.685
BTC,SELL,0.0125,10142641.000,2024-07-19 05:08:47.070
BTC,BUY,0.0177,10144730.000,2024-07-19 05:08:55.563
BTC,BUY,0.0203,10145790.000,2024-07-19 05:09:10.069
BTC,BUY,0.0001,10148970.000,2024-07-19 05:10:07.365
BTC,SELL,0.0016,10149499.000,2024-07-19 05:10:10.135
BTC,SELL,0.0001,10149501.000,2024-07-19 05:10:11.928
BTC,SELL,0.0006,10149499.000,2024-07-19 05:10:20.766
BTC,SELL,0.0088,10148881.000,2024-07-19 05:10:20.766
BTC,SELL,0.1000,10140081.000,2024-07-19 05:18:35.380
BTC,BUY,0.0001,10142080.000,2024-07-19 05:20:39.678
BTC,BUY,0.0003,10143001.000,2024-07-19 05:21:52.779
BTC,BUY,0.0001,10141899.000,2024-07-19 05:22:57.758
BTC,BUY,0.0001,10142000.000,2024-07-19 05:27:07.796
BTC,SELL,0.0001,10135724.000,2024-07-19 05:29:53.270
BTC,BUY,0.0005,10138350.000,2024-07-19 05:30:18.574
BTC,SELL,0.0242,10135724.000,2024-07-19 05:31:20.107
BTC,BUY,0.0010,10137840.000,2024-07-19 05:36:11.212
BTC,BUY,0.0001,10140000.000,2024-07-19 05:36:14.493
BTC,BUY,0.0002,10141550.000,2024-07-19 05:41:08.168
BTC,BUY,0.2000,10141550.000,2024-07-19 05:41:20.836
BTC,BUY,0.0998,10141550.000,2024-07-19 05:41:24.554
BTC,BUY,0.1002,10142610.000,2024-07-19 05:41:24.554
BTC,BUY,0.2000,10142610.000,2024-07-19 05:41:28.595
BTC,BUY,0.2000,10142610.000,2024-07-19 05:41:35.749
BTC,BUY,0.0060,10142610.000,2024-07-19 05:41:37.604
BTC,BUY,0.2000,10142610.000,2024-07-19 05:41:42.961
BTC,BUY,0.0938,10142610.000,2024-07-19 05:41:57.739
BTC,BUY,0.1062,10143141.000,2024-07-19 05:41:57.739
BTC,SELL,0.0072,10142609.000,2024-07-19 05:41:58.221
BTC,SELL,0.0129,10142609.000,2024-07-19 05:41:58.221
BTC,BUY,0.0100,10142641.000,2024-07-19 05:43:02.622
BTC,BUY,0.0020,10143141.000,2024-07-19 05:44:14.800
BTC,BUY,0.0029,10143141.000,2024-07-19 05:44:20.095
BTC,SELL,0.0001,10143140.000,2024-07-19 05:45:11.243
BTC,BUY,0.0001,10143141.000,2024-07-19 05:45:58.960
BTC,BUY,0.0010,10143141.000,2024-07-19 05:46:01.578
BTC,BUY,0.0050,10143141.000,2024-07-19 05:48:07.137
BTC,BUY,0.0471,10143141.000,2024-07-19 05:48:07.139
BTC,BUY,0.0800,10143141.000,2024-07-19 05:48:07.217
BTC,BUY,0.0030,10143141.000,2024-07-19 05:48:07.336
BTC,BUY,0.0100,10143141.000,2024-07-19 05:48:07.464
BTC,BUY,0.0050,10143141.000,2024-07-19 05:48:07.648
BTC,BUY,0.0203,10143141.000,2024-07-19 05:48:08.566
BTC,BUY,0.0050,10143141.000,2024-07-19 05:48:08.627
BTC,BUY,0.0870,10143141.000,2024-07-19 05:48:08.802
BTC,BUY,0.0254,10143141.000,2024-07-19 05:48:09.458
BTC,BUY,0.0050,10143154.000,2024-07-19 05:48:09.650
BTC,BUY,0.0050,10143154.000,2024-07-19 05:48:10.659
BTC,BUY,0.0100,10143154.000,2024-07-19 05:48:11.653
BTC,BUY,0.0050,10143154.000,2024-07-19 05:48:11.685
BTC,BUY,0.0360,10143154.000,2024-07-19 05:48:11.908
BTC,BUY,0.0050,10143154.000,2024-07-19 05:48:13.675
BTC,BUY,0.0010,10143154.000,2024-07-19 05:48:13.889
BTC,BUY,0.0050,10143154.000,2024-07-19 05:48:14.205
BTC,BUY,0.0050,10143154.000,2024-07-19 05:48:15.199
BTC,BUY,0.0500,10143154.000,2024-07-19 05:48:15.331
BTC,BUY,0.0100,10143154.000,2024-07-19 05:48:15.399
BTC,BUY,0.0200,10143154.000,2024-07-19 05:48:15.688
BTC,BUY,0.0200,10143154.000,2024-07-19 05:48:15.691
BTC,BUY,0.1230,10143154.000,2024-07-19 05:48:15.752
BTC,BUY,0.0770,10143155.000,2024-07-19 05:48:15.752
BTC,BUY,0.0050,10143155.000,2024-07-19 05:48:16.729
BTC,BUY,0.4000,10143155.000,2024-07-19 05:48:17.148
BTC,BUY,0.0200,10143155.000,2024-07-19 05:48:17.195
BTC,BUY,0.0050,10143155.000,2024-07-19 05:48:17.237
BTC,BUY,0.0100,10143155.000,2024-07-19 05:48:17.414
BTC,BUY,0.0016,10143155.000,2024-07-19 05:48:17.417
BTC,BUY,0.0050,10143155.000,2024-07-19 05:48:17.780
BTC,BUY,0.0050,10143155.000,2024-07-19 05:48:18.765
BTC,BUY,0.0100,10143155.000,2024-07-19 05:48:18.769
BTC,BUY,0.1614,10143155.000,2024-07-19 05:48:19.444
BTC,BUY,0.0300,10143217.000,2024-07-19 05:48:19.444
BTC,BUY,0.0086,10144075.000,2024-07-19 05:48:19.444
BTC,BUY,0.0050,10144075.000,2024-07-19 05:48:19.819
BTC,BUY,0.0100,10144075.000,2024-07-19 05:48:20.251
BTC,BUY,0.0050,10144075.000,2024-07-19 05:48:20.291
BTC,BUY,0.0014,10144075.000,2024-07-19 05:48:21.246
BTC,BUY,0.0180,10145000.000,2024-07-19 05:48:21.246
BTC,BUY,0.0092,10145000.000,2024-07-19 05:48:21.565
BTC,BUY,0.0050,10145000.000,2024-07-19 05:48:21.815
BTC,BUY,0.0050,10145000.000,2024-07-19 05:48:22.293
BTC,BUY,0.0003,10145000.000,2024-07-19 05:48:32.169
BTC,BUY,0.0075,10145000.000,2024-07-19 05:48:36.584
BTC,BUY,0.0025,10150000.000,2024-07-19 05:48:36.584
BTC,BUY,0.0002,10150000.000,2024-07-19 05:48:37.102
BTC,BUY,0.0050,10150000.000,2024-07-19 05:48:37.595
BTC,SELL,0.0005,10149999.000,2024-07-19 05:48:39.181
BTC,BUY,0.0021,10150000.000,2024-07-19 05:48:39.742
BTC,BUY,0.0020,10150000.000,2024-07-19 05:48:39.742
BTC,BUY,0.0001,10150000.000,2024-07-19 05:48:39.742
BTC,BUY,0.0033,10150000.000,2024-07-19 05:48:39.742
BTC,BUY,0.0050,10150000.000,2024-07-19 05:48:49.655
BTC,BUY,0.0050,10150000.000,2024-07-19 05:48:50.308
BTC,BUY,0.0050,10150000.000,2024-07-19 05:48:50.834
BTC,BUY,0.0100,10150000.000,2024-07-19 05:48:56.096
BTC,BUY,0.0001,10150000.000,2024-07-19 05:48:56.097
BTC,BUY,0.0016,10150000.000,2024-07-19 05:48:58.555
BTC,BUY,0.0001,10150000.000,2024-07-19 05:48:58.555
BTC,BUY,0.0002,10150000.000,2024-07-19 05:49:12.876
BTC,BUY,0.0008,10150000.000,2024-07-19 05:49:17.564
BTC,BUY,0.0010,10150000.000,2024-07-19 05:49:17.564
BTC,BUY,0.0003,10150030.000,2024-07-19 05:49:17.564
BTC,BUY,0.0002,10154071.000,2024-07-19 05:49:23.058
BTC,BUY,0.0001,10154170.000,2024-07-19 05:49:23.058
BTC,BUY,0.0002,10155000.000,2024-07-19 05:49:23.058
BTC,SELL,0.0010,10154070.000,2024-07-19 05:49:23.425
BTC,SELL,0.0023,10156389.000,2024-07-19 05:49:25.207
BTC,SELL,0.0062,10156390.000,2024-07-19 05:49:26.904
BTC,SELL,0.0050,10156400.000,2024-07-19 05:49:28.800
BTC,SELL,0.0010,10156401.000,2024-07-19 05:49:30.984
BTC,SELL,0.0001,10156401.000,2024-07-19 05:49:32.932
BTC,SELL,0.0010,10156401.000,2024-07-19 05:49:34.556
BTC,SELL,0.0002,10156401.000,2024-07-19 05:49:36.107
BTC,BUY,0.0001,10157980.000,2024-07-19 05:50:08.208
BTC,BUY,0.0001,10158400.000,2024-07-19 05:50:22.122
BTC,SELL,0.0050,10158400.000,2024-07-19 05:51:37.449
BTC,BUY,0.0001,10159570.000,2024-07-19 05:54:14.910
BTC,BUY,0.0001,10159900.000,2024-07-19 05:54:49.468
BTC,BUY,0.0010,10160000.000,2024-07-19 05:54:49.521
BTC,BUY,0.0004,10160000.000,2024-07-19 05:54:49.521
BTC,BUY,0.0100,10160000.000,2024-07-19 05:54:49.521
BTC,BUY,0.0001,10160000.000,2024-07-19 05:54:49.521
BTC,BUY,0.0080,10162185.000,2024-07-19 05:54:49.521
BTC,BUY,0.0115,10162185.000,2024-07-19 05:54:49.566
BTC,SELL,0.0003,10159120.000,2024-07-19 05:54:54.411
BTC,BUY,0.0029,10161160.000,2024-07-19 05:55:03.215
BTC,BUY,0.0048,10158480.000,2024-07-19 05:56:11.690
BTC,SELL,0.0025,10154880.000,2024-07-19 05:56:40.966
BTC,SELL,0.0005,10153840.000,2024-07-19 05:56:47.407
BTC,SELL,0.0700,10154492.000,2024-07-19 05:57:15.535
BTC,SELL,0.0050,10153419.000,2024-07-19 05:57:15.535
BTC,SELL,0.0042,10152720.000,2024-07-19 05:57:15.535
BTC,SELL,0.1035,10152713.000,2024-07-19 05:57:15.535
BTC,SELL,0.0100,10151974.000,2024-07-19 05:57:15.535
BTC,SELL,0.0473,10151973.000,2024-07-19 05:57:15.535
BTC,SELL,0.0050,10153622.000,2024-07-19 05:57:16.165
BTC,SELL,0.0200,10149263.000,2024-07-19 05:57:16.165
BTC,SELL,0.0950,10147416.000,2024-07-19 05:57:16.165
BTC,SELL,0.0400,10147417.000,2024-07-19 05:57:17.201
BTC,SELL,0.0100,10140753.000,2024-07-19 05:57:21.066
BTC,BUY,0.0002,10141019.000,2024-07-19 05:57:25.189
BTC,BUY,0.0002,10144199.000,2024-07-19 06:03:10.127
BTC,SELL,0.0002,10146319.000,2024-07-19 06:04:13.994
BTC,BUY,0.0050,10150000.000,2024-07-19 06:04:52.878
BTC,BUY,0.0050,10150000.000,2024-07-19 06:04:56.420
BTC,BUY,0.0050,10150000.000,2024-07-19 06:05:05.626
BTC,BUY,0.0050,10150000.000,2024-07-19 06:05:06.155
BTC,BUY,0.0050,10150000.000,2024-07-19 06:05:07.690
BTC,BUY,0.0050,10150000.000,2024-07-19 06:05:10.238
BTC,BUY,0.0050,10150000.000,2024-07-19 06:05:10.744
BTC,BUY,0.0050,10150000.000,2024-07-19 06:05:11.752
BTC,BUY,0.0050,10150000.000,2024-07-19 06:05:12.298
BTC,BUY,0.0050,10150000.000,2024-07-19 06:05:14.789
BTC,BUY,0.0050,10150000.000,2024-07-19 06:05:15.323
BTC,BUY,0.0050,10150000.000,2024-07-19 06:05:15.806
BTC,BUY,0.0050,10150000.000,2024-07-19 06:05:16.332
BTC,BUY,0.0350,10150000.000,2024-07-19 06:05:21.652
BTC,BUY,0.0175,10150265.000,2024-07-19 06:05:21.654
BTC,BUY,0.0100,10150545.000,2024-07-19 06:05:24.035
BTC,BUY,0.0100,10150821.000,2024-07-19 06:05:28.323
BTC,BUY,0.0500,10154800.000,2024-07-19 06:06:18.540
BTC,BUY,0.0018,10154800.000,2024-07-19 06:06:18.989
BTC,BUY,0.0100,10154800.000,2024-07-19 06:06:38.317
BTC,BUY,0.0100,10154800.000,2024-07-19 06:06:39.276
BTC,BUY,0.0483,10154800.000,2024-07-19 06:06:44.322
BTC,BUY,0.0002,10154800.000,2024-07-19 06:06:44.559
BTC,BUY,0.0100,10154800.000,2024-07-19 06:06:44.700
BTC,BUY,0.0100,10154800.000,2024-07-19 06:06:45.257
BTC,BUY,0.0008,10154800.000,2024-07-19 06:06:49.343
BTC,BUY,0.0100,10154800.000,2024-07-19 06:06:50.376
BTC,BUY,0.0016,10154800.000,2024-07-19 06:06:51.093
BTC,BUY,0.0100,10154800.000,2024-07-19 06:06:51.388
BTC,BUY,0.0373,10154800.000,2024-07-19 06:06:52.622
BTC,BUY,0.0002,10156372.000,2024-07-19 06:07:06.566
BTC,BUY,0.0100,10162579.000,2024-07-19 06:07:08.489
BTC,BUY,0.0001,10162579.000,2024-07-19 06:07:08.511
BTC,SELL,0.0007,10162578.000,2024-07-19 06:07:09.248
BTC,SELL,0.0025,10162578.000,2024-07-19 06:07:10.987
BTC,BUY,0.0022,10168580.000,2024-07-19 06:07:14.129
BTC,BUY,0.0078,10169325.000,2024-07-19 06:07:16.401
BTC,BUY,0.0001,10169520.000,2024-07-19 06:07:25.041
BTC,SELL,0.0018,10169999.000,2024-07-19 06:07:28.200
BTC,SELL,0.0011,10169999.000,2024-07-19 06:07:29.949
BTC,SELL,0.0001,10169999.000,2024-07-19 06:07:31.443
BTC,SELL,0.0001,10169999.000,2024-07-19 06:07:31.443
BTC,SELL,0.0089,10169999.000,2024-07-19 06:07:31.545
BTC,SELL,0.0100,10169999.000,2024-07-19 06:07:33.373
BTC,SELL,0.0014,10169999.000,2024-07-19 06:07:35.364
BTC,SELL,0.0100,10169999.000,2024-07-19 06:07:37.114
BTC,SELL,0.0100,10169999.000,2024-07-19 06:07:38.604
BTC,BUY,0.0100,10170000.000,2024-07-19 06:07:43.176
BTC,BUY,0.0004,10170000.000,2024-07-19 06:07:43.176
BTC,BUY,0.0010,10170000.000,2024-07-19 06:07:43.176
BTC,BUY,0.0100,10170000.000,2024-07-19 06:07:43.176
BTC,BUY,0.0001,10170000.000,2024-07-19 06:07:43.176
BTC,BUY,0.0100,10170000.000,2024-07-19 06:07:43.176
BTC,BUY,0.0050,10170000.000,2024-07-19 06:07:43.176
BTC,BUY,0.0035,10170000.000,2024-07-19 06:07:43.176
BTC,BUY,0.0003,10170000.000,2024-07-19 06:07:43.855
BTC,BUY,0.0008,10170000.000,2024-07-19 06:07:54.530
BTC,BUY,0.0054,10170000.000,2024-07-19 06:07:55.389
BTC,BUY,0.0002,10170000.000,2024-07-19 06:07:55.389
BTC,BUY,0.0002,10173353.000,2024-07-19 06:07:55.389
BTC,BUY,0.0006,10176784.000,2024-07-19 06:07:55.389
BTC,BUY,0.0100,10175914.000,2024-07-19 06:07:55.592
BTC,BUY,0.0092,10175914.000,2024-07-19 06:07:55.889
BTC,SELL,0.0050,10175912.000,2024-07-19 06:07:56.220
BTC,BUY,0.0190,10175914.000,2024-07-19 06:07:56.558
BTC,BUY,0.0013,10175914.000,2024-07-19 06:07:57.808
BTC,SELL,0.0050,10175913.000,2024-07-19 06:07:57.811
BTC,BUY,0.0050,10175914.000,2024-07-19 06:07:58.259
BTC,BUY,0.0050,10178081.000,2024-07-19 06:07:59.831
BTC,BUY,0.0050,10178081.000,2024-07-19 06:08:23.218
BTC,BUY,0.0002,10178081.000,2024-07-19 06:08:23.218
BTC,BUY,0.0034,10179300.000,2024-07-19 06:08:23.218
BTC,BUY,0.0010,10180000.000,2024-07-19 06:08:23.218
BTC,BUY,0.0004,10180000.000,2024-07-19 06:08:23.218
BTC,BUY,0.0020,10180000.000,2024-07-19 06:08:23.218
BTC,BUY,0.0001,10180000.000,2024-07-19 06:08:23.218
BTC,BUY,0.0079,10180000.000,2024-07-19 06:08:23.218
BTC,BUY,0.0002,10180000.000,2024-07-19 06:08:24.861
BTC,BUY,0.0019,10180000.000,2024-07-19 06:08:29.863
BTC,BUY,0.0002,10180000.000,2024-07-19 06:08:29.863
BTC,BUY,0.0050,10184880.000,2024-07-19 06:08:35.600
BTC,BUY,0.0006,10185000.000,2024-07-19 06:09:05.232
BTC,BUY,0.0001,10185000.000,2024-07-19 06:09:44.957
BTC,BUY,0.0001,10185000.000,2024-07-19 06:09:55.707
BTC,SELL,0.0200,10176715.000,2024-07-19 06:10:36.422
BTC,BUY,0.0050,10173389.000,2024-07-19 06:11:10.932
BTC,SELL,0.0010,10173388.000,2024-07-19 06:11:11.012
BTC,BUY,0.0002,10181216.000,2024-07-19 06:11:44.486
BTC,BUY,0.0001,10171166.000,2024-07-19 06:13:37.456
BTC,BUY,0.0001,10178650.000,2024-07-19 06:13:48.132
BTC,SELL,0.0092,10172595.000,2024-07-19 06:14:07.128
BTC,SELL,0.0050,10174801.000,2024-07-19 06:14:58.346
BTC,BUY,0.0003,10173929.000,2024-07-19 06:16:01.247
BTC,BUY,0.0010,10173929.000,2024-07-19 06:16:01.356
BTC,BUY,0.0001,10177236.000,2024-07-19 06:17:06.856
BTC,BUY,0.0001,10180770.000,2024-07-19 06:17:29.847
BTC,BUY,0.0096,10181816.000,2024-07-19 06:17:39.061
BTC,BUY,0.0164,10181817.000,2024-07-19 06:17:39.061
BTC,BUY,0.0001,10181816.000,2024-07-19 06:17:40.617
BTC,BUY,0.0010,10177458.000,2024-07-19 06:19:57.700
BTC,BUY,0.0005,10177458.000,2024-07-19 06:20:03.004
BTC,SELL,0.0050,10170082.000,2024-07-19 06:20:19.769
BTC,SELL,0.0004,10170480.000,2024-07-19 06:20:34.842
BTC,BUY,0.0001,10173880.000,2024-07-19 06:20:44.153
BTC,SELL,0.0121,10171360.000,2024-07-19 06:21:09.809
BTC,SELL,0.0479,10171288.000,2024-07-19 06:21:09.809
BTC,BUY,0.0001,10170207.000,2024-07-19 06:21:22.408
BTC,BUY,0.0100,10167293.000,2024-07-19 06:22:24.268
BTC,BUY,0.0002,10157713.000,2024-07-19 06:24:36.380
BTC,BUY,0.0050,10163280.000,2024-07-19 06:25:37.818
BTC,BUY,0.0004,10161450.000,2024-07-19 06:26:30.068
BTC,BUY,0.0098,10161450.000,2024-07-19 06:26:36.752
BTC,SELL,0.0100,10164959.000,2024-07-19 06:29:22.898
BTC,SELL,0.0100,10164499.000,2024-07-19 06:29:44.387
BTC,SELL,0.0690,10164499.000,2024-07-19 06:29:44.387
BTC,SELL,0.0135,10164499.000,2024-07-19 06:29:44.387
BTC,SELL,0.0002,10164499.000,2024-07-19 06:29:44.387
BTC,SELL,0.0050,10164498.000,2024-07-19 06:29:57.830
BTC,SELL,0.0100,10164498.000,2024-07-19 06:29:57.830
BTC,SELL,0.0100,10164498.000,2024-07-19 06:29:57.830
BTC,SELL,0.0696,10164498.000,2024-07-19 06:29:57.830
BTC,BUY,0.0001,10164498.000,2024-07-19 06:30:11.585
BTC,SELL,0.0100,10164497.000,2024-07-19 06:30:22.912
BTC,SELL,0.0286,10164497.000,2024-07-19 06:30:22.912
BTC,SELL,0.0100,10164322.000,2024-07-19 06:30:22.912
BTC,SELL,0.0081,10163654.000,2024-07-19 06:30:22.912
BTC,SELL,0.0100,10160849.000,2024-07-19 06:31:50.789
BTC,SELL,0.0002,10160000.000,2024-07-19 06:31:50.789
BTC,SELL,0.0398,10157013.000,2024-07-19 06:31:50.789
BTC,SELL,0.0001,10156483.000,2024-07-19 06:32:42.488
BTC,BUY,0.0002,10155218.000,2024-07-19 06:34:11.413
BTC,BUY,0.0001,10155001.000,2024-07-19 06:37:17.127
BTC,SELL,0.0037,10155000.000,2024-07-19 06:37:19.063
BTC,BUY,0.0005,10155001.000,2024-07-19 06:37:39.755
BTC,SELL,0.0002,10155000.000,2024-07-19 06:39:16.249
BTC,SELL,0.0200,10155000.000,2024-07-19 06:39:26.306
BTC,SELL,0.0050,10155000.000,2024-07-19 06:39:26.318
BTC,SELL,0.0139,10155000.000,2024-07-19 06:39:26.448
BTC,SELL,0.0010,10150000.000,2024-07-19 06:39:26.803
BTC,SELL,0.0040,10150000.000,2024-07-19 06:39:26.803
BTC,SELL,0.0060,10150000.000,2024-07-19 06:39:26.850
BTC,SELL,0.0050,10150000.000,2024-07-19 06:39:29.343
BTC,SELL,0.0050,10150000.000,2024-07-19 06:39:56.070
BTC,SELL,0.0002,10150000.000,2024-07-19 06:39:56.070
BTC,SELL,0.0029,10140906.000,2024-07-19 06:40:01.616
BTC,SELL,0.1000,10145479.000,2024-07-19 06:41:44.737
BTC,SELL,0.0034,10145219.000,2024-07-19 06:41:44.737
BTC,SELL,0.0100,10141999.000,2024-07-19 06:43:32.716
BTC,SELL,0.0200,10141999.000,2024-07-19 06:43:32.716
BTC,BUY,0.0001,10141998.000,2024-07-19 06:43:42.550
BTC,BUY,0.0004,10141998.000,2024-07-19 06:43:46.791
BTC,BUY,0.0050,10141998.000,2024-07-19 06:44:19.219
BTC,BUY,0.0024,10141998.000,2024-07-19 06:44:20.927
BTC,BUY,0.0036,10141999.000,2024-07-19 06:44:20.927
BTC,BUY,0.0050,10141999.000,2024-07-19 06:44:24.029
BTC,BUY,0.0050,10141999.000,2024-07-19 06:44:24.524
BTC,BUY,0.0003,10145000.000,2024-07-19 06:45:33.015
BTC,BUY,0.0100,10144901.000,2024-07-19 06:47:22.371
BTC,SELL,0.0510,10145080.000,2024-07-19 06:47:54.187
BTC,SELL,0.0090,10140365.000,2024-07-19 06:49:24.053
BTC,SELL,0.0010,10140000.000,2024-07-19 06:51:43.372
BTC,SELL,0.0004,10140000.000,2024-07-19 06:51:43.372
BTC,SELL,0.0002,10140000.000,2024-07-19 06:51:43.372
BTC,SELL,0.0084,10140000.000,2024-07-19 06:51:43.372
BTC,SELL,0.0016,10140000.000,2024-07-19 06:51:43.380
BTC,SELL,0.0050,10135724.000,2024-07-19 06:51:43.418
BTC,SELL,0.0007,10135724.000,2024-07-19 06:51:46.039
BTC,SELL,0.0253,10131928.000,2024-07-19 06:51:46.039
BTC,SELL,0.0002,10131928.000,2024-07-19 06:51:47.052
BTC,SELL,0.0010,10131928.000,2024-07-19 06:52:47.572
BTC,SELL,0.0035,10131928.000,2024-07-19 06:54:35.648
BTC,SELL,0.0010,10130000.000,2024-07-19 06:54:35.648
BTC,SELL,0.0004,10130000.000,2024-07-19 06:54:35.648
BTC,SELL,0.0100,10130000.000,2024-07-19 06:54:35.648
BTC,SELL,0.0051,10130000.000,2024-07-19 06:54:35.648
BTC,SELL,0.0010,10130000.000,2024-07-19 06:54:35.710
BTC,SELL,0.0037,10130000.000,2024-07-19 06:54:36.574
BTC,SELL,0.0002,10130000.000,2024-07-19 06:54:38.775
BTC,SELL,0.0002,10130000.000,2024-07-19 06:54:38.775
BTC,SELL,0.0030,10121000.000,2024-07-19 06:54:38.775
BTC,SELL,0.0016,10120001.000,2024-07-19 06:54:38.775
BTC,SELL,0.0139,10120001.000,2024-07-19 06:54:38.860
BTC,SELL,0.0100,10120000.000,2024-07-19 06:54:38.860
BTC,SELL,0.0004,10120000.000,2024-07-19 06:54:38.860
BTC,SELL,0.0010,10120000.000,2024-07-19 06:54:38.860
BTC,SELL,0.0100,10117659.000,2024-07-19 06:54:38.860
BTC,SELL,0.0494,10117658.000,2024-07-19 06:54:38.860
BTC,SELL,0.0034,10114150.000,2024-07-19 06:54:38.860
BTC,SELL,0.0124,10113574.000,2024-07-19 06:54:38.860
BTC,SELL,0.0195,10113419.000,2024-07-19 06:54:38.860
BTC,SELL,0.0010,10113419.000,2024-07-19 06:54:38.991
BTC,BUY,0.0050,10114429.000,2024-07-19 06:54:41.757
BTC,SELL,0.0013,10114428.000,2024-07-19 06:54:42.051
BTC,BUY,0.0080,10114429.000,2024-07-19 06:54:43.275
BTC,BUY,0.0040,10114429.000,2024-07-19 06:54:43.353
BTC,SELL,0.0001,10117699.000,2024-07-19 06:55:18.931
BTC,BUY,0.0001,10118508.000,2024-07-19 06:55:29.862
BTC,BUY,0.0050,10115649.000,2024-07-19 06:56:58.823
BTC,BUY,0.0100,10110387.000,2024-07-19 07:01:19.488
BTC,SELL,0.0004,10110000.000,2024-07-19 07:01:19.535
BTC,SELL,0.0006,10110000.000,2024-07-19 07:01:19.535
BTC,SELL,0.0004,10110000.000,2024-07-19 07:01:52.455
BTC,SELL,0.0002,10110000.000,2024-07-19 07:01:52.455
BTC,SELL,0.0001,10105533.000,2024-07-19 07:01:53.556
BTC,SELL,0.0001,10104630.000,2024-07-19 07:01:53.556
BTC,SELL,0.0010,10100000.000,2024-07-19 07:01:59.068
BTC,SELL,0.0001,10100000.000,2024-07-19 07:01:59.068
BTC,SELL,0.0014,10100000.000,2024-07-19 07:01:59.068
BTC,SELL,0.0010,10100000.000,2024-07-19 07:01:59.134
BTC,SELL,0.0100,10100000.000,2024-07-19 07:02:23.541
BTC,SELL,0.0121,10100000.000,2024-07-19 07:02:35.119
BTC,SELL,0.0055,10100000.000,2024-07-19 07:02:40.910
BTC,SELL,0.0004,10100000.000,2024-07-19 07:02:40.910
BTC,SELL,0.0100,10100000.000,2024-07-19 07:02:40.910
BTC,SELL,0.0005,10100000.000,2024-07-19 07:02:40.910
BTC,SELL,0.0005,10100000.000,2024-07-19 07:02:40.910
BTC,SELL,0.0029,10100000.000,2024-07-19 07:02:40.910
BTC,SELL,0.0002,10100000.000,2024-07-19 07:02:40.910
BTC,SELL,0.0008,10100000.000,2024-07-19 07:03:30.175
BTC,SELL,0.0050,10100000.000,2024-07-19 07:03:30.175
BTC,SELL,0.0001,10100000.000,2024-07-19 07:03:30.175
BTC,SELL,0.0100,10100000.000,2024-07-19 07:03:30.175
BTC,SELL,0.0010,10100000.000,2024-07-19 07:03:30.175
BTC,SELL,0.0026,10100000.000,2024-07-19 07:03:30.175
BTC,SELL,0.0005,10100000.000,2024-07-19 07:03:30.175
BTC,BUY,0.0100,10100001.000,2024-07-19 07:03:31.931
BTC,SELL,0.0005,10100000.000,2024-07-19 07:03:36.005
BTC,SELL,0.0002,10100000.000,2024-07-19 07:03:36.005
BTC,SELL,0.0005,10099802.000,2024-07-19 07:03:36.654
BTC,SELL,0.0017,10090000.000,2024-07-19 07:03:42.057
BTC,SELL,0.0013,10090000.000,2024-07-19 07:04:38.909
BTC,SELL,0.0004,10090000.000,2024-07-19 07:04:38.909
BTC,SELL,0.0010,10090000.000,2024-07-19 07:04:38.909
BTC,SELL,0.0001,10085345.000,2024-07-19 07:04:38.909
BTC,SELL,0.0001,10083031.000,2024-07-19 07:04:38.909
BTC,SELL,0.0071,10080344.000,2024-07-19 07:04:38.909
BTC,BUY,0.0200,10080744.000,2024-07-19 07:04:44.532
BTC,BUY,0.0200,10080744.000,2024-07-19 07:04:45.205
BTC,BUY,0.0050,10080744.000,2024-07-19 07:04:45.533
BTC,BUY,0.0100,10080744.000,2024-07-19 07:04:46.503
BTC,BUY,0.0071,10083952.000,2024-07-19 07:04:57.725
BTC,BUY,0.0146,10088549.000,2024-07-19 07:04:57.725
BTC,BUY,0.0100,10093850.000,2024-07-19 07:05:27.202
BTC,BUY,0.0010,10098090.000,2024-07-19 07:06:19.701
BTC,BUY,0.0099,10097287.000,2024-07-19 07:07:52.093
BTC,BUY,0.0001,10097287.000,2024-07-19 07:07:52.093
BTC,BUY,0.0049,10080343.000,2024-07-19 07:08:41.989
BTC,BUY,0.0201,10080434.000,2024-07-19 07:08:41.989
BTC,BUY,0.0213,10080434.000,2024-07-19 07:08:42.819
BTC,BUY,0.0030,10080434.000,2024-07-19 07:08:43.760
BTC,BUY,0.0010,10080963.000,2024-07-19 07:08:49.597
BTC,BUY,0.0001,10084872.000,2024-07-19 07:09:00.392
BTC,BUY,0.0001,10084872.000,2024-07-19 07:09:10.266
BTC,BUY,0.0098,10084872.000,2024-07-19 07:09:28.135
BTC,BUY,0.0002,10084873.000,2024-07-19 07:09:53.704
