symbol,side,size,price,timestamp
ETH,BUY,0.0151,496103.000,2024-07-09 21:00:36.993
ETH,BUY,0.0150,495595.000,2024-07-09 21:03:02.146
ETH,SELL,0.0700,495430.000,2024-07-09 21:06:18.598
ETH,BUY,0.1000,495605.000,2024-07-09 21:08:27.681
ETH,SELL,0.0100,495430.000,2024-07-09 21:11:00.787
ETH,SELL,0.0100,495430.000,2024-07-09 21:11:00.830
ETH,SELL,0.0300,495430.000,2024-07-09 21:11:01.132
ETH,SELL,0.3200,495430.000,2024-07-09 21:11:01.374
ETH,SELL,0.3200,495430.000,2024-07-09 21:11:29.568
ETH,SELL,0.0100,495430.000,2024-07-09 21:11:29.590
ETH,SELL,0.0300,495430.000,2024-07-09 21:11:29.600
ETH,SELL,0.0100,495430.000,2024-07-09 21:11:30.111
ETH,SELL,0.0719,495430.000,2024-07-09 21:11:40.515
ETH,SELL,0.1181,495430.000,2024-07-09 21:11:45.826
ETH,SELL,0.8174,495023.000,2024-07-09 21:11:45.826
ETH,SELL,0.0645,494680.000,2024-07-09 21:11:45.826
ETH,BUY,0.0110,495110.000,2024-07-09 21:13:39.708
ETH,BUY,0.0400,494744.000,2024-07-09 21:25:07.577
ETH,BUY,0.0700,495275.000,2024-07-09 21:33:15.385
ETH,BUY,0.0850,495420.000,2024-07-09 21:33:15.385
ETH,BUY,0.8174,495421.000,2024-07-09 21:33:15.385
ETH,BUY,0.0276,495450.000,2024-07-09 21:33:15.385
ETH,BUY,1.0000,495454.000,2024-07-09 21:39:25.189
ETH,SELL,0.0100,495460.000,2024-07-09 21:41:45.087
ETH,SELL,0.0100,495460.000,2024-07-09 21:41:45.252
ETH,SELL,0.0300,495460.000,2024-07-09 21:41:45.591
ETH,SELL,0.0300,495460.000,2024-07-09 21:41:55.775
ETH,SELL,0.0612,495460.000,2024-07-09 21:41:56.354
ETH,SELL,0.2000,495400.000,2024-07-09 21:41:56.354
ETH,SELL,0.0588,495045.000,2024-07-09 21:41:56.354
ETH,SELL,0.0100,495045.000,2024-07-09 21:41:56.464
ETH,SELL,0.0100,495045.000,2024-07-09 21:41:56.573
ETH,SELL,0.0700,494398.000,2024-07-09 21:51:40.843
ETH,BUY,0.3300,494341.000,2024-07-09 21:57:21.311
ETH,BUY,0.6700,494341.000,2024-07-09 21:57:21.323
ETH,SELL,0.0804,494341.000,2024-07-09 22:02:54.071
ETH,SELL,0.7838,494341.000,2024-07-09 22:02:54.887
ETH,SELL,0.2358,494341.000,2024-07-09 22:02:55.015
ETH,SELL,0.1000,493700.000,2024-07-09 22:02:55.224
ETH,SELL,0.0717,493339.000,2024-07-09 22:03:00.889
ETH,BUY,0.4000,492985.000,2024-07-09 22:05:53.123
ETH,BUY,0.0202,493214.000,2024-07-09 22:06:20.876
ETH,BUY,0.0700,492254.000,2024-07-09 22:07:34.371
ETH,SELL,1.0000,492324.000,2024-07-09 22:07:34.453
ETH,SELL,2.3200,492253.000,2024-07-09 22:07:34.453
ETH,SELL,1.0000,492253.000,2024-07-09 22:07:34.453
ETH,SELL,0.6800,492229.000,2024-07-09 22:07:34.453
ETH,BUY,0.1800,492593.000,2024-07-09 22:07:42.359
ETH,SELL,0.0100,492362.000,2024-07-09 22:08:50.630
ETH,SELL,1.0000,492213.000,2024-07-09 22:09:14.626
ETH,SELL,0.5000,492198.000,2024-07-09 22:09:14.626
ETH,BUY,0.1900,492731.000,2024-07-09 22:09:59.801
ETH,BUY,0.0800,492643.000,2024-07-09 22:11:07.509
ETH,BUY,0.0100,492639.000,2024-07-09 22:11:22.023
ETH,BUY,0.3000,492615.000,2024-07-09 22:12:57.925
ETH,BUY,0.0202,492252.000,2024-07-09 22:13:00.869
ETH,BUY,0.0100,492500.000,2024-07-09 22:20:42.717
ETH,BUY,0.0100,492579.000,2024-07-09 22:20:42.717
ETH,BUY,0.0600,492631.000,2024-07-09 22:20:49.891
ETH,BUY,1.0000,493198.000,2024-07-09 22:25:48.332
ETH,BUY,0.0110,493249.000,2024-07-09 22:27:31.511
ETH,BUY,0.5060,493069.000,2024-07-09 22:27:40.690
ETH,BUY,0.3000,493112.000,2024-07-09 22:27:56.750
ETH,BUY,0.0100,493672.000,2024-07-09 22:33:23.865
ETH,BUY,0.0202,493357.000,2024-07-09 22:34:10.888
ETH,BUY,0.9798,493357.000,2024-07-09 22:34:12.222
ETH,BUY,0.0201,493543.000,2024-07-09 22:34:20.978
ETH,BUY,0.8630,493382.000,2024-07-09 22:34:33.407
ETH,BUY,0.0201,493297.000,2024-07-09 22:34:41.016
ETH,BUY,0.1000,493297.000,2024-07-09 22:34:43.642
ETH,BUY,0.0202,493706.000,2024-07-09 22:37:10.839
ETH,BUY,0.5000,493812.000,2024-07-09 22:37:46.319
ETH,BUY,0.0200,494043.000,2024-07-09 22:41:41.115
ETH,BUY,0.0588,494043.000,2024-07-09 22:41:47.178
ETH,BUY,0.0112,494043.000,2024-07-09 22:41:47.178
ETH,BUY,0.0205,494035.000,2024-07-09 22:42:15.221
ETH,SELL,0.0618,493903.000,2024-07-09 22:43:21.877
ETH,BUY,1.0000,494691.000,2024-07-09 22:45:15.372
ETH,BUY,1.0000,494701.000,2024-07-09 22:45:15.372
ETH,BUY,0.0100,494729.000,2024-07-09 22:45:15.415
ETH,BUY,0.0170,494805.000,2024-07-09 22:45:58.368
ETH,BUY,0.0100,495000.000,2024-07-09 22:48:42.150
ETH,BUY,0.0900,495288.000,2024-07-09 22:48:42.150
ETH,BUY,0.2000,495508.000,2024-07-09 22:48:55.982
ETH,BUY,0.1000,495734.000,2024-07-09 22:50:17.803
ETH,BUY,0.0700,495834.000,2024-07-09 22:50:35.813
ETH,BUY,0.6047,495834.000,2024-07-09 22:50:36.480
ETH,BUY,0.3253,495834.000,2024-07-09 22:50:36.580
ETH,BUY,0.1000,496000.000,2024-07-09 22:50:36.580
ETH,BUY,0.2821,496374.000,2024-07-09 22:50:36.580
ETH,BUY,0.2926,496376.000,2024-07-09 22:50:36.580
ETH,BUY,0.1000,496285.000,2024-07-09 22:50:37.435
ETH,BUY,0.0700,496475.000,2024-07-09 22:50:56.190
ETH,BUY,0.6038,496475.000,2024-07-09 22:50:56.927
ETH,BUY,0.2000,496548.000,2024-07-09 22:50:57.372
ETH,BUY,0.1000,496548.000,2024-07-09 22:50:57.840
ETH,BUY,0.1000,495161.000,2024-07-09 22:52:29.591
ETH,BUY,0.5000,494838.000,2024-07-09 22:52:43.265
ETH,BUY,0.0700,494947.000,2024-07-09 22:53:12.615
ETH,BUY,0.2000,495695.000,2024-07-09 22:54:42.345
ETH,BUY,0.0100,495378.000,2024-07-09 22:55:25.815
ETH,BUY,0.0201,494306.000,2024-07-09 22:58:40.557
ETH,BUY,0.1000,494066.000,2024-07-09 22:59:36.277
ETH,SELL,0.2000,494155.000,2024-07-09 23:00:25.218
ETH,SELL,0.3000,494151.000,2024-07-09 23:00:25.218
ETH,BUY,0.0200,494333.000,2024-07-09 23:00:28.614
ETH,BUY,0.1000,494175.000,2024-07-09 23:03:12.816
ETH,BUY,0.0200,494468.000,2024-07-09 23:03:51.542
ETH,BUY,0.0700,494265.000,2024-07-09 23:04:03.809
ETH,BUY,0.2000,494265.000,2024-07-09 23:04:03.983
ETH,BUY,0.1000,494235.000,2024-07-09 23:13:09.668
ETH,BUY,0.0200,494237.000,2024-07-09 23:13:09.668
ETH,SELL,0.0100,494000.000,2024-07-09 23:15:06.267
ETH,SELL,0.0600,493832.000,2024-07-09 23:15:06.267
ETH,BUY,0.2000,494044.000,2024-07-09 23:16:34.908
ETH,BUY,0.0100,494130.000,2024-07-09 23:17:26.128
ETH,BUY,0.0700,494409.000,2024-07-09 23:17:47.321
ETH,BUY,0.0700,494473.000,2024-07-09 23:18:31.308
ETH,BUY,0.1000,494211.000,2024-07-09 23:22:01.886
ETH,BUY,0.2800,494436.000,2024-07-09 23:23:27.465
ETH,BUY,0.4560,494437.000,2024-07-09 23:23:27.465
ETH,BUY,0.2640,494450.000,2024-07-09 23:23:27.465
ETH,BUY,0.0100,494303.000,2024-07-09 23:24:09.784
ETH,BUY,0.0500,494257.000,2024-07-09 23:25:31.634
ETH,BUY,0.2000,494595.000,2024-07-09 23:29:55.826
ETH,BUY,0.3200,494566.000,2024-07-09 23:29:56.324
ETH,SELL,1.0000,494437.000,2024-07-09 23:32:30.595
ETH,BUY,0.1000,494913.000,2024-07-09 23:35:03.826
ETH,BUY,0.0700,495171.000,2024-07-09 23:35:40.479
ETH,BUY,0.0100,495057.000,2024-07-09 23:36:26.283
ETH,BUY,0.0202,495157.000,2024-07-09 23:36:38.948
ETH,SELL,0.1000,495008.000,2024-07-09 23:37:04.317
ETH,BUY,0.1700,495323.000,2024-07-09 23:39:20.763
ETH,BUY,0.1000,495500.000,2024-07-09 23:39:47.102
ETH,BUY,0.0281,495706.000,2024-07-09 23:43:18.956
ETH,SELL,1.0000,495722.000,2024-07-09 23:43:38.634
ETH,SELL,0.1000,495283.000,2024-07-09 23:45:07.233
ETH,BUY,0.5000,495482.000,2024-07-09 23:45:47.377
ETH,BUY,0.1000,495610.000,2024-07-09 23:50:11.763
ETH,SELL,0.0100,495300.000,2024-07-09 23:50:24.457
ETH,SELL,1.0000,495033.000,2024-07-09 23:51:42.473
ETH,BUY,0.0100,495033.000,2024-07-10 00:00:27.455
ETH,BUY,0.9900,495293.000,2024-07-10 00:01:18.886
ETH,BUY,0.1000,495265.000,2024-07-10 00:02:05.598
ETH,BUY,0.0230,495079.000,2024-07-10 00:02:58.742
ETH,BUY,0.5000,495019.000,2024-07-10 00:03:32.654
ETH,SELL,0.0606,495000.000,2024-07-10 00:05:50.178
ETH,SELL,0.0083,495000.000,2024-07-10 00:05:50.178
ETH,SELL,0.0917,495000.000,2024-07-10 00:05:50.598
ETH,SELL,0.0310,494786.000,2024-07-10 00:05:50.598
ETH,SELL,0.0379,494718.000,2024-07-10 00:05:50.598
ETH,SELL,0.0621,494718.000,2024-07-10 00:06:12.911
ETH,SELL,0.4379,494318.000,2024-07-10 00:06:12.911
ETH,BUY,0.0300,494933.000,2024-07-10 00:09:34.537
ETH,SELL,0.4419,494890.000,2024-07-10 00:11:02.728
ETH,BUY,0.5000,494670.000,2024-07-10 00:14:03.380
ETH,BUY,0.2000,494963.000,2024-07-10 00:14:15.006
ETH,BUY,0.2600,494151.000,2024-07-10 00:16:47.780
ETH,BUY,0.0200,494001.000,2024-07-10 00:17:16.710
ETH,SELL,0.0159,494000.000,2024-07-10 00:17:23.964
ETH,SELL,0.0357,494000.000,2024-07-10 00:18:31.480
ETH,SELL,0.0084,494000.000,2024-07-10 00:18:34.252
ETH,SELL,0.0900,494000.000,2024-07-10 00:18:34.252
ETH,SELL,0.0009,493150.000,2024-07-10 00:18:34.252
ETH,BUY,0.2000,493315.000,2024-07-10 00:18:36.982
ETH,BUY,0.3500,493001.000,2024-07-10 00:21:18.071
ETH,BUY,0.4379,493001.000,2024-07-10 00:21:18.071
ETH,BUY,0.5900,493012.000,2024-07-10 00:21:19.285
ETH,SELL,0.5000,493000.000,2024-07-10 00:21:20.903
ETH,SELL,0.0996,493000.000,2024-07-10 00:21:23.216
ETH,SELL,0.4004,493000.000,2024-07-10 00:21:24.155
ETH,SELL,0.0096,493000.000,2024-07-10 00:21:24.155
ETH,SELL,0.0004,493000.000,2024-07-10 00:21:24.225
ETH,SELL,0.0142,492850.000,2024-07-10 00:21:24.507
ETH,SELL,0.0558,492700.000,2024-07-10 00:21:24.507
ETH,SELL,0.1000,492700.000,2024-07-10 00:21:25.645
ETH,SELL,0.0211,492700.000,2024-07-10 00:21:26.476
ETH,SELL,0.2000,492700.000,2024-07-10 00:21:27.238
ETH,SELL,0.0219,492700.000,2024-07-10 00:21:30.101
ETH,SELL,0.1012,492700.000,2024-07-10 00:21:34.037
ETH,SELL,0.2000,492535.000,2024-07-10 00:21:34.037
ETH,SELL,0.1000,492500.000,2024-07-10 00:21:34.037
ETH,SELL,0.7988,492365.000,2024-07-10 00:21:34.037
ETH,SELL,0.0100,492000.000,2024-07-10 00:21:41.423
ETH,SELL,0.0100,492000.000,2024-07-10 00:21:41.423
ETH,SELL,0.0300,491901.000,2024-07-10 00:21:41.423
ETH,BUY,0.4000,491926.000,2024-07-10 00:21:45.678
ETH,BUY,0.0203,491985.000,2024-07-10 00:22:00.818
ETH,SELL,0.0100,491900.000,2024-07-10 00:22:17.938
ETH,SELL,1.0000,491457.000,2024-07-10 00:22:17.938
ETH,SELL,0.1000,491423.000,2024-07-10 00:22:17.938
ETH,SELL,0.8900,491422.000,2024-07-10 00:22:17.938
ETH,SELL,0.1100,491422.000,2024-07-10 00:22:18.055
ETH,SELL,0.1000,491330.000,2024-07-10 00:22:18.055
ETH,SELL,0.0900,491185.000,2024-07-10 00:22:18.055
ETH,BUY,0.0100,491984.000,2024-07-10 00:22:18.526
ETH,BUY,1.0000,491442.000,2024-07-10 00:22:25.936
ETH,BUY,1.0000,491518.000,2024-07-10 00:22:30.572
ETH,BUY,0.4000,491717.000,2024-07-10 00:22:33.619
ETH,BUY,0.4000,491717.000,2024-07-10 00:22:34.921
ETH,BUY,0.0100,492043.000,2024-07-10 00:24:39.394
ETH,BUY,0.0202,491438.000,2024-07-10 00:25:20.890
ETH,BUY,1.0000,491619.000,2024-07-10 00:25:41.880
ETH,BUY,1.0000,491537.000,2024-07-10 00:26:01.959
ETH,SELL,1.0000,491579.000,2024-07-10 00:26:13.049
ETH,BUY,0.0600,491619.000,2024-07-10 00:26:16.332
ETH,BUY,0.3400,491619.000,2024-07-10 00:26:17.776
ETH,BUY,0.0100,491619.000,2024-07-10 00:26:17.887
ETH,BUY,0.4000,491619.000,2024-07-10 00:26:17.888
ETH,BUY,0.0300,491619.000,2024-07-10 00:26:17.889
ETH,BUY,0.0100,491619.000,2024-07-10 00:26:17.891
ETH,BUY,0.3200,491808.000,2024-07-10 00:26:18.284
ETH,BUY,0.4000,491808.000,2024-07-10 00:26:19.444
ETH,BUY,0.9200,491169.000,2024-07-10 00:27:46.745
ETH,BUY,0.8627,491167.000,2024-07-10 00:27:48.119
ETH,BUY,0.0203,491299.000,2024-07-10 00:28:00.920
ETH,BUY,0.0200,491403.000,2024-07-10 00:28:02.052
ETH,BUY,0.0203,491583.000,2024-07-10 00:28:31.029
ETH,BUY,0.4000,491583.000,2024-07-10 00:28:31.385
ETH,BUY,0.4000,491583.000,2024-07-10 00:28:31.648
ETH,SELL,0.0100,491092.000,2024-07-10 00:30:12.693
ETH,SELL,0.0900,491001.000,2024-07-10 00:30:12.693
ETH,BUY,0.4000,491042.000,2024-07-10 00:30:16.593
ETH,BUY,0.3200,491042.000,2024-07-10 00:30:17.143
ETH,BUY,0.2800,491042.000,2024-07-10 00:30:17.664
ETH,BUY,0.1200,491280.000,2024-07-10 00:30:17.664
ETH,BUY,0.0100,491280.000,2024-07-10 00:30:18.114
ETH,BUY,0.0100,491275.000,2024-07-10 00:30:18.473
ETH,BUY,0.1900,491275.000,2024-07-10 00:30:18.525
ETH,BUY,0.2100,491280.000,2024-07-10 00:30:18.525
ETH,BUY,0.1000,491161.000,2024-07-10 00:31:01.984
ETH,BUY,0.4000,491267.000,2024-07-10 00:32:27.543
ETH,BUY,0.0200,491267.000,2024-07-10 00:32:29.509
ETH,BUY,0.4000,491544.000,2024-07-10 00:32:32.762
ETH,BUY,0.0200,491523.000,2024-07-10 00:32:54.027
ETH,BUY,0.0600,491775.000,2024-07-10 00:33:38.425
ETH,BUY,0.5293,491775.000,2024-07-10 00:33:42.533
ETH,BUY,0.0100,491775.000,2024-07-10 00:33:43.466
ETH,BUY,0.4000,491775.000,2024-07-10 00:33:43.485
ETH,BUY,0.0300,491775.000,2024-07-10 00:33:43.679
ETH,BUY,0.0507,491775.000,2024-07-10 00:33:44.083
ETH,BUY,0.2093,491809.000,2024-07-10 00:33:44.083
ETH,BUY,0.0100,491809.000,2024-07-10 00:33:44.203
ETH,SELL,0.1000,491650.000,2024-07-10 00:34:01.171
ETH,BUY,0.1000,491177.000,2024-07-10 00:36:04.799
ETH,BUY,0.4000,491222.000,2024-07-10 00:36:07.629
ETH,BUY,0.2000,491222.000,2024-07-10 00:36:08.331
ETH,BUY,0.1000,491347.000,2024-07-10 00:36:09.511
ETH,SELL,0.1000,491621.000,2024-07-10 00:37:04.085
ETH,BUY,0.1000,491713.000,2024-07-10 00:38:02.537
ETH,BUY,0.2888,491471.000,2024-07-10 00:38:42.084
ETH,BUY,1.7112,491582.000,2024-07-10 00:38:42.084
ETH,BUY,0.4000,491513.000,2024-07-10 00:38:57.613
ETH,BUY,0.1187,491593.000,2024-07-10 00:38:58.729
ETH,BUY,0.2813,491771.000,2024-07-10 00:38:58.729
ETH,BUY,0.0500,491726.000,2024-07-10 00:39:23.639
ETH,BUY,0.0100,491809.000,2024-07-10 00:39:48.896
ETH,BUY,0.0100,491809.000,2024-07-10 00:39:48.993
ETH,BUY,0.3200,491809.000,2024-07-10 00:39:49.321
ETH,BUY,0.3037,491809.000,2024-07-10 00:39:49.557
ETH,BUY,0.0500,491866.000,2024-07-10 00:39:49.557
ETH,BUY,0.0463,491937.000,2024-07-10 00:39:49.557
ETH,BUY,0.0300,491937.000,2024-07-10 00:39:49.593
ETH,BUY,0.4000,492076.000,2024-07-10 00:40:07.640
ETH,BUY,0.0500,492076.000,2024-07-10 00:40:08.948
ETH,BUY,0.0500,492492.000,2024-07-10 00:42:12.223
ETH,BUY,0.4000,492698.000,2024-07-10 00:42:15.538
ETH,BUY,0.0100,492878.000,2024-07-10 00:42:16.660
ETH,BUY,0.1000,493201.000,2024-07-10 00:43:15.344
ETH,BUY,0.1000,493201.000,2024-07-10 00:43:15.344
ETH,BUY,0.1000,492988.000,2024-07-10 00:47:35.308
ETH,BUY,0.1110,492325.000,2024-07-10 00:47:41.855
ETH,BUY,0.1000,491777.000,2024-07-10 00:57:24.393
ETH,BUY,1.0000,492237.000,2024-07-10 00:57:24.393
ETH,BUY,0.5618,492238.000,2024-07-10 00:57:24.393
ETH,BUY,0.3382,492333.000,2024-07-10 00:57:24.393
ETH,SELL,0.0915,491503.000,2024-07-10 00:57:31.668
ETH,SELL,0.0100,491500.000,2024-07-10 00:57:31.742
ETH,SELL,0.3324,491001.000,2024-07-10 00:57:31.742
ETH,SELL,0.0600,491000.000,2024-07-10 00:57:46.800
ETH,SELL,0.9400,490560.000,2024-07-10 00:57:46.800
ETH,SELL,0.0100,490560.000,2024-07-10 00:57:46.893
ETH,SELL,0.0500,490560.000,2024-07-10 00:57:46.895
ETH,SELL,0.1130,490441.000,2024-07-10 00:57:46.895
ETH,SELL,0.4300,490441.000,2024-07-10 00:57:47.014
ETH,SELL,0.0100,490434.000,2024-07-10 00:57:56.784
ETH,SELL,0.3232,490254.000,2024-07-10 00:57:56.784
ETH,BUY,0.2000,490253.000,2024-07-10 00:58:54.111
ETH,BUY,0.3200,490253.000,2024-07-10 00:58:54.379
ETH,BUY,0.0100,490441.000,2024-07-10 00:58:54.629
ETH,BUY,0.0200,490446.000,2024-07-10 01:00:14.538
ETH,BUY,0.0100,490099.000,2024-07-10 01:00:47.985
ETH,BUY,0.3200,490099.000,2024-07-10 01:00:48.273
ETH,BUY,0.4000,490188.000,2024-07-10 01:00:49.137
ETH,BUY,0.0100,490188.000,2024-07-10 01:00:49.600
ETH,BUY,0.1000,490188.000,2024-07-10 01:00:50.254
ETH,BUY,1.0000,490337.000,2024-07-10 01:00:53.201
ETH,BUY,1.0000,490707.000,2024-07-10 01:00:53.201
ETH,BUY,3.0000,490767.000,2024-07-10 01:00:53.201
ETH,BUY,0.0100,490653.000,2024-07-10 01:00:58.062
ETH,BUY,0.1200,490624.000,2024-07-10 01:02:36.501
ETH,SELL,0.1000,490051.000,2024-07-10 01:04:14.261
ETH,SELL,0.1000,490000.000,2024-07-10 01:04:14.261
ETH,SELL,0.1000,490000.000,2024-07-10 01:04:14.261
ETH,SELL,0.0324,490000.000,2024-07-10 01:04:14.261
ETH,SELL,0.1676,490000.000,2024-07-10 01:04:14.343
ETH,SELL,0.0120,490000.000,2024-07-10 01:04:14.343
ETH,SELL,0.0200,490000.000,2024-07-10 01:04:14.343
ETH,SELL,0.1004,490000.000,2024-07-10 01:04:14.343
ETH,SELL,0.3292,490000.000,2024-07-10 01:04:18.590
ETH,SELL,0.3280,490000.000,2024-07-10 01:04:34.300
ETH,SELL,0.2424,490000.000,2024-07-10 01:04:38.030
ETH,SELL,0.0932,490000.000,2024-07-10 01:04:38.030
ETH,SELL,0.1068,490000.000,2024-07-10 01:05:17.364
ETH,SELL,0.2932,490000.000,2024-07-10 01:05:17.364
ETH,SELL,0.2068,490000.000,2024-07-10 01:05:17.939
ETH,SELL,0.0272,490000.000,2024-07-10 01:05:17.939
ETH,SELL,0.0028,490000.000,2024-07-10 01:05:19.273
ETH,SELL,0.0100,490000.000,2024-07-10 01:05:19.273
ETH,SELL,0.0649,490000.000,2024-07-10 01:05:19.273
ETH,SELL,0.0100,490036.000,2024-07-10 01:06:47.051
ETH,BUY,1.0000,490070.000,2024-07-10 01:06:52.974
ETH,BUY,0.8300,490117.000,2024-07-10 01:06:55.865
ETH,BUY,0.1700,490117.000,2024-07-10 01:06:56.290
ETH,BUY,1.0000,490210.000,2024-07-10 01:07:02.480
ETH,BUY,1.0000,490375.000,2024-07-10 01:07:05.628
ETH,BUY,0.5000,490408.000,2024-07-10 01:07:12.715
ETH,SELL,0.0900,490981.000,2024-07-10 01:07:40.858
ETH,BUY,0.5000,491095.000,2024-07-10 01:07:50.282
ETH,BUY,0.0100,491666.000,2024-07-10 01:08:11.977
ETH,BUY,0.0256,491221.000,2024-07-10 01:08:15.380
ETH,BUY,0.0102,490871.000,2024-07-10 01:08:34.850
ETH,BUY,0.1000,490919.000,2024-07-10 01:08:42.388
ETH,BUY,0.0165,491498.000,2024-07-10 01:10:36.563
ETH,BUY,0.0400,491626.000,2024-07-10 01:10:48.758
ETH,BUY,0.0200,491724.000,2024-07-10 01:11:59.531
ETH,SELL,0.5000,491333.000,2024-07-10 01:12:44.408
ETH,BUY,0.2500,491413.000,2024-07-10 01:13:07.110
ETH,BUY,0.0100,491413.000,2024-07-10 01:13:07.609
ETH,BUY,0.3200,491413.000,2024-07-10 01:13:07.800
ETH,BUY,0.1500,491814.000,2024-07-10 01:13:08.536
ETH,BUY,0.0201,491703.000,2024-07-10 01:13:15.048
ETH,BUY,0.1211,492159.000,2024-07-10 01:13:45.060
ETH,BUY,1.0000,491956.000,2024-07-10 01:14:01.116
ETH,BUY,1.0000,492321.000,2024-07-10 01:14:01.116
ETH,BUY,1.0000,492012.000,2024-07-10 01:14:07.238
ETH,BUY,0.3930,492235.000,2024-07-10 01:14:07.238
ETH,BUY,0.6070,492323.000,2024-07-10 01:14:07.238
ETH,BUY,0.0460,492152.000,2024-07-10 01:14:19.049
ETH,BUY,1.0000,491901.000,2024-07-10 01:14:40.567
ETH,BUY,1.0000,491935.000,2024-07-10 01:14:43.415
ETH,BUY,1.0000,492014.000,2024-07-10 01:15:33.481
ETH,BUY,1.0000,492043.000,2024-07-10 01:15:33.481
ETH,BUY,2.0000,492028.000,2024-07-10 01:15:42.873
ETH,BUY,1.0000,492121.000,2024-07-10 01:15:50.265
ETH,BUY,0.0588,492468.000,2024-07-10 01:15:51.778
ETH,BUY,1.0001,492593.000,2024-07-10 01:15:51.778
ETH,BUY,0.9411,492623.000,2024-07-10 01:15:51.778
ETH,BUY,0.4000,491963.000,2024-07-10 01:16:31.097
ETH,BUY,0.1600,491963.000,2024-07-10 01:16:31.286
ETH,BUY,2.0000,492304.000,2024-07-10 01:17:09.367
ETH,BUY,2.0000,492391.000,2024-07-10 01:17:15.440
ETH,BUY,0.2229,492404.000,2024-07-10 01:17:28.802
ETH,BUY,1.7771,492420.000,2024-07-10 01:17:28.802
ETH,BUY,0.0800,492068.000,2024-07-10 01:19:31.090
ETH,BUY,0.0300,492137.000,2024-07-10 01:19:39.045
ETH,BUY,0.0400,492137.000,2024-07-10 01:19:39.202
ETH,BUY,0.0323,492137.000,2024-07-10 01:19:39.539
ETH,BUY,0.8977,492137.000,2024-07-10 01:19:39.874
ETH,BUY,1.0000,492353.000,2024-07-10 01:19:40.929
ETH,BUY,0.1124,492805.000,2024-07-10 01:20:01.701
ETH,BUY,0.0379,492610.000,2024-07-10 01:20:05.968
ETH,BUY,0.0482,492686.000,2024-07-10 01:20:12.975
ETH,BUY,0.0296,492815.000,2024-07-10 01:20:24.476
ETH,BUY,0.1212,492921.000,2024-07-10 01:20:29.964
ETH,BUY,0.0123,493116.000,2024-07-10 01:21:35.533
ETH,BUY,0.8977,493229.000,2024-07-10 01:21:48.452
ETH,BUY,0.8877,493230.000,2024-07-10 01:21:48.452
ETH,BUY,0.2146,493319.000,2024-07-10 01:21:48.452
ETH,BUY,0.0118,493435.000,2024-07-10 01:22:00.466
ETH,SELL,0.3000,492244.000,2024-07-10 01:25:33.448
ETH,BUY,1.0000,492359.000,2024-07-10 01:26:43.881
ETH,BUY,0.0416,492482.000,2024-07-10 01:29:30.746
ETH,BUY,0.0218,492882.000,2024-07-10 01:29:40.480
ETH,BUY,0.5000,492922.000,2024-07-10 01:29:43.669
ETH,BUY,0.5000,492922.000,2024-07-10 01:29:44.299
ETH,BUY,0.4000,493279.000,2024-07-10 01:29:44.974
ETH,BUY,0.0200,493126.000,2024-07-10 01:29:46.079
ETH,BUY,0.0100,493508.000,2024-07-10 01:29:50.079
ETH,BUY,0.4000,493531.000,2024-07-10 01:29:50.531
ETH,BUY,0.6070,493514.000,2024-07-10 01:30:00.703
ETH,BUY,0.1000,493687.000,2024-07-10 01:30:03.937
ETH,BUY,1.0000,493547.000,2024-07-10 01:30:08.738
ETH,BUY,0.4000,493800.000,2024-07-10 01:30:10.624
ETH,BUY,0.1000,493800.000,2024-07-10 01:30:11.014
ETH,BUY,0.1000,493863.000,2024-07-10 01:30:11.014
ETH,BUY,0.1200,493982.000,2024-07-10 01:30:16.720
ETH,BUY,0.0500,493982.000,2024-07-10 01:30:17.749
ETH,BUY,0.2800,493982.000,2024-07-10 01:30:18.114
ETH,BUY,0.5500,493982.000,2024-07-10 01:30:18.116
ETH,BUY,0.0100,494566.000,2024-07-10 01:31:04.390
ETH,BUY,0.7500,494566.000,2024-07-10 01:31:04.436
ETH,BUY,0.2400,494566.000,2024-07-10 01:31:04.488
ETH,BUY,0.0100,494775.000,2024-07-10 01:31:04.488
ETH,BUY,0.7500,494801.000,2024-07-10 01:31:04.488
ETH,BUY,1.0000,494821.000,2024-07-10 01:31:04.629
ETH,BUY,0.4521,494855.000,2024-07-10 01:31:04.631
ETH,BUY,0.0688,494771.000,2024-07-10 01:31:17.806
ETH,BUY,0.2261,495042.000,2024-07-10 01:31:21.195
ETH,BUY,0.1000,495823.000,2024-07-10 01:31:24.693
ETH,BUY,0.2000,495823.000,2024-07-10 01:31:25.037
ETH,BUY,0.6000,495823.000,2024-07-10 01:31:25.046
ETH,BUY,0.1000,495823.000,2024-07-10 01:31:25.237
ETH,BUY,0.2000,495840.000,2024-07-10 01:31:25.237
ETH,BUY,0.4000,496334.000,2024-07-10 01:31:27.171
ETH,BUY,0.3900,495402.000,2024-07-10 01:34:17.338
ETH,BUY,0.6100,495402.000,2024-07-10 01:34:17.808
ETH,BUY,1.0000,495673.000,2024-07-10 01:34:19.505
ETH,BUY,0.0100,496054.000,2024-07-10 01:34:19.642
ETH,BUY,0.0200,495744.000,2024-07-10 01:34:50.689
ETH,BUY,1.0000,495602.000,2024-07-10 01:35:17.485
ETH,BUY,0.8100,495679.000,2024-07-10 01:37:10.501
ETH,BUY,0.1900,495679.000,2024-07-10 01:37:10.635
ETH,SELL,0.7971,495416.000,2024-07-10 01:38:06.424
ETH,SELL,0.3029,495416.000,2024-07-10 01:38:06.424
ETH,BUY,0.0200,493781.000,2024-07-10 01:42:02.096
ETH,BUY,0.0200,493781.000,2024-07-10 01:42:02.590
ETH,BUY,0.0200,493620.000,2024-07-10 01:42:33.996
ETH,BUY,1.0000,493979.000,2024-07-10 01:43:35.630
ETH,BUY,0.2454,494015.000,2024-07-10 01:43:35.630
ETH,BUY,0.1010,494344.000,2024-07-10 01:44:51.478
ETH,BUY,0.0345,494378.000,2024-07-10 01:45:50.475
ETH,BUY,0.2600,493815.000,2024-07-10 01:48:27.829
ETH,BUY,2.0000,494479.000,2024-07-10 01:50:46.295
ETH,BUY,2.0000,494479.000,2024-07-10 01:50:56.322
ETH,BUY,1.0000,494295.000,2024-07-10 01:51:06.368
ETH,BUY,1.0000,494615.000,2024-07-10 01:51:06.368
ETH,SELL,0.2000,494295.000,2024-07-10 01:51:07.067
ETH,SELL,0.8795,494294.000,2024-07-10 01:51:07.067
ETH,BUY,0.0439,494348.000,2024-07-10 01:51:12.259
ETH,BUY,1.0000,494440.000,2024-07-10 01:51:14.075
ETH,BUY,1.0000,494450.000,2024-07-10 01:51:17.534
ETH,BUY,0.0368,494856.000,2024-07-10 01:51:37.263
ETH,BUY,2.0000,494885.000,2024-07-10 01:51:46.129
ETH,BUY,0.7971,494913.000,2024-07-10 01:51:51.086
ETH,BUY,1.2029,494914.000,2024-07-10 01:51:51.086
ETH,BUY,2.0000,494943.000,2024-07-10 01:52:06.394
ETH,BUY,0.8100,494810.000,2024-07-10 01:52:33.937
ETH,BUY,1.1899,494810.000,2024-07-10 01:52:33.937
ETH,BUY,2.0000,494827.000,2024-07-10 01:52:53.820
ETH,BUY,0.0100,494810.000,2024-07-10 01:52:57.296
ETH,BUY,0.5091,494793.000,2024-07-10 01:53:01.515
ETH,BUY,0.0120,494810.000,2024-07-10 01:53:01.515
ETH,BUY,1.4789,494856.000,2024-07-10 01:53:01.515
ETH,BUY,2.0000,494885.000,2024-07-10 01:53:05.292
ETH,BUY,2.0000,494885.000,2024-07-10 01:53:09.772
ETH,BUY,2.0000,494914.000,2024-07-10 01:53:12.551
ETH,BUY,0.2209,494912.000,2024-07-10 01:53:39.531
ETH,BUY,0.0500,494920.000,2024-07-10 01:53:39.531
ETH,SELL,0.2000,494920.000,2024-07-10 01:54:27.620
ETH,SELL,0.0500,494920.000,2024-07-10 01:54:28.016
ETH,SELL,0.1000,494920.000,2024-07-10 01:54:28.427
ETH,SELL,0.0880,494920.000,2024-07-10 01:54:29.540
ETH,SELL,0.0991,494920.000,2024-07-10 01:54:30.004
ETH,SELL,0.4374,494116.000,2024-07-10 01:54:30.004
ETH,SELL,0.0100,494117.000,2024-07-10 01:54:31.517
ETH,SELL,0.0300,494118.000,2024-07-10 01:54:32.144
ETH,SELL,0.0100,494118.000,2024-07-10 01:54:32.458
ETH,SELL,0.0400,494150.000,2024-07-10 01:54:54.947
ETH,BUY,1.0000,494199.000,2024-07-10 01:54:56.415
ETH,BUY,1.0000,494205.000,2024-07-10 01:54:59.382
ETH,BUY,0.0395,494767.000,2024-07-10 01:55:03.752
ETH,BUY,1.0000,494396.000,2024-07-10 01:55:05.748
ETH,BUY,0.7700,494462.000,2024-07-10 01:55:08.996
ETH,BUY,0.2300,494462.000,2024-07-10 01:55:09.050
ETH,BUY,0.5900,494568.000,2024-07-10 01:55:14.771
ETH,BUY,0.0500,494885.000,2024-07-10 01:55:17.541
ETH,BUY,0.0200,494943.000,2024-07-10 01:55:23.956
ETH,BUY,0.0100,494689.000,2024-07-10 01:55:29.833
ETH,BUY,0.0216,495088.000,2024-07-10 01:56:03.259
ETH,BUY,2.0000,495262.000,2024-07-10 01:56:15.336
ETH,BUY,1.0000,494989.000,2024-07-10 01:56:22.373
ETH,BUY,1.0000,495349.000,2024-07-10 01:56:22.373
ETH,BUY,0.3215,495106.000,2024-07-10 02:00:07.849
ETH,BUY,0.0100,495749.000,2024-07-10 02:04:28.804
ETH,BUY,0.1200,495842.000,2024-07-10 02:05:24.139
ETH,BUY,0.0400,495619.000,2024-07-10 02:05:44.600
ETH,BUY,0.0400,495074.000,2024-07-10 02:06:46.585
ETH,SELL,0.0106,494521.000,2024-07-10 02:10:35.764
ETH,SELL,0.0200,494156.000,2024-07-10 02:12:06.140
ETH,BUY,0.3200,494251.000,2024-07-10 02:16:26.300
ETH,BUY,0.0100,494251.000,2024-07-10 02:16:26.499
ETH,BUY,0.4000,494251.000,2024-07-10 02:16:26.533
ETH,BUY,0.0100,494251.000,2024-07-10 02:16:26.615
ETH,BUY,0.0100,494188.000,2024-07-10 02:17:37.042
ETH,BUY,0.0100,494216.000,2024-07-10 02:17:37.978
ETH,BUY,0.0200,494450.000,2024-07-10 02:18:06.854
ETH,BUY,0.4000,493866.000,2024-07-10 02:21:05.496
ETH,BUY,0.4000,493955.000,2024-07-10 02:21:16.012
ETH,BUY,0.0200,493933.000,2024-07-10 02:22:29.399
ETH,BUY,0.0700,493614.000,2024-07-10 02:23:48.261
ETH,BUY,0.3142,493614.000,2024-07-10 02:23:48.956
ETH,BUY,0.2000,493614.000,2024-07-10 02:23:48.997
ETH,BUY,0.2080,493614.000,2024-07-10 02:23:49.328
ETH,BUY,0.2078,493614.000,2024-07-10 02:23:49.515
ETH,BUY,0.0363,493800.000,2024-07-10 02:23:50.277
ETH,BUY,0.0237,493800.000,2024-07-10 02:23:54.331
ETH,BUY,0.1363,494008.000,2024-07-10 02:23:54.331
ETH,BUY,0.4000,494008.000,2024-07-10 02:23:54.564
ETH,BUY,0.0100,494008.000,2024-07-10 02:23:54.646
ETH,BUY,0.0100,494320.000,2024-07-10 02:23:55.596
ETH,BUY,0.0100,494320.000,2024-07-10 02:23:55.659
ETH,BUY,0.1000,494320.000,2024-07-10 02:23:56.035
ETH,BUY,0.0410,494576.000,2024-07-10 02:24:29.439
ETH,BUY,0.0100,494869.000,2024-07-10 02:28:54.252
ETH,BUY,0.1000,495039.000,2024-07-10 02:29:56.161
ETH,BUY,0.0203,495195.000,2024-07-10 02:30:10.697
ETH,BUY,0.0184,495042.000,2024-07-10 02:31:50.763
ETH,BUY,0.0400,494868.000,2024-07-10 02:32:21.564
ETH,BUY,0.4000,494868.000,2024-07-10 02:32:21.566
ETH,BUY,0.0389,494868.000,2024-07-10 02:32:21.763
ETH,BUY,0.5211,494868.000,2024-07-10 02:32:22.520
ETH,BUY,0.1000,495155.000,2024-07-10 02:32:23.271
ETH,BUY,0.0194,495589.000,2024-07-10 02:32:34.739
ETH,BUY,0.0383,495435.000,2024-07-10 02:32:53.764
ETH,BUY,1.6195,495671.000,2024-07-10 02:33:01.892
ETH,BUY,0.3805,495758.000,2024-07-10 02:33:01.892
ETH,BUY,1.0000,495521.000,2024-07-10 02:33:07.521
ETH,BUY,1.0000,495807.000,2024-07-10 02:33:07.521
ETH,BUY,1.0000,495588.000,2024-07-10 02:33:14.203
ETH,BUY,0.3782,495867.000,2024-07-10 02:33:14.203
ETH,BUY,0.6218,496045.000,2024-07-10 02:33:14.203
ETH,BUY,0.0128,496074.000,2024-07-10 02:33:23.247
ETH,BUY,0.4000,495883.000,2024-07-10 02:36:51.558
ETH,BUY,0.0331,496068.000,2024-07-10 02:36:57.344
ETH,BUY,0.0200,496136.000,2024-07-10 02:37:05.593
ETH,BUY,0.3800,496119.000,2024-07-10 02:37:11.244
ETH,BUY,0.4000,496132.000,2024-07-10 02:37:18.191
ETH,BUY,0.6000,496132.000,2024-07-10 02:37:18.191
ETH,BUY,0.0520,496712.000,2024-07-10 02:37:19.267
ETH,BUY,0.3773,496489.000,2024-07-10 02:37:24.299
ETH,BUY,0.0100,496489.000,2024-07-10 02:37:24.751
ETH,BUY,0.4000,496529.000,2024-07-10 02:37:27.129
ETH,BUY,0.4000,496641.000,2024-07-10 02:37:32.139
ETH,BUY,0.0200,496511.000,2024-07-10 02:39:12.478
ETH,SELL,0.0132,495895.000,2024-07-10 02:39:48.265
ETH,BUY,0.0500,496105.000,2024-07-10 02:39:50.610
ETH,BUY,0.4000,496463.000,2024-07-10 02:40:59.107
ETH,BUY,0.0200,496431.000,2024-07-10 02:41:11.140
ETH,SELL,0.0104,496322.000,2024-07-10 02:43:31.264
ETH,SELL,0.1000,495915.000,2024-07-10 02:46:23.752
ETH,SELL,0.8519,495776.000,2024-07-10 02:46:38.504
ETH,BUY,0.0286,496016.000,2024-07-10 02:49:36.815
ETH,BUY,0.0247,495995.000,2024-07-10 02:49:42.273
ETH,BUY,0.4000,496001.000,2024-07-10 02:51:09.101
ETH,BUY,0.0100,496108.000,2024-07-10 02:51:22.194
ETH,BUY,0.1400,496309.000,2024-07-10 02:51:49.152
ETH,BUY,0.0200,496501.000,2024-07-10 02:53:13.513
ETH,BUY,0.4000,496716.000,2024-07-10 02:53:37.526
ETH,BUY,0.1000,497000.000,2024-07-10 02:53:47.110
ETH,BUY,0.3000,497022.000,2024-07-10 02:53:47.110
ETH,BUY,0.0201,496980.000,2024-07-10 03:00:07.545
ETH,BUY,0.0100,496941.000,2024-07-10 03:01:53.730
ETH,BUY,0.4000,497024.000,2024-07-10 03:02:06.537
ETH,BUY,0.1523,497086.000,2024-07-10 03:02:06.906
ETH,BUY,0.2477,497176.000,2024-07-10 03:02:06.906
ETH,BUY,0.4000,496961.000,2024-07-10 03:02:08.446
ETH,BUY,0.4000,496961.000,2024-07-10 03:02:10.512
ETH,BUY,0.2000,496961.000,2024-07-10 03:02:10.748
ETH,BUY,0.2000,497220.000,2024-07-10 03:02:10.748
ETH,BUY,0.0227,497349.000,2024-07-10 03:02:16.250
ETH,BUY,0.1253,497275.000,2024-07-10 03:02:56.519
ETH,BUY,0.2747,497361.000,2024-07-10 03:02:56.519
ETH,BUY,0.4000,497408.000,2024-07-10 03:02:56.818
ETH,BUY,0.4000,497408.000,2024-07-10 03:03:00.876
ETH,BUY,0.4000,497582.000,2024-07-10 03:04:25.170
ETH,BUY,0.4000,497582.000,2024-07-10 03:04:25.958
ETH,BUY,0.0200,497669.000,2024-07-10 03:04:26.107
ETH,BUY,0.1800,497698.000,2024-07-10 03:04:26.107
ETH,SELL,0.0300,497330.000,2024-07-10 03:04:41.021
ETH,BUY,0.0232,497437.000,2024-07-10 03:05:03.369
ETH,BUY,2.0000,497495.000,2024-07-10 03:05:26.033
ETH,BUY,2.0000,497524.000,2024-07-10 03:05:28.583
ETH,BUY,2.0000,497582.000,2024-07-10 03:05:31.566
ETH,BUY,2.0000,497611.000,2024-07-10 03:05:34.439
ETH,BUY,2.0000,497698.000,2024-07-10 03:05:47.795
ETH,BUY,2.0000,497727.000,2024-07-10 03:05:52.160
ETH,BUY,2.0000,497756.000,2024-07-10 03:05:55.010
ETH,BUY,2.0000,497785.000,2024-07-10 03:05:57.625
ETH,BUY,2.0000,497814.000,2024-07-10 03:06:17.280
ETH,BUY,2.0000,497843.000,2024-07-10 03:06:21.233
ETH,BUY,2.0000,497872.000,2024-07-10 03:06:29.720
ETH,BUY,0.0126,497900.000,2024-07-10 03:09:00.471
ETH,BUY,0.0200,497900.000,2024-07-10 03:09:36.893
ETH,BUY,0.4417,497894.000,2024-07-10 03:09:53.727
ETH,BUY,0.2083,497895.000,2024-07-10 03:09:53.727
ETH,SELL,0.0900,497031.000,2024-07-10 03:11:49.250
ETH,BUY,0.8000,497089.000,2024-07-10 03:11:50.658
ETH,BUY,0.4000,497176.000,2024-07-10 03:12:00.125
ETH,BUY,0.4000,497176.000,2024-07-10 03:12:01.254
ETH,BUY,1.0000,496781.000,2024-07-10 03:12:33.148
ETH,BUY,1.0000,496802.000,2024-07-10 03:12:36.739
ETH,BUY,0.1500,497205.000,2024-07-10 03:12:46.155
ETH,SELL,0.3100,496849.000,2024-07-10 03:13:07.149
ETH,BUY,0.8529,497176.000,2024-07-10 03:13:08.848
ETH,BUY,0.0400,497205.000,2024-07-10 03:13:34.746
ETH,BUY,0.0100,497012.000,2024-07-10 03:14:04.994
ETH,BUY,0.0126,496628.000,2024-07-10 03:16:22.613
ETH,BUY,0.4000,496683.000,2024-07-10 03:17:16.539
ETH,BUY,0.1000,496683.000,2024-07-10 03:17:17.571
ETH,BUY,0.4000,496683.000,2024-07-10 03:17:18.136
ETH,BUY,0.0100,496712.000,2024-07-10 03:17:29.576
ETH,BUY,0.1819,496731.000,2024-07-10 03:17:39.545
ETH,BUY,0.5000,496299.000,2024-07-10 03:18:29.920
ETH,BUY,0.5000,496299.000,2024-07-10 03:18:30.708
ETH,BUY,1.0000,496329.000,2024-07-10 03:18:36.065
ETH,BUY,0.0100,496573.000,2024-07-10 03:20:39.589
ETH,BUY,0.2000,496573.000,2024-07-10 03:20:40.119
ETH,BUY,0.4000,496628.000,2024-07-10 03:20:40.870
ETH,BUY,0.0201,496650.000,2024-07-10 03:22:45.134
ETH,BUY,0.0200,496508.000,2024-07-10 03:23:21.781
ETH,BUY,0.2000,496494.000,2024-07-10 03:23:29.612
ETH,BUY,0.0212,496457.000,2024-07-10 03:24:08.350
ETH,BUY,0.0500,496457.000,2024-07-10 03:24:08.861
ETH,BUY,0.0100,496465.000,2024-07-10 03:24:13.758
ETH,BUY,0.0574,496473.000,2024-07-10 03:24:16.750
ETH,BUY,1.0000,496491.000,2024-07-10 03:24:17.397
ETH,BUY,1.5699,496762.000,2024-07-10 03:24:32.074
ETH,BUY,0.4301,496764.000,2024-07-10 03:24:32.074
ETH,BUY,0.2791,496860.000,2024-07-10 03:24:35.958
ETH,BUY,1.0000,496595.000,2024-07-10 03:24:40.153
ETH,BUY,0.2406,496967.000,2024-07-10 03:24:41.085
ETH,BUY,1.7594,497002.000,2024-07-10 03:24:41.085
ETH,BUY,1.5863,496961.000,2024-07-10 03:24:43.689
ETH,BUY,0.4137,497002.000,2024-07-10 03:24:43.689
ETH,BUY,3.8000,497031.000,2024-07-10 03:24:46.448
ETH,BUY,2.0000,497060.000,2024-07-10 03:24:50.348
ETH,BUY,0.0757,497118.000,2024-07-10 03:25:22.356
ETH,BUY,2.0000,497147.000,2024-07-10 03:25:46.708
ETH,BUY,2.0000,497176.000,2024-07-10 03:25:52.321
ETH,BUY,0.0391,497200.000,2024-07-10 03:26:27.747
ETH,BUY,0.0267,497234.000,2024-07-10 03:26:51.244
ETH,BUY,1.0000,496750.000,2024-07-10 03:27:34.301
ETH,BUY,0.0400,497176.000,2024-07-10 03:27:45.018
ETH,BUY,0.0900,497180.000,2024-07-10 03:30:48.641
ETH,BUY,0.2400,497205.000,2024-07-10 03:31:33.731
ETH,BUY,0.1600,497232.000,2024-07-10 03:31:36.794
ETH,BUY,0.4000,496919.000,2024-07-10 03:31:38.309
ETH,BUY,0.0482,497118.000,2024-07-10 03:32:51.966
ETH,BUY,0.0100,497176.000,2024-07-10 03:35:14.913
ETH,BUY,0.0100,497420.000,2024-07-10 03:36:18.976
ETH,BUY,0.0900,497466.000,2024-07-10 03:37:44.153
ETH,BUY,0.0900,497640.000,2024-07-10 03:39:27.723
ETH,BUY,0.1100,497640.000,2024-07-10 03:39:27.766
ETH,BUY,0.7400,497683.000,2024-07-10 03:41:09.266
ETH,BUY,0.0900,497724.000,2024-07-10 03:42:48.764
ETH,BUY,0.3100,497727.000,2024-07-10 03:42:48.764
ETH,BUY,0.4000,497756.000,2024-07-10 03:42:54.971
ETH,SELL,0.0100,497650.000,2024-07-10 03:43:13.972
ETH,SELL,0.0222,497400.000,2024-07-10 03:43:19.253
ETH,SELL,0.2609,497400.000,2024-07-10 03:44:42.242
ETH,BUY,1.0000,497466.000,2024-07-10 03:45:19.736
ETH,BUY,0.0200,497553.000,2024-07-10 03:45:30.023
ETH,BUY,0.2000,497756.000,2024-07-10 03:47:37.204
ETH,BUY,0.4000,497843.000,2024-07-10 03:47:40.589
ETH,BUY,2.0000,497872.000,2024-07-10 03:48:17.438
ETH,BUY,0.0084,497900.000,2024-07-10 03:48:19.765
ETH,BUY,0.0410,498000.000,2024-07-10 03:48:19.765
ETH,BUY,0.3000,498000.000,2024-07-10 03:48:19.765
ETH,BUY,0.6506,498133.000,2024-07-10 03:48:19.765
ETH,BUY,0.0410,498300.000,2024-07-10 03:48:41.125
ETH,BUY,0.1609,498305.000,2024-07-10 03:48:41.125
ETH,BUY,0.1181,498394.000,2024-07-10 03:48:41.125
ETH,BUY,0.4000,498394.000,2024-07-10 03:48:41.504
ETH,BUY,0.0200,498452.000,2024-07-10 03:49:26.137
ETH,BUY,0.0100,498486.000,2024-07-10 03:51:34.107
ETH,BUY,0.0100,498500.000,2024-07-10 03:51:34.107
ETH,BUY,0.2800,498539.000,2024-07-10 03:51:34.107
ETH,SELL,0.0100,498388.000,2024-07-10 03:53:20.972
ETH,SELL,0.2030,498120.000,2024-07-10 03:53:49.967
ETH,BUY,2.4200,498191.000,2024-07-10 03:53:57.547
ETH,BUY,0.0560,498191.000,2024-07-10 03:54:03.629
ETH,BUY,0.0130,498220.000,2024-07-10 03:54:23.627
ETH,BUY,0.0100,498307.000,2024-07-10 03:55:19.783
ETH,SELL,0.0300,498130.000,2024-07-10 03:55:25.879
ETH,SELL,0.2558,498120.000,2024-07-10 03:55:25.879
ETH,SELL,0.1119,498020.000,2024-07-10 03:55:45.994
ETH,SELL,0.0128,498020.000,2024-07-10 03:55:58.326
ETH,BUY,1.4165,498075.000,2024-07-10 03:58:09.325
ETH,BUY,0.2100,498278.000,2024-07-10 03:59:44.952
ETH,BUY,0.0100,498307.000,2024-07-10 04:00:07.558
ETH,SELL,0.0200,498431.000,2024-07-10 04:00:56.329
ETH,BUY,1.0000,498686.000,2024-07-10 04:01:14.045
ETH,BUY,0.0500,498713.000,2024-07-10 04:01:34.298
ETH,BUY,0.0500,498742.000,2024-07-10 04:01:49.418
ETH,SELL,0.0291,498710.000,2024-07-10 04:02:42.790
ETH,BUY,0.0100,499000.000,2024-07-10 04:02:43.033
ETH,BUY,0.3900,499052.000,2024-07-10 04:02:43.033
ETH,BUY,0.1440,499052.000,2024-07-10 04:02:43.101
ETH,BUY,0.3200,499052.000,2024-07-10 04:02:43.229
ETH,BUY,0.1000,499351.000,2024-07-10 04:02:45.054
ETH,BUY,0.0117,499438.000,2024-07-10 04:02:48.771
ETH,BUY,0.1000,499844.000,2024-07-10 04:02:53.269
ETH,BUY,0.0200,499844.000,2024-07-10 04:02:53.318
ETH,BUY,0.3200,499509.000,2024-07-10 04:02:58.277
ETH,BUY,0.4000,499509.000,2024-07-10 04:02:58.345
ETH,BUY,0.0300,499509.000,2024-07-10 04:02:58.615
ETH,BUY,0.0300,499667.000,2024-07-10 04:03:02.128
ETH,BUY,0.0100,499786.000,2024-07-10 04:03:22.884
ETH,BUY,1.0000,499348.000,2024-07-10 04:03:41.230
ETH,BUY,0.0200,499371.000,2024-07-10 04:03:41.230
ETH,SELL,0.5000,499786.000,2024-07-10 04:03:44.476
ETH,SELL,0.1440,499786.000,2024-07-10 04:03:58.157
ETH,SELL,0.9985,499786.000,2024-07-10 04:04:13.241
ETH,BUY,0.2000,499815.000,2024-07-10 04:04:16.717
ETH,SELL,0.5000,499786.000,2024-07-10 04:04:17.447
ETH,SELL,0.6000,499786.000,2024-07-10 04:04:21.998
ETH,SELL,1.9998,499786.000,2024-07-10 04:04:27.264
ETH,SELL,0.0151,499786.000,2024-07-10 04:04:28.763
ETH,SELL,1.9498,499786.000,2024-07-10 04:04:30.816
ETH,SELL,0.1300,499786.000,2024-07-10 04:04:31.866
ETH,SELL,0.5996,499786.000,2024-07-10 04:04:31.936
ETH,SELL,0.0700,499786.000,2024-07-10 04:04:32.186
ETH,SELL,0.1000,499786.000,2024-07-10 04:04:33.193
ETH,SELL,0.1000,499786.000,2024-07-10 04:04:33.606
ETH,SELL,0.4732,499786.000,2024-07-10 04:04:33.997
ETH,BUY,0.0200,499780.000,2024-07-10 04:04:47.147
ETH,SELL,0.1000,498775.000,2024-07-10 04:04:50.766
ETH,BUY,0.1000,498829.000,2024-07-10 04:05:55.619
ETH,BUY,0.0473,499032.000,2024-07-10 04:06:13.285
ETH,BUY,0.4000,499061.000,2024-07-10 04:06:19.250
ETH,BUY,1.0000,498769.000,2024-07-10 04:06:27.731
ETH,BUY,1.0000,498887.000,2024-07-10 04:06:30.850
ETH,BUY,0.8000,498906.000,2024-07-10 04:06:33.983
ETH,BUY,0.2000,498906.000,2024-07-10 04:06:34.038
ETH,BUY,0.0200,499148.000,2024-07-10 04:07:07.285
ETH,BUY,0.1200,499086.000,2024-07-10 04:07:18.432
ETH,BUY,0.4000,499086.000,2024-07-10 04:07:19.093
ETH,BUY,0.0700,499086.000,2024-07-10 04:07:19.322
ETH,BUY,0.4100,499086.000,2024-07-10 04:07:19.863
ETH,BUY,0.0559,499695.000,2024-07-10 04:07:20.266
ETH,BUY,0.1441,499695.000,2024-07-10 04:07:20.352
ETH,BUY,0.0559,499805.000,2024-07-10 04:07:20.352
ETH,BUY,0.2000,499780.000,2024-07-10 04:07:20.574
ETH,BUY,0.1000,499780.000,2024-07-10 04:07:21.040
ETH,BUY,0.2801,499780.000,2024-07-10 04:07:21.466
ETH,BUY,0.2000,499877.000,2024-07-10 04:07:23.891
ETH,BUY,0.1000,499877.000,2024-07-10 04:07:24.055
ETH,BUY,0.1000,499877.000,2024-07-10 04:07:24.243
ETH,BUY,0.2000,500000.000,2024-07-10 04:07:24.776
ETH,BUY,0.1000,500000.000,2024-07-10 04:07:24.777
ETH,BUY,0.1297,500000.000,2024-07-10 04:07:24.777
ETH,BUY,0.2000,500000.000,2024-07-10 04:07:25.229
ETH,BUY,0.1000,500000.000,2024-07-10 04:07:25.430
ETH,BUY,0.0703,500000.000,2024-07-10 04:07:27.135
ETH,BUY,0.0120,500000.000,2024-07-10 04:07:27.135
ETH,BUY,0.5174,500500.000,2024-07-10 04:07:27.135
ETH,BUY,0.0823,500500.000,2024-07-10 04:07:27.469
ETH,BUY,0.0300,500500.000,2024-07-10 04:07:28.583
ETH,BUY,0.3703,500500.000,2024-07-10 04:07:29.205
ETH,BUY,0.2093,500679.000,2024-07-10 04:07:29.205
ETH,SELL,0.0700,500006.000,2024-07-10 04:07:29.350
ETH,BUY,0.0258,500679.000,2024-07-10 04:07:29.353
ETH,BUY,0.0100,500679.000,2024-07-10 04:07:29.354
ETH,SELL,0.1709,500505.000,2024-07-10 04:07:30.630
ETH,SELL,0.1000,500007.000,2024-07-10 04:07:31.200
ETH,SELL,0.2000,500007.000,2024-07-10 04:07:31.461
ETH,BUY,0.1000,500532.000,2024-07-10 04:07:33.178
ETH,BUY,0.3000,500532.000,2024-07-10 04:07:33.355
ETH,SELL,0.2391,500244.000,2024-07-10 04:07:37.102
ETH,BUY,0.0700,500246.000,2024-07-10 04:07:38.278
ETH,BUY,0.3200,500302.000,2024-07-10 04:07:39.187
ETH,BUY,0.1000,500302.000,2024-07-10 04:07:39.578
ETH,BUY,0.4000,500302.000,2024-07-10 04:07:39.757
ETH,BUY,0.1800,500302.000,2024-07-10 04:07:39.907
ETH,BUY,0.1200,500684.000,2024-07-10 04:07:39.907
ETH,BUY,0.1000,500684.000,2024-07-10 04:07:40.444
ETH,BUY,0.0573,500767.000,2024-07-10 04:07:41.086
ETH,SELL,0.0123,500305.000,2024-07-10 04:07:41.326
ETH,SELL,0.0186,500747.000,2024-07-10 04:07:50.261
ETH,BUY,0.3200,500745.000,2024-07-10 04:07:52.146
ETH,BUY,1.0000,500711.000,2024-07-10 04:07:54.364
ETH,BUY,0.3200,500739.000,2024-07-10 04:07:59.308
ETH,BUY,0.0150,500810.000,2024-07-10 04:07:59.644
ETH,BUY,0.3850,500899.000,2024-07-10 04:07:59.644
ETH,BUY,0.0138,500963.000,2024-07-10 04:08:02.298
ETH,BUY,0.0300,501000.000,2024-07-10 04:08:05.461
ETH,BUY,0.0050,501144.000,2024-07-10 04:08:05.461
ETH,BUY,0.0400,500943.000,2024-07-10 04:08:07.667
ETH,BUY,0.1650,500943.000,2024-07-10 04:08:08.509
ETH,BUY,0.3100,500943.000,2024-07-10 04:08:09.110
ETH,BUY,0.2800,501142.000,2024-07-10 04:08:09.421
ETH,BUY,0.0900,501142.000,2024-07-10 04:08:11.555
ETH,BUY,0.0410,501200.000,2024-07-10 04:08:12.386
ETH,BUY,0.0410,501400.000,2024-07-10 04:08:12.386
ETH,BUY,0.0300,501500.000,2024-07-10 04:08:12.386
ETH,BUY,0.1800,501570.000,2024-07-10 04:08:12.386
ETH,BUY,0.1070,501656.000,2024-07-10 04:08:12.386
ETH,BUY,0.1000,501656.000,2024-07-10 04:08:12.764
ETH,BUY,0.0187,501656.000,2024-07-10 04:08:13.791
ETH,BUY,0.0564,501656.000,2024-07-10 04:08:14.230
ETH,SELL,0.0100,501505.000,2024-07-10 04:08:19.656
ETH,BUY,0.0400,501580.000,2024-07-10 04:08:22.139
ETH,BUY,0.4000,501580.000,2024-07-10 04:08:22.210
ETH,BUY,0.5600,501580.000,2024-07-10 04:08:22.783
ETH,BUY,0.0500,501700.000,2024-07-10 04:08:24.753
ETH,BUY,0.0361,501960.000,2024-07-10 04:08:24.753
ETH,BUY,0.1639,501960.000,2024-07-10 04:08:26.725
ETH,BUY,0.1000,502000.000,2024-07-10 04:08:26.848
ETH,BUY,0.0120,502000.000,2024-07-10 04:08:26.848
ETH,BUY,0.0100,502000.000,2024-07-10 04:08:26.848
ETH,BUY,0.1780,502000.000,2024-07-10 04:08:26.848
ETH,BUY,0.2000,502000.000,2024-07-10 04:08:27.059
ETH,BUY,0.1220,502000.000,2024-07-10 04:08:30.151
ETH,BUY,0.1300,502000.000,2024-07-10 04:08:30.151
ETH,BUY,0.0100,502225.000,2024-07-10 04:08:38.089
ETH,BUY,0.3900,502309.000,2024-07-10 04:08:38.089
ETH,SELL,0.1777,502020.000,2024-07-10 04:08:39.705
ETH,SELL,0.0222,502017.000,2024-07-10 04:08:39.705
ETH,SELL,0.5981,501986.000,2024-07-10 04:08:54.010
ETH,BUY,0.0222,502016.000,2024-07-10 04:08:56.276
ETH,BUY,0.0178,502019.000,2024-07-10 04:08:56.276
ETH,BUY,0.6500,501748.000,2024-07-10 04:09:01.555
ETH,BUY,0.3300,501748.000,2024-07-10 04:09:01.646
ETH,SELL,0.0199,501986.000,2024-07-10 04:09:33.298
ETH,BUY,0.0471,501989.000,2024-07-10 04:09:34.789
ETH,SELL,0.0164,501005.000,2024-07-10 04:09:59.798
ETH,SELL,0.0100,501000.000,2024-07-10 04:10:05.290
ETH,SELL,0.0637,500735.000,2024-07-10 04:10:05.290
ETH,SELL,0.0100,500735.000,2024-07-10 04:10:05.407
ETH,BUY,0.2400,500922.000,2024-07-10 04:10:12.507
ETH,SELL,1.0000,500921.000,2024-07-10 04:10:13.060
ETH,BUY,0.0200,500968.000,2024-07-10 04:10:15.381
ETH,BUY,0.1600,500968.000,2024-07-10 04:10:16.119
ETH,BUY,0.0400,501088.000,2024-07-10 04:10:20.113
ETH,BUY,0.0229,501177.000,2024-07-10 04:10:25.775
ETH,BUY,0.0600,501465.000,2024-07-10 04:10:50.222
ETH,SELL,0.0200,501369.000,2024-07-10 04:11:22.049
ETH,BUY,0.2000,501059.000,2024-07-10 04:11:25.479
ETH,SELL,0.0200,500705.000,2024-07-10 04:11:26.702
ETH,SELL,0.0899,500705.000,2024-07-10 04:11:33.593
ETH,SELL,0.0101,500700.000,2024-07-10 04:11:33.593
ETH,SELL,0.1000,500700.000,2024-07-10 04:11:33.688
ETH,SELL,0.5396,500700.000,2024-07-10 04:11:39.254
ETH,SELL,0.1003,500700.000,2024-07-10 04:12:22.011
ETH,SELL,0.0128,499701.000,2024-07-10 04:12:26.755
ETH,BUY,0.0300,499800.000,2024-07-10 04:12:41.584
ETH,BUY,0.4000,499989.000,2024-07-10 04:13:01.607
ETH,BUY,0.4000,500102.000,2024-07-10 04:13:22.605
ETH,BUY,0.4000,500747.000,2024-07-10 04:13:43.106
ETH,BUY,0.0100,500747.000,2024-07-10 04:13:44.376
ETH,BUY,0.2000,500970.000,2024-07-10 04:13:47.191
ETH,BUY,0.0300,501468.000,2024-07-10 04:13:58.598
ETH,SELL,0.2000,501235.000,2024-07-10 04:14:32.663
ETH,SELL,0.3000,501231.000,2024-07-10 04:14:32.663
ETH,BUY,0.5000,501352.000,2024-07-10 04:14:53.169
ETH,SELL,0.2000,500600.000,2024-07-10 04:15:38.055
ETH,SELL,0.3998,500596.000,2024-07-10 04:15:38.055
ETH,BUY,0.0200,500211.000,2024-07-10 04:15:54.594
ETH,SELL,0.0197,500131.000,2024-07-10 04:15:55.075
ETH,SELL,0.2000,500135.000,2024-07-10 04:15:55.747
ETH,SELL,0.0823,500131.000,2024-07-10 04:15:55.747
ETH,BUY,0.2000,499644.000,2024-07-10 04:16:36.327
ETH,BUY,0.1200,499693.000,2024-07-10 04:16:39.488
ETH,BUY,0.4000,499693.000,2024-07-10 04:16:41.639
ETH,BUY,0.3200,499693.000,2024-07-10 04:16:41.640
ETH,SELL,0.0670,499935.000,2024-07-10 04:16:44.886
ETH,BUY,0.3200,499607.000,2024-07-10 04:19:06.098
ETH,SELL,0.1000,500281.000,2024-07-10 04:20:45.028
ETH,SELL,0.1999,500245.000,2024-07-10 04:20:47.715
ETH,SELL,0.9996,500265.000,2024-07-10 04:20:48.698
ETH,SELL,0.0004,500265.000,2024-07-10 04:20:50.258
ETH,SELL,0.0001,500110.000,2024-07-10 04:20:50.258
ETH,SELL,0.0111,500108.000,2024-07-10 04:20:50.258
ETH,SELL,0.1060,500406.000,2024-07-10 04:21:42.980
ETH,SELL,0.1931,500250.000,2024-07-10 04:21:42.980
ETH,BUY,0.2026,500450.000,2024-07-10 04:22:02.001
ETH,BUY,0.0800,500450.000,2024-07-10 04:22:02.534
ETH,BUY,0.0200,500450.000,2024-07-10 04:22:06.962
ETH,BUY,0.9996,500450.000,2024-07-10 04:22:07.831
ETH,BUY,0.0200,500450.000,2024-07-10 04:22:38.394
ETH,BUY,0.1000,500450.000,2024-07-10 04:23:58.606
ETH,BUY,0.5000,500450.000,2024-07-10 04:24:35.328
ETH,BUY,0.0778,500450.000,2024-07-10 04:24:58.222
ETH,BUY,0.1000,500500.000,2024-07-10 04:25:27.522
ETH,BUY,0.0500,500500.000,2024-07-10 04:25:28.033
ETH,BUY,0.2000,501450.000,2024-07-10 04:26:39.444
ETH,BUY,0.4695,501453.000,2024-07-10 04:26:39.444
ETH,BUY,0.2000,501885.000,2024-07-10 04:27:05.822
ETH,BUY,0.0670,501887.000,2024-07-10 04:27:05.822
ETH,BUY,0.7074,501995.000,2024-07-10 04:27:05.822
ETH,BUY,1.0000,501949.000,2024-07-10 04:27:09.985
ETH,BUY,0.0893,501949.000,2024-07-10 04:27:10.285
ETH,BUY,0.2000,502033.000,2024-07-10 04:27:11.547
ETH,BUY,0.4107,502033.000,2024-07-10 04:27:11.717
ETH,BUY,0.1000,502033.000,2024-07-10 04:27:11.885
ETH,BUY,0.2000,502033.000,2024-07-10 04:27:12.158
ETH,BUY,0.0410,502500.000,2024-07-10 04:27:13.042
ETH,BUY,0.0100,502500.000,2024-07-10 04:27:13.042
ETH,BUY,0.0723,502921.000,2024-07-10 04:27:13.042
ETH,BUY,0.4000,502921.000,2024-07-10 04:27:13.247
ETH,SELL,0.1000,503174.000,2024-07-10 04:27:23.818
ETH,SELL,0.1000,503163.000,2024-07-10 04:27:23.818
ETH,BUY,0.2000,503450.000,2024-07-10 04:27:37.258
ETH,BUY,0.8683,503516.000,2024-07-10 04:27:37.258
ETH,BUY,0.4434,503670.000,2024-07-10 04:27:37.258
ETH,BUY,0.4883,503730.000,2024-07-10 04:27:37.258
ETH,BUY,0.5000,503643.000,2024-07-10 04:27:37.356
ETH,BUY,0.0800,503243.000,2024-07-10 04:27:39.209
ETH,BUY,0.4000,503445.000,2024-07-10 04:27:44.396
ETH,BUY,0.0120,504000.000,2024-07-10 04:27:55.134
ETH,BUY,0.0380,504000.000,2024-07-10 04:27:55.134
ETH,BUY,0.0570,504000.000,2024-07-10 04:27:57.460
ETH,BUY,0.1530,504174.000,2024-07-10 04:27:57.460
ETH,BUY,0.1400,504174.000,2024-07-10 04:27:59.618
ETH,BUY,1.0000,504303.000,2024-07-10 04:28:01.501
ETH,BUY,0.4395,504480.000,2024-07-10 04:28:01.501
ETH,BUY,0.4000,504503.000,2024-07-10 04:28:04.561
ETH,BUY,0.0605,504774.000,2024-07-10 04:28:16.456
ETH,BUY,0.4000,504556.000,2024-07-10 04:28:22.637
ETH,BUY,0.0300,504617.000,2024-07-10 04:28:35.594
ETH,BUY,0.2200,504825.000,2024-07-10 04:28:42.553
ETH,BUY,0.0100,505000.000,2024-07-10 04:29:24.100
ETH,BUY,0.0100,505000.000,2024-07-10 04:30:01.136
ETH,SELL,0.1000,504999.000,2024-07-10 04:30:04.280
ETH,SELL,0.4000,504999.000,2024-07-10 04:30:04.280
ETH,BUY,0.1629,505000.000,2024-07-10 04:30:12.456
ETH,BUY,0.2500,505000.000,2024-07-10 04:30:12.731
ETH,BUY,1.3800,505000.000,2024-07-10 04:30:12.948
ETH,BUY,0.9794,505000.000,2024-07-10 04:30:13.480
ETH,BUY,0.0100,505000.000,2024-07-10 04:30:13.480
ETH,BUY,0.7906,505000.000,2024-07-10 04:30:13.480
ETH,BUY,0.1500,505000.000,2024-07-10 04:30:15.369
ETH,BUY,0.1014,505000.000,2024-07-10 04:30:19.502
ETH,BUY,0.2500,505000.000,2024-07-10 04:30:19.502
ETH,BUY,0.0155,505100.000,2024-07-10 04:30:19.502
ETH,BUY,0.0131,505715.000,2024-07-10 04:30:19.502
ETH,BUY,0.0200,505708.000,2024-07-10 04:30:21.420
ETH,SELL,0.2000,505665.000,2024-07-10 04:30:22.136
ETH,SELL,0.1107,505666.000,2024-07-10 04:30:23.257
ETH,SELL,0.1000,505666.000,2024-07-10 04:30:23.511
ETH,SELL,0.4121,505469.000,2024-07-10 04:30:31.011
ETH,SELL,0.0200,504611.000,2024-07-10 04:30:48.260
ETH,SELL,0.0132,504610.000,2024-07-10 04:30:48.260
ETH,BUY,0.0400,504629.000,2024-07-10 04:30:57.802
ETH,BUY,1.7400,504073.000,2024-07-10 04:31:21.876
ETH,BUY,0.2600,504075.000,2024-07-10 04:31:21.876
ETH,BUY,0.0500,504075.000,2024-07-10 04:31:24.025
ETH,SELL,0.0100,504000.000,2024-07-10 04:31:29.269
ETH,SELL,0.0100,503728.000,2024-07-10 04:31:29.485
ETH,BUY,0.4000,503714.000,2024-07-10 04:31:38.240
ETH,BUY,0.4000,503714.000,2024-07-10 04:31:38.296
ETH,BUY,1.0000,503839.000,2024-07-10 04:31:41.464
ETH,BUY,0.4000,504275.000,2024-07-10 04:31:44.641
ETH,BUY,0.0400,504272.000,2024-07-10 04:32:07.633
ETH,BUY,0.4000,504272.000,2024-07-10 04:32:09.055
ETH,BUY,0.3000,504141.000,2024-07-10 04:32:23.789
ETH,BUY,0.2100,503998.000,2024-07-10 04:32:44.593
ETH,BUY,0.4000,503998.000,2024-07-10 04:32:44.647
ETH,BUY,0.3400,504234.000,2024-07-10 04:32:48.466
ETH,BUY,0.0199,504224.000,2024-07-10 04:32:56.028
ETH,BUY,0.0401,504231.000,2024-07-10 04:32:56.028
ETH,SELL,0.0113,503745.000,2024-07-10 04:34:05.757
ETH,BUY,0.2800,503365.000,2024-07-10 04:34:52.477
ETH,SELL,0.0100,503345.000,2024-07-10 04:34:52.519
ETH,BUY,0.0400,503382.000,2024-07-10 04:35:14.903
ETH,BUY,0.0310,503338.000,2024-07-10 04:36:26.914
ETH,SELL,0.0100,503558.000,2024-07-10 04:36:31.972
ETH,BUY,0.3000,504290.000,2024-07-10 04:37:09.517
ETH,BUY,0.0100,504426.000,2024-07-10 04:37:11.146
ETH,SELL,0.1787,504390.000,2024-07-10 04:38:01.053
ETH,SELL,0.1721,504337.000,2024-07-10 04:38:01.896
ETH,BUY,0.0360,504392.000,2024-07-10 04:39:51.816
ETH,SELL,0.0224,504405.000,2024-07-10 04:41:32.265
ETH,BUY,1.3450,504426.000,2024-07-10 04:41:38.614
ETH,SELL,0.0296,504105.000,2024-07-10 04:41:40.750
ETH,SELL,0.0190,503995.000,2024-07-10 04:41:52.261
ETH,SELL,0.0100,503965.000,2024-07-10 04:42:00.769
ETH,SELL,0.0155,503810.000,2024-07-10 04:43:01.748
ETH,SELL,0.0145,503894.000,2024-07-10 04:43:07.249
ETH,BUY,0.4596,503962.000,2024-07-10 04:43:14.746
ETH,SELL,0.0223,503821.000,2024-07-10 04:43:17.273
ETH,SELL,0.0218,503827.000,2024-07-10 04:43:22.769
ETH,SELL,0.0257,503855.000,2024-07-10 04:43:49.249
ETH,BUY,0.0100,503870.000,2024-07-10 04:44:38.527
ETH,SELL,0.0254,503002.000,2024-07-10 04:45:48.747
ETH,SELL,0.0100,503002.000,2024-07-10 04:45:48.811
ETH,SELL,0.0100,503000.000,2024-07-10 04:45:53.411
ETH,SELL,1.0000,502803.000,2024-07-10 04:45:53.411
ETH,SELL,0.0410,502800.000,2024-07-10 04:45:53.411
ETH,SELL,1.0000,502604.000,2024-07-10 04:45:53.411
ETH,SELL,0.1320,502504.000,2024-07-10 04:45:53.411
ETH,SELL,0.0855,502443.000,2024-07-10 04:45:53.411
ETH,SELL,0.0410,502400.000,2024-07-10 04:45:53.411
ETH,SELL,0.1000,502016.000,2024-07-10 04:45:53.411
ETH,SELL,0.2905,502015.000,2024-07-10 04:45:53.411
ETH,SELL,0.0100,502015.000,2024-07-10 04:45:53.545
ETH,BUY,0.0197,502523.000,2024-07-10 04:46:10.982
ETH,BUY,0.0197,502297.000,2024-07-10 04:46:30.963
ETH,BUY,0.0197,502335.000,2024-07-10 04:46:40.906
ETH,SELL,0.0199,502001.000,2024-07-10 04:46:54.237
ETH,BUY,0.0197,502105.000,2024-07-10 04:47:00.979
ETH,BUY,0.0100,502105.000,2024-07-10 04:47:02.681
ETH,BUY,0.1506,502265.000,2024-07-10 04:47:02.681
ETH,BUY,0.0894,502322.000,2024-07-10 04:47:02.681
ETH,BUY,0.0197,502402.000,2024-07-10 04:47:11.069
ETH,BUY,0.4000,502402.000,2024-07-10 04:47:11.070
ETH,BUY,0.0100,502912.000,2024-07-10 04:48:16.543
ETH,BUY,0.1000,502912.000,2024-07-10 04:48:16.593
ETH,BUY,0.8500,502974.000,2024-07-10 04:48:16.593
ETH,BUY,0.2773,503299.000,2024-07-10 04:48:28.126
ETH,BUY,0.1000,503301.000,2024-07-10 04:48:28.126
ETH,BUY,0.0227,503302.000,2024-07-10 04:48:28.126
ETH,SELL,0.0400,503088.000,2024-07-10 04:49:20.708
ETH,BUY,0.1900,503201.000,2024-07-10 04:49:32.488
ETH,BUY,0.2100,503287.000,2024-07-10 04:49:35.914
ETH,BUY,0.2900,503378.000,2024-07-10 04:49:35.974
ETH,BUY,0.0100,503670.000,2024-07-10 04:50:00.462
ETH,SELL,0.0300,503378.000,2024-07-10 04:51:27.912
ETH,BUY,0.0155,502939.000,2024-07-10 04:51:41.753
ETH,BUY,0.0069,502940.000,2024-07-10 04:51:41.753
ETH,BUY,0.4000,502947.000,2024-07-10 04:53:22.533
ETH,SELL,0.1000,502814.000,2024-07-10 04:55:47.933
ETH,SELL,0.7856,502777.000,2024-07-10 04:55:47.933
ETH,SELL,0.1000,502535.000,2024-07-10 04:55:47.933
ETH,SELL,0.0144,502534.000,2024-07-10 04:55:47.933
ETH,SELL,0.5000,502564.000,2024-07-10 04:55:59.382
ETH,BUY,0.4000,502962.000,2024-07-10 04:57:05.252
ETH,BUY,1.0000,502527.000,2024-07-10 04:57:29.961
ETH,BUY,0.0224,503009.000,2024-07-10 04:57:38.067
ETH,BUY,0.3776,503011.000,2024-07-10 04:57:38.067
ETH,BUY,1.0000,503225.000,2024-07-10 04:57:48.527
ETH,BUY,0.4000,503468.000,2024-07-10 04:57:55.949
ETH,BUY,0.1690,503826.000,2024-07-10 04:58:06.919
ETH,BUY,0.7856,504063.000,2024-07-10 04:59:22.762
ETH,BUY,0.3944,504064.000,2024-07-10 04:59:22.762
ETH,BUY,0.0250,504047.000,2024-07-10 05:00:59.526
ETH,SELL,0.0260,503736.000,2024-07-10 05:01:06.031
ETH,BUY,0.0300,504214.000,2024-07-10 05:01:11.811
ETH,SELL,0.4000,503854.000,2024-07-10 05:01:24.486
ETH,BUY,0.0197,503766.000,2024-07-10 05:01:50.906
ETH,BUY,1.0000,504455.000,2024-07-10 05:03:51.142
ETH,BUY,1.0000,504201.000,2024-07-10 05:04:28.187
ETH,BUY,0.0197,503837.000,2024-07-10 05:10:21.003
ETH,BUY,0.0197,503723.000,2024-07-10 05:10:41.165
ETH,BUY,0.1000,503722.000,2024-07-10 05:10:41.796
ETH,BUY,4.9000,503759.000,2024-07-10 05:10:41.796
ETH,BUY,0.0197,503771.000,2024-07-10 05:10:50.915
ETH,BUY,0.0197,503754.000,2024-07-10 05:11:00.972
ETH,BUY,0.0197,503814.000,2024-07-10 05:11:11.131
ETH,BUY,0.0100,503891.000,2024-07-10 05:11:29.201
ETH,BUY,0.0553,503707.000,2024-07-10 05:12:57.639
ETH,BUY,0.0447,503708.000,2024-07-10 05:12:57.639
ETH,SELL,0.0500,503700.000,2024-07-10 05:13:32.859
ETH,BUY,0.0295,503473.000,2024-07-10 05:15:45.822
ETH,BUY,0.3000,502906.000,2024-07-10 05:17:53.051
ETH,BUY,0.1000,502993.000,2024-07-10 05:17:55.443
ETH,BUY,0.0206,502993.000,2024-07-10 05:20:11.428
ETH,BUY,0.2249,503074.000,2024-07-10 05:20:11.651
ETH,BUY,0.4000,503700.000,2024-07-10 05:20:28.857
ETH,BUY,0.0122,503815.000,2024-07-10 05:21:41.660
ETH,BUY,0.0206,503732.000,2024-07-10 05:23:47.268
ETH,BUY,0.0534,503733.000,2024-07-10 05:23:47.268
ETH,BUY,0.2000,503830.000,2024-07-10 05:23:47.268
ETH,BUY,0.7260,503834.000,2024-07-10 05:23:47.268
ETH,BUY,0.1500,504194.000,2024-07-10 05:24:56.393
ETH,SELL,0.0600,504235.000,2024-07-10 05:26:13.924
ETH,BUY,0.0600,504581.000,2024-07-10 05:27:06.565
ETH,BUY,0.0400,504658.000,2024-07-10 05:27:06.565
ETH,BUY,0.1980,504687.000,2024-07-10 05:28:01.537
ETH,SELL,0.2999,504376.000,2024-07-10 05:28:35.783
ETH,SELL,0.2000,504376.000,2024-07-10 05:28:36.289
ETH,BUY,0.0600,504507.000,2024-07-10 05:30:24.999
ETH,BUY,0.0400,504542.000,2024-07-10 05:31:31.462
ETH,SELL,0.0100,503533.000,2024-07-10 05:33:52.746
ETH,SELL,0.0038,503055.000,2024-07-10 05:33:52.746
ETH,SELL,0.0100,502450.000,2024-07-10 05:36:00.507
ETH,SELL,0.1348,502450.000,2024-07-10 05:36:00.568
ETH,SELL,0.1000,502447.000,2024-07-10 05:36:00.568
ETH,SELL,1.0000,502446.000,2024-07-10 05:36:00.568
ETH,SELL,0.8056,502421.000,2024-07-10 05:36:00.568
ETH,SELL,0.1000,502311.000,2024-07-10 05:36:00.568
ETH,SELL,1.0000,502229.000,2024-07-10 05:36:00.568
ETH,SELL,0.5975,502008.000,2024-07-10 05:36:00.568
ETH,SELL,0.0100,502000.000,2024-07-10 05:36:00.568
ETH,SELL,0.2576,501803.000,2024-07-10 05:36:00.568
ETH,SELL,0.9945,501528.000,2024-07-10 05:36:00.568
ETH,BUY,1.0000,502129.000,2024-07-10 05:36:01.577
ETH,BUY,0.2576,502567.000,2024-07-10 05:36:36.313
ETH,BUY,0.0130,502742.000,2024-07-10 05:37:03.397
ETH,BUY,0.0110,502888.000,2024-07-10 05:37:13.663
ETH,BUY,0.1900,502665.000,2024-07-10 05:38:07.767
ETH,SELL,0.0222,501970.000,2024-07-10 05:40:50.756
ETH,BUY,0.0695,501850.000,2024-07-10 05:42:13.127
ETH,BUY,0.4000,502000.000,2024-07-10 05:42:40.124
ETH,BUY,0.3200,502000.000,2024-07-10 05:42:40.308
ETH,BUY,0.9305,502000.000,2024-07-10 05:42:40.631
ETH,BUY,0.3495,502000.000,2024-07-10 05:42:40.895
ETH,BUY,0.4000,502304.000,2024-07-10 05:42:45.899
ETH,BUY,0.0100,502594.000,2024-07-10 05:42:58.525
ETH,BUY,0.0200,502334.000,2024-07-10 05:44:09.361
ETH,SELL,0.0100,502316.000,2024-07-10 05:44:47.408
ETH,BUY,0.3200,502351.000,2024-07-10 05:45:03.065
ETH,BUY,0.4000,502351.000,2024-07-10 05:45:03.504
ETH,BUY,0.2800,502351.000,2024-07-10 05:45:03.786
ETH,BUY,0.0800,502564.000,2024-07-10 05:45:03.786
ETH,BUY,0.0400,502800.000,2024-07-10 05:45:03.786
ETH,BUY,0.1600,502800.000,2024-07-10 05:45:03.914
ETH,BUY,0.0400,502801.000,2024-07-10 05:45:03.914
ETH,BUY,0.0700,502834.000,2024-07-10 05:45:54.109
ETH,BUY,0.0100,502641.000,2024-07-10 05:46:09.492
ETH,BUY,0.2000,503011.000,2024-07-10 05:47:07.280
ETH,BUY,0.0400,503011.000,2024-07-10 05:47:07.288
ETH,BUY,0.3200,503011.000,2024-07-10 05:47:07.289
ETH,BUY,0.3200,503075.000,2024-07-10 05:47:12.154
ETH,BUY,0.0300,503075.000,2024-07-10 05:47:12.299
ETH,SELL,0.0705,502408.000,2024-07-10 05:48:19.166
ETH,SELL,0.0200,502649.000,2024-07-10 05:48:59.399
ETH,BUY,0.4000,502712.000,2024-07-10 05:50:54.168
ETH,SELL,0.0200,502626.000,2024-07-10 05:51:39.731
ETH,SELL,0.0104,502407.000,2024-07-10 05:51:47.327
ETH,SELL,1.0000,502407.000,2024-07-10 05:55:12.365
ETH,SELL,0.2896,502407.000,2024-07-10 05:55:12.483
ETH,SELL,0.3000,501642.000,2024-07-10 05:56:02.983
ETH,BUY,0.4000,501729.000,2024-07-10 05:56:20.529
ETH,SELL,0.0100,501503.000,2024-07-10 05:57:47.157
ETH,BUY,0.0200,501779.000,2024-07-10 05:58:23.275
ETH,BUY,0.4000,502095.000,2024-07-10 06:01:46.923
ETH,SELL,0.0200,502100.000,2024-07-10 06:03:44.411
ETH,BUY,0.1800,501617.000,2024-07-10 06:04:44.832
ETH,BUY,0.1000,502120.000,2024-07-10 06:06:01.856
ETH,BUY,0.2000,501854.000,2024-07-10 06:07:20.362
ETH,BUY,0.0100,501099.000,2024-07-10 06:07:52.899
ETH,BUY,0.1674,500913.000,2024-07-10 06:08:30.137
ETH,BUY,0.2326,500914.000,2024-07-10 06:08:30.137
ETH,BUY,0.0673,500913.000,2024-07-10 06:08:30.945
ETH,BUY,0.0727,500946.000,2024-07-10 06:08:30.945
ETH,BUY,0.0900,501577.000,2024-07-10 06:10:43.996
ETH,BUY,0.0100,501642.000,2024-07-10 06:10:51.090
ETH,BUY,0.0200,501328.000,2024-07-10 06:11:08.009
ETH,BUY,0.0500,501714.000,2024-07-10 06:12:37.258
ETH,BUY,0.3200,501714.000,2024-07-10 06:12:37.298
ETH,BUY,0.0500,501714.000,2024-07-10 06:12:39.849
ETH,BUY,0.0400,502019.000,2024-07-10 06:12:42.106
ETH,BUY,0.0800,502018.000,2024-07-10 06:12:43.619
ETH,BUY,0.1000,502015.000,2024-07-10 06:14:17.565
ETH,SELL,0.1000,502005.000,2024-07-10 06:15:23.476
ETH,BUY,0.0200,502015.000,2024-07-10 06:16:38.269
ETH,SELL,0.0200,502014.000,2024-07-10 06:18:46.018
ETH,BUY,0.0705,502015.000,2024-07-10 06:18:54.281
ETH,BUY,0.0294,502108.000,2024-07-10 06:18:54.281
ETH,BUY,0.3000,502108.000,2024-07-10 06:18:54.670
ETH,BUY,0.1000,502131.000,2024-07-10 06:18:56.493
ETH,BUY,0.3000,502164.000,2024-07-10 06:19:03.167
ETH,BUY,0.0200,502198.000,2024-07-10 06:19:03.167
ETH,BUY,0.0300,502253.000,2024-07-10 06:19:05.916
ETH,BUY,0.0100,502570.000,2024-07-10 06:23:15.785
ETH,SELL,0.2000,502040.000,2024-07-10 06:25:20.686
ETH,SELL,0.8800,502037.000,2024-07-10 06:25:20.686
ETH,BUY,0.1900,502077.000,2024-07-10 06:25:30.419
ETH,BUY,0.4000,502077.000,2024-07-10 06:25:35.091
ETH,BUY,0.3200,502106.000,2024-07-10 06:25:35.372
ETH,BUY,0.0100,502135.000,2024-07-10 06:25:46.449
ETH,BUY,0.4000,502164.000,2024-07-10 06:25:50.494
ETH,BUY,0.3200,502164.000,2024-07-10 06:25:51.334
ETH,BUY,0.4000,502251.000,2024-07-10 06:26:06.672
ETH,BUY,0.0100,502309.000,2024-07-10 06:26:21.260
ETH,BUY,0.0400,502309.000,2024-07-10 06:26:21.364
ETH,BUY,0.4000,502309.000,2024-07-10 06:26:22.474
ETH,SELL,0.0100,502102.000,2024-07-10 06:28:00.006
ETH,BUY,0.5000,502309.000,2024-07-10 06:32:16.842
ETH,SELL,0.0113,502019.000,2024-07-10 06:35:31.741
ETH,BUY,1.0000,502048.000,2024-07-10 06:37:00.323
ETH,SELL,0.0600,502019.000,2024-07-10 06:37:01.587
ETH,BUY,0.5000,502105.000,2024-07-10 06:37:23.720
ETH,BUY,0.5000,502395.000,2024-07-10 06:40:18.836
ETH,BUY,0.1300,502425.000,2024-07-10 06:40:37.987
ETH,BUY,0.0100,502619.000,2024-07-10 06:41:11.534
ETH,BUY,0.0100,502777.000,2024-07-10 06:49:08.497
ETH,BUY,0.0200,502777.000,2024-07-10 06:49:08.499
ETH,BUY,0.1000,502777.000,2024-07-10 06:49:08.539
ETH,BUY,0.4000,502777.000,2024-07-10 06:49:09.096
ETH,BUY,0.0100,503005.000,2024-07-10 06:58:55.046
ETH,BUY,0.0264,503034.000,2024-07-10 07:01:13.505
ETH,SELL,0.0111,503005.000,2024-07-10 07:01:41.851
ETH,BUY,0.0500,503006.000,2024-07-10 07:04:23.434
ETH,SELL,0.0789,503005.000,2024-07-10 07:05:38.415
ETH,BUY,0.0200,502801.000,2024-07-10 07:07:21.817
ETH,SELL,0.2000,502800.000,2024-07-10 07:09:41.900
ETH,SELL,0.0151,502501.000,2024-07-10 07:09:44.257
ETH,BUY,0.2000,502510.000,2024-07-10 07:11:43.507
ETH,BUY,0.1600,502512.000,2024-07-10 07:11:43.507
ETH,SELL,0.5000,502501.000,2024-07-10 07:11:54.332
ETH,BUY,0.0229,502502.000,2024-07-10 07:12:24.382
ETH,BUY,0.0161,502502.000,2024-07-10 07:12:24.382
ETH,SELL,0.1599,502501.000,2024-07-10 07:14:00.622
ETH,SELL,0.0287,502501.000,2024-07-10 07:14:00.622
ETH,SELL,0.8060,502501.000,2024-07-10 07:14:00.622
ETH,SELL,1.7900,502459.000,2024-07-10 07:14:00.622
ETH,SELL,1.7900,502459.000,2024-07-10 07:14:00.622
ETH,SELL,0.2000,502045.000,2024-07-10 07:14:00.622
ETH,SELL,0.1000,502043.000,2024-07-10 07:14:00.622
ETH,SELL,0.7538,502042.000,2024-07-10 07:14:00.622
ETH,BUY,0.0100,502338.000,2024-07-10 07:15:04.895
ETH,BUY,1.9000,502454.000,2024-07-10 07:19:02.612
ETH,BUY,0.2000,502483.000,2024-07-10 07:19:20.482
ETH,BUY,0.2000,502570.000,2024-07-10 07:19:58.772
ETH,SELL,0.0173,502222.000,2024-07-10 07:20:42.343
ETH,SELL,0.0057,501950.000,2024-07-10 07:20:42.343
ETH,BUY,0.0100,501942.000,2024-07-10 07:22:12.206
ETH,SELL,0.5000,501941.000,2024-07-10 07:22:38.230
ETH,SELL,0.0191,501746.000,2024-07-10 07:22:59.749
ETH,SELL,0.0136,501477.000,2024-07-10 07:23:11.245
ETH,SELL,0.0243,501596.000,2024-07-10 07:23:19.749
ETH,SELL,0.0194,501599.000,2024-07-10 07:23:25.231
ETH,SELL,0.0130,501604.000,2024-07-10 07:23:32.251
ETH,BUY,0.4000,501641.000,2024-07-10 07:23:38.485
ETH,BUY,0.3960,501641.000,2024-07-10 07:23:38.682
ETH,BUY,0.0040,501642.000,2024-07-10 07:23:38.682
ETH,SELL,0.0140,501361.000,2024-07-10 07:23:49.749
ETH,SELL,0.0131,501371.000,2024-07-10 07:24:02.747
ETH,SELL,0.0139,501394.000,2024-07-10 07:24:18.749
ETH,SELL,0.6000,501311.000,2024-07-10 07:26:20.454
ETH,BUY,0.0200,501352.000,2024-07-10 07:26:25.774
ETH,BUY,0.1000,501352.000,2024-07-10 07:26:53.924
ETH,BUY,0.0100,501374.000,2024-07-10 07:27:02.716
ETH,BUY,0.0100,501400.000,2024-07-10 07:27:04.711
ETH,BUY,0.0100,501350.000,2024-07-10 07:27:18.691
ETH,SELL,1.7901,501311.000,2024-07-10 07:28:40.408
ETH,BUY,0.4000,501350.000,2024-07-10 07:29:01.314
ETH,BUY,0.4000,501350.000,2024-07-10 07:29:02.001
ETH,BUY,0.3200,501350.000,2024-07-10 07:29:02.327
ETH,BUY,0.4000,501350.000,2024-07-10 07:29:04.318
ETH,BUY,0.4000,501349.000,2024-07-10 07:29:09.731
ETH,BUY,0.4000,501349.000,2024-07-10 07:29:10.697
ETH,SELL,0.0721,501311.000,2024-07-10 07:29:12.743
ETH,SELL,0.0175,501311.000,2024-07-10 07:29:24.735
ETH,SELL,0.0703,501311.000,2024-07-10 07:29:53.848
ETH,SELL,0.0175,500997.000,2024-07-10 07:29:55.769
ETH,SELL,0.1021,500925.000,2024-07-10 07:30:03.758
ETH,SELL,0.0133,500975.000,2024-07-10 07:30:27.256
ETH,SELL,0.0128,500975.000,2024-07-10 07:30:38.748
ETH,SELL,0.0100,500999.000,2024-07-10 07:30:45.755
ETH,SELL,0.0116,500999.000,2024-07-10 07:31:12.240
ETH,SELL,0.8084,500999.000,2024-07-10 07:32:00.207
ETH,SELL,1.0000,500999.000,2024-07-10 07:32:00.207
ETH,SELL,0.0100,500876.000,2024-07-10 07:32:08.756
ETH,SELL,0.0017,500821.000,2024-07-10 07:32:08.756
ETH,SELL,0.0135,500816.000,2024-07-10 07:32:29.264
ETH,BUY,0.0100,500825.000,2024-07-10 07:33:37.973
ETH,SELL,0.0188,500285.000,2024-07-10 07:33:40.805
ETH,SELL,0.0103,500383.000,2024-07-10 07:33:46.251
ETH,SELL,0.0173,500517.000,2024-07-10 07:33:53.241
ETH,SELL,2.2024,500568.000,2024-07-10 07:33:54.662
ETH,SELL,1.6700,500539.000,2024-07-10 07:33:54.662
ETH,SELL,0.4000,500528.000,2024-07-10 07:33:54.662
ETH,SELL,1.0000,500485.000,2024-07-10 07:33:54.662
ETH,SELL,0.0089,500339.000,2024-07-10 07:33:54.662
ETH,SELL,0.0100,500374.000,2024-07-10 07:33:58.737
ETH,SELL,0.0136,500373.000,2024-07-10 07:33:58.737
ETH,BUY,0.0980,500627.000,2024-07-10 07:35:45.377
ETH,BUY,0.1800,500626.000,2024-07-10 07:35:50.372
ETH,SELL,0.0104,500469.000,2024-07-10 07:37:32.741
ETH,BUY,0.0100,500470.000,2024-07-10 07:40:19.974
ETH,BUY,0.4000,500688.000,2024-07-10 07:41:14.465
ETH,BUY,0.0198,500944.000,2024-07-10 07:42:40.964
ETH,BUY,0.0198,500904.000,2024-07-10 07:42:50.856
ETH,SELL,0.0262,500645.000,2024-07-10 07:42:59.244
ETH,SELL,0.0183,500788.000,2024-07-10 07:43:12.247
ETH,SELL,0.0180,500630.000,2024-07-10 07:43:34.243
ETH,SELL,0.0100,500469.000,2024-07-10 07:44:15.749
ETH,SELL,0.0007,500384.000,2024-07-10 07:44:15.749
ETH,BUY,0.0198,500395.000,2024-07-10 07:44:50.863
ETH,BUY,0.0500,500297.000,2024-07-10 07:45:11.233
ETH,SELL,0.0157,500108.000,2024-07-10 07:45:12.256
ETH,SELL,0.0213,500085.000,2024-07-10 07:45:31.246
ETH,BUY,0.6284,500104.000,2024-07-10 07:45:44.189
ETH,BUY,0.3716,500105.000,2024-07-10 07:45:44.189
ETH,BUY,0.0198,500102.000,2024-07-10 07:46:10.875
ETH,BUY,0.0198,500134.000,2024-07-10 07:46:20.819
ETH,BUY,0.0199,500111.000,2024-07-10 07:46:30.904
ETH,BUY,0.0199,500093.000,2024-07-10 07:46:50.962
ETH,BUY,0.0199,500134.000,2024-07-10 07:47:20.907
ETH,SELL,0.0087,500085.000,2024-07-10 07:47:31.597
ETH,SELL,0.0393,500001.000,2024-07-10 07:47:35.244
ETH,SELL,0.0126,500001.000,2024-07-10 07:47:48.265
ETH,BUY,0.0200,500002.000,2024-07-10 07:47:52.723
ETH,SELL,0.0105,500001.000,2024-07-10 07:48:04.253
ETH,SELL,0.0166,500002.000,2024-07-10 07:48:19.247
ETH,SELL,0.0177,500001.000,2024-07-10 07:48:24.749
ETH,SELL,0.0500,500384.000,2024-07-10 07:50:07.640
ETH,SELL,1.0000,500321.000,2024-07-10 07:50:07.640
ETH,SELL,0.5996,500317.000,2024-07-10 07:50:07.640
ETH,SELL,1.0000,500124.000,2024-07-10 07:50:07.640
ETH,SELL,0.1000,500006.000,2024-07-10 07:50:07.640
ETH,SELL,0.2000,500005.000,2024-07-10 07:50:07.640
ETH,SELL,0.0199,500001.000,2024-07-10 07:50:07.640
ETH,BUY,0.2000,500001.000,2024-07-10 07:50:08.318
ETH,BUY,0.5000,500001.000,2024-07-10 07:50:08.697
ETH,BUY,0.2000,500001.000,2024-07-10 07:50:09.103
ETH,BUY,0.4000,500001.000,2024-07-10 07:50:59.283
ETH,BUY,0.2305,500001.000,2024-07-10 07:50:59.292
ETH,BUY,0.1695,500001.000,2024-07-10 07:50:59.292
ETH,BUY,0.4000,500001.000,2024-07-10 07:50:59.558
ETH,BUY,1.0000,500001.000,2024-07-10 07:50:59.559
ETH,BUY,0.3200,500001.000,2024-07-10 07:51:00.351
ETH,BUY,0.1105,500001.000,2024-07-10 07:51:00.883
ETH,BUY,0.1900,500245.000,2024-07-10 07:51:00.883
ETH,BUY,0.0995,500264.000,2024-07-10 07:51:00.883
ETH,BUY,0.1100,500392.000,2024-07-10 07:52:49.214
ETH,BUY,0.0200,500411.000,2024-07-10 07:53:36.288
ETH,SELL,0.0700,500246.000,2024-07-10 07:54:42.489
ETH,SELL,0.5358,500243.000,2024-07-10 07:54:42.489
ETH,BUY,0.0166,500510.000,2024-07-10 07:55:24.714
ETH,BUY,0.0134,500510.000,2024-07-10 07:55:24.714
ETH,BUY,0.4000,500402.000,2024-07-10 07:56:33.973
ETH,BUY,0.4000,500402.000,2024-07-10 07:56:34.124
ETH,BUY,0.1600,500402.000,2024-07-10 07:56:34.318
ETH,BUY,0.0400,500402.000,2024-07-10 07:56:34.717
ETH,BUY,0.3600,500630.000,2024-07-10 07:56:34.717
ETH,BUY,0.4000,500479.000,2024-07-10 07:56:36.911
ETH,BUY,0.4000,500669.000,2024-07-10 07:58:10.486
ETH,BUY,0.4000,500669.000,2024-07-10 07:58:10.729
ETH,BUY,0.2000,500669.000,2024-07-10 07:58:10.746
ETH,BUY,0.2000,500823.000,2024-07-10 07:58:10.746
ETH,BUY,0.0400,500823.000,2024-07-10 07:58:11.101
ETH,BUY,0.4000,500679.000,2024-07-10 07:58:11.932
ETH,BUY,0.3000,500705.000,2024-07-10 07:59:09.992
ETH,BUY,0.4000,500679.000,2024-07-10 07:59:11.275
ETH,BUY,1.0000,500675.000,2024-07-10 07:59:38.326
ETH,BUY,0.4000,500866.000,2024-07-10 07:59:38.326
ETH,BUY,0.4000,500784.000,2024-07-10 08:00:45.756
ETH,BUY,0.4000,500784.000,2024-07-10 08:00:46.882
ETH,BUY,0.3200,500833.000,2024-07-10 08:00:47.083
ETH,BUY,0.4000,500841.000,2024-07-10 08:00:50.855
ETH,BUY,0.4000,501041.000,2024-07-10 08:01:15.476
ETH,BUY,0.4000,501197.000,2024-07-10 08:01:21.466
ETH,BUY,0.1000,500974.000,2024-07-10 08:01:37.197
ETH,SELL,0.0100,500902.000,2024-07-10 08:03:24.512
ETH,SELL,0.1900,500900.000,2024-07-10 08:03:24.512
ETH,SELL,0.2000,500900.000,2024-07-10 08:03:59.862
ETH,SELL,0.1100,500900.000,2024-07-10 08:04:04.237
ETH,BUY,0.1800,500498.000,2024-07-10 08:04:13.610
ETH,SELL,0.0278,500351.000,2024-07-10 08:04:35.094
ETH,SELL,0.0400,500000.000,2024-07-10 08:04:35.094
ETH,SELL,0.2322,500000.000,2024-07-10 08:04:35.094
ETH,SELL,0.2678,500000.000,2024-07-10 08:04:40.085
ETH,SELL,0.3328,500000.000,2024-07-10 08:04:40.085
ETH,SELL,0.0345,500000.000,2024-07-10 08:04:42.236
ETH,SELL,0.6327,500000.000,2024-07-10 08:04:43.093
ETH,SELL,0.7591,500000.000,2024-07-10 08:04:43.093
ETH,SELL,0.5000,500000.000,2024-07-10 08:04:47.178
ETH,SELL,0.0442,500000.000,2024-07-10 08:04:50.844
ETH,SELL,0.6003,500000.000,2024-07-10 08:04:56.608
ETH,SELL,0.4379,500000.000,2024-07-10 08:04:57.032
ETH,SELL,0.0212,500000.000,2024-07-10 08:04:59.765
ETH,BUY,0.1000,500001.000,2024-07-10 08:05:01.923
ETH,SELL,0.0188,500000.000,2024-07-10 08:05:05.273
ETH,SELL,0.1185,500000.000,2024-07-10 08:05:11.136
ETH,SELL,0.0100,500000.000,2024-07-10 08:05:11.136
ETH,SELL,0.0100,500000.000,2024-07-10 08:05:11.136
ETH,SELL,0.1416,500000.000,2024-07-10 08:05:11.136
ETH,SELL,0.5000,500000.000,2024-07-10 08:05:11.793
ETH,SELL,0.3584,500000.000,2024-07-10 08:05:12.544
ETH,SELL,0.0410,499800.000,2024-07-10 08:05:12.544
ETH,SELL,0.0300,499500.000,2024-07-10 08:05:12.544
ETH,SELL,0.4289,499057.000,2024-07-10 08:05:12.544
ETH,BUY,0.0198,499235.000,2024-07-10 08:05:20.938
ETH,BUY,0.0196,499264.000,2024-07-10 08:05:40.865
ETH,BUY,1.2000,499293.000,2024-07-10 08:05:53.572
ETH,BUY,2.0000,499293.000,2024-07-10 08:06:00.317
ETH,BUY,0.0300,499235.000,2024-07-10 08:06:32.387
ETH,BUY,1.9700,499322.000,2024-07-10 08:06:32.387
ETH,BUY,2.0000,499380.000,2024-07-10 08:06:45.987
ETH,BUY,0.2796,499525.000,2024-07-10 08:06:48.540
ETH,BUY,0.1200,499525.000,2024-07-10 08:06:48.753
ETH,BUY,0.0700,499425.000,2024-07-10 08:06:50.911
ETH,BUY,0.9300,499425.000,2024-07-10 08:06:51.294
ETH,BUY,1.0000,499469.000,2024-07-10 08:06:54.331
ETH,BUY,0.0100,499908.000,2024-07-10 08:07:37.634
ETH,BUY,0.0195,499859.000,2024-07-10 08:08:10.938
ETH,BUY,0.0200,500218.000,2024-07-10 08:08:45.274
ETH,BUY,0.0195,500209.000,2024-07-10 08:09:10.993
ETH,BUY,0.4000,500218.000,2024-07-10 08:09:11.593
ETH,BUY,0.2000,500218.000,2024-07-10 08:09:11.709
ETH,BUY,0.4000,500218.000,2024-07-10 08:09:12.553
ETH,BUY,0.7900,499753.000,2024-07-10 08:10:12.111
ETH,SELL,0.0500,499190.000,2024-07-10 08:11:34.739
ETH,BUY,0.0251,499344.000,2024-07-10 08:11:40.270
ETH,BUY,0.0100,499289.000,2024-07-10 08:11:42.659
ETH,BUY,0.0499,499420.000,2024-07-10 08:11:53.245
ETH,BUY,0.1800,499256.000,2024-07-10 08:12:30.828
ETH,SELL,0.0529,499190.000,2024-07-10 08:12:39.243
ETH,SELL,0.0827,499190.000,2024-07-10 08:14:57.265
ETH,BUY,0.5000,499343.000,2024-07-10 08:14:59.298
ETH,BUY,0.0100,499334.000,2024-07-10 08:16:58.200
ETH,BUY,0.0400,499338.000,2024-07-10 08:17:03.599
ETH,SELL,0.0102,499191.000,2024-07-10 08:17:10.245
ETH,SELL,0.0398,499191.000,2024-07-10 08:17:15.759
ETH,SELL,0.0028,499190.000,2024-07-10 08:17:15.759
ETH,SELL,0.7626,499190.000,2024-07-10 08:18:29.403
ETH,SELL,0.0158,498875.000,2024-07-10 08:18:30.347
ETH,BUY,0.0400,498915.000,2024-07-10 08:18:56.532
ETH,BUY,0.0190,498860.000,2024-07-10 08:19:40.985
ETH,BUY,0.2000,498997.000,2024-07-10 08:20:41.196
ETH,BUY,0.3200,499152.000,2024-07-10 08:20:42.097
ETH,BUY,0.8300,498775.000,2024-07-10 08:23:41.176
ETH,BUY,0.1700,498775.000,2024-07-10 08:23:41.212
ETH,BUY,0.7000,498853.000,2024-07-10 08:23:47.599
ETH,SELL,0.5500,498985.000,2024-07-10 08:24:33.940
ETH,SELL,0.1900,498985.000,2024-07-10 08:24:33.940
ETH,SELL,0.2600,498922.000,2024-07-10 08:24:33.940
ETH,BUY,0.0600,499028.000,2024-07-10 08:25:29.609
ETH,BUY,0.1000,499133.000,2024-07-10 08:25:35.085
ETH,BUY,0.0400,499160.000,2024-07-10 08:25:35.836
ETH,BUY,0.3200,499160.000,2024-07-10 08:25:37.065
ETH,BUY,0.0100,499253.000,2024-07-10 08:25:42.139
ETH,BUY,0.0200,499253.000,2024-07-10 08:25:43.083
ETH,BUY,0.0100,499253.000,2024-07-10 08:25:44.396
ETH,SELL,0.0439,499419.000,2024-07-10 08:26:21.755
ETH,BUY,0.2900,499421.000,2024-07-10 08:26:22.080
ETH,SELL,0.1000,499491.000,2024-07-10 08:27:42.242
ETH,SELL,0.0800,499600.000,2024-07-10 08:30:17.538
ETH,BUY,0.1990,499802.000,2024-07-10 08:34:17.691
ETH,BUY,0.1220,499803.000,2024-07-10 08:34:17.691
ETH,BUY,0.0600,499859.000,2024-07-10 08:35:00.084
ETH,BUY,0.0150,499858.000,2024-07-10 08:35:04.352
ETH,BUY,0.0300,499808.000,2024-07-10 08:35:19.722
ETH,BUY,0.2000,499790.000,2024-07-10 08:36:28.815
ETH,BUY,0.0100,499815.000,2024-07-10 08:37:06.943
ETH,BUY,2.0000,499902.000,2024-07-10 08:40:22.956
ETH,BUY,0.0197,499735.000,2024-07-10 08:42:10.339
ETH,SELL,0.7904,499730.000,2024-07-10 08:42:19.734
ETH,SELL,0.3566,499729.000,2024-07-10 08:42:19.734
ETH,BUY,0.0850,499872.000,2024-07-10 08:43:00.711
ETH,BUY,1.9150,499873.000,2024-07-10 08:43:00.711
ETH,BUY,0.1000,499871.000,2024-07-10 08:43:06.539
ETH,BUY,0.7904,499872.000,2024-07-10 08:43:06.539
ETH,BUY,1.1096,499902.000,2024-07-10 08:43:06.539
ETH,BUY,1.6503,499876.000,2024-07-10 08:43:12.506
ETH,BUY,0.3497,499877.000,2024-07-10 08:43:12.506
ETH,BUY,1.1903,499774.000,2024-07-10 08:43:38.482
ETH,BUY,0.8097,499774.000,2024-07-10 08:43:38.482
ETH,SELL,0.0173,499600.000,2024-07-10 08:43:53.249
ETH,SELL,0.0127,499600.000,2024-07-10 08:44:15.248
ETH,BUY,0.1000,499670.000,2024-07-10 08:46:11.494
ETH,BUY,0.0100,499699.000,2024-07-10 08:47:02.932
ETH,BUY,0.7600,499478.000,2024-07-10 08:50:53.025
ETH,BUY,0.1000,499525.000,2024-07-10 08:52:38.260
ETH,SELL,0.0200,499300.000,2024-07-10 08:55:57.753
ETH,SELL,0.0232,499122.000,2024-07-10 08:55:57.753
ETH,BUY,0.4000,499200.000,2024-07-10 08:57:23.497
ETH,BUY,0.3200,499297.000,2024-07-10 08:57:24.347
ETH,BUY,0.4000,499297.000,2024-07-10 08:57:24.604
ETH,BUY,0.7600,499612.000,2024-07-10 08:57:45.356
ETH,BUY,0.0231,499668.000,2024-07-10 09:02:10.208
ETH,BUY,0.3769,499670.000,2024-07-10 09:02:10.208
ETH,BUY,0.3200,499670.000,2024-07-10 09:02:10.335
ETH,BUY,0.4000,499728.000,2024-07-10 09:02:11.095
ETH,BUY,0.4000,499757.000,2024-07-10 09:02:16.128
ETH,BUY,0.1270,499757.000,2024-07-10 09:02:17.003
ETH,BUY,0.4000,499757.000,2024-07-10 09:02:17.627
ETH,BUY,0.3200,499815.000,2024-07-10 09:02:19.169
ETH,BUY,0.4000,499844.000,2024-07-10 09:02:20.081
ETH,BUY,0.0100,499902.000,2024-07-10 09:02:29.330
ETH,BUY,0.0200,499415.000,2024-07-10 09:06:55.379
ETH,SELL,0.1000,499537.000,2024-07-10 09:10:29.843
ETH,BUY,0.0500,499902.000,2024-07-10 09:16:24.331
ETH,BUY,0.1000,499446.000,2024-07-10 09:19:14.963
ETH,BUY,0.0200,499757.000,2024-07-10 09:19:42.708
ETH,SELL,0.1969,499629.000,2024-07-10 09:19:49.206
ETH,BUY,0.4000,499844.000,2024-07-10 09:21:04.458
ETH,BUY,0.3200,499844.000,2024-07-10 09:21:04.554
ETH,BUY,0.4000,499873.000,2024-07-10 09:21:05.111
ETH,SELL,0.0165,499003.000,2024-07-10 09:23:27.328
ETH,SELL,0.0135,499003.000,2024-07-10 09:31:57.929
ETH,SELL,0.0100,499003.000,2024-07-10 09:31:57.929
ETH,SELL,0.1765,499000.000,2024-07-10 09:31:57.929
ETH,SELL,0.2000,499000.000,2024-07-10 09:32:12.686
ETH,SELL,0.1000,499000.000,2024-07-10 09:32:14.668
ETH,SELL,0.0362,499000.000,2024-07-10 09:33:19.013
ETH,SELL,0.0200,499000.000,2024-07-10 09:33:32.495
ETH,SELL,0.0149,499000.000,2024-07-10 09:33:34.318
ETH,SELL,0.0504,499000.000,2024-07-10 09:34:21.307
ETH,SELL,0.0204,499000.000,2024-07-10 09:34:30.743
ETH,SELL,0.1731,499000.000,2024-07-10 09:34:31.295
ETH,SELL,0.2000,499000.000,2024-07-10 09:34:31.707
ETH,SELL,0.1000,499000.000,2024-07-10 09:34:33.509
ETH,SELL,0.5000,499000.000,2024-07-10 09:35:56.759
ETH,BUY,0.0200,499001.000,2024-07-10 09:36:10.933
ETH,BUY,0.0200,499001.000,2024-07-10 09:37:13.390
ETH,SELL,0.0100,499000.000,2024-07-10 09:37:15.672
ETH,SELL,0.5000,499000.000,2024-07-10 09:37:18.963
ETH,SELL,0.5000,499007.000,2024-07-10 09:39:39.388
ETH,BUY,0.0300,499019.000,2024-07-10 09:39:47.002
ETH,BUY,1.0000,499030.000,2024-07-10 09:40:31.098
ETH,BUY,0.1810,499115.000,2024-07-10 09:40:32.302
ETH,BUY,0.6200,499175.000,2024-07-10 09:40:42.034
ETH,BUY,0.3800,499175.000,2024-07-10 09:40:42.174
ETH,BUY,0.9200,499177.000,2024-07-10 09:40:42.174
ETH,BUY,0.3000,499235.000,2024-07-10 09:40:53.134
ETH,BUY,0.0100,499002.000,2024-07-10 09:42:04.576
ETH,BUY,0.0800,499554.000,2024-07-10 09:46:59.538
ETH,BUY,0.0193,499612.000,2024-07-10 09:47:22.077
ETH,BUY,0.0650,499670.000,2024-07-10 09:49:43.753
ETH,BUY,0.1654,499680.000,2024-07-10 09:51:57.487
ETH,BUY,1.0000,500018.000,2024-07-10 09:51:57.487
ETH,BUY,3.8346,500047.000,2024-07-10 09:51:57.487
ETH,BUY,0.0200,499982.000,2024-07-10 09:52:27.602
ETH,BUY,0.1500,500001.000,2024-07-10 09:55:47.245
ETH,BUY,0.0300,500047.000,2024-07-10 09:56:04.722
ETH,BUY,0.0150,500076.000,2024-07-10 09:56:18.661
ETH,BUY,0.0130,500076.000,2024-07-10 09:57:27.183
ETH,BUY,0.1100,500001.000,2024-07-10 09:59:25.961
ETH,BUY,0.3900,500012.000,2024-07-10 09:59:25.961
ETH,SELL,0.0100,500000.000,2024-07-10 10:01:23.221
ETH,SELL,0.0100,500000.000,2024-07-10 10:01:23.221
ETH,SELL,0.1800,499713.000,2024-07-10 10:01:23.221
ETH,BUY,0.0300,500047.000,2024-07-10 10:04:33.085
ETH,SELL,0.0457,499751.000,2024-07-10 10:06:19.243
ETH,BUY,0.1000,499786.000,2024-07-10 10:12:09.656
ETH,SELL,0.0100,499500.000,2024-07-10 10:12:49.751
ETH,SELL,0.0500,499500.000,2024-07-10 10:12:49.751
ETH,BUY,0.0500,499459.000,2024-07-10 10:12:50.718
ETH,BUY,0.0100,499241.000,2024-07-10 10:12:53.609
ETH,BUY,0.6000,499236.000,2024-07-10 10:13:14.834
ETH,BUY,0.5000,499073.000,2024-07-10 10:14:38.562
ETH,BUY,0.0350,499206.000,2024-07-10 10:16:24.060
ETH,BUY,0.0100,499235.000,2024-07-10 10:16:26.390
ETH,BUY,0.0200,499264.000,2024-07-10 10:16:37.823
ETH,BUY,0.3000,499257.000,2024-07-10 10:16:44.454
ETH,BUY,0.0100,499085.000,2024-07-10 10:16:55.951
ETH,BUY,0.0125,499757.000,2024-07-10 10:19:05.895
ETH,BUY,0.4000,499902.000,2024-07-10 10:19:27.573
ETH,BUY,0.1100,499960.000,2024-07-10 10:19:56.098
ETH,BUY,0.0100,499989.000,2024-07-10 10:19:58.392
ETH,BUY,0.4000,500076.000,2024-07-10 10:22:52.198
ETH,BUY,0.4000,500076.000,2024-07-10 10:22:52.339
ETH,BUY,0.0118,500076.000,2024-07-10 10:22:52.492
ETH,BUY,0.2766,500076.000,2024-07-10 10:22:54.031
ETH,BUY,2.4000,500076.000,2024-07-10 10:23:27.681
ETH,BUY,0.3000,500076.000,2024-07-10 10:23:46.303
ETH,BUY,0.3806,500076.000,2024-07-10 10:23:56.073
ETH,BUY,0.2042,500076.000,2024-07-10 10:24:14.950
ETH,BUY,1.0000,500076.000,2024-07-10 10:24:30.912
ETH,BUY,0.4988,500076.000,2024-07-10 10:24:49.717
ETH,BUY,0.0012,500076.000,2024-07-10 10:24:49.717
ETH,BUY,1.0000,500076.000,2024-07-10 10:24:57.661
ETH,BUY,0.0316,500076.000,2024-07-10 10:24:59.441
ETH,BUY,0.4600,500076.000,2024-07-10 10:25:01.580
ETH,BUY,0.3372,500076.000,2024-07-10 10:25:01.955
ETH,BUY,0.0110,500100.000,2024-07-10 10:26:34.974
ETH,BUY,0.4890,500100.000,2024-07-10 10:26:34.974
ETH,BUY,0.3200,500404.000,2024-07-10 10:27:26.644
ETH,BUY,0.1800,500404.000,2024-07-10 10:27:26.708
ETH,BUY,0.0300,500559.000,2024-07-10 10:28:11.116
ETH,BUY,0.0100,500741.000,2024-07-10 10:28:15.357
ETH,SELL,0.2639,500698.000,2024-07-10 10:28:29.579
ETH,BUY,0.0100,500585.000,2024-07-10 10:30:20.108
ETH,BUY,0.1900,500974.000,2024-07-10 10:30:20.108
ETH,BUY,0.0100,501288.000,2024-07-10 10:32:26.020
ETH,BUY,0.0110,501400.000,2024-07-10 10:32:29.258
ETH,BUY,0.1612,501319.000,2024-07-10 10:33:20.370
ETH,BUY,0.0100,501382.000,2024-07-10 10:33:23.739
ETH,BUY,0.3100,501400.000,2024-07-10 10:33:23.739
ETH,BUY,0.4000,501400.000,2024-07-10 10:33:23.888
ETH,BUY,0.0290,501400.000,2024-07-10 10:33:23.944
ETH,BUY,0.3710,501473.000,2024-07-10 10:33:23.944
ETH,BUY,0.1400,501812.000,2024-07-10 10:34:31.332
ETH,BUY,0.0100,501832.000,2024-07-10 10:35:03.122
ETH,BUY,0.0400,501844.000,2024-07-10 10:35:03.122
ETH,BUY,0.0200,501927.000,2024-07-10 10:35:06.251
ETH,BUY,0.0100,501960.000,2024-07-10 10:35:17.859
ETH,BUY,0.0100,501954.000,2024-07-10 10:35:18.146
ETH,BUY,0.0030,502054.000,2024-07-10 10:35:18.146
ETH,BUY,0.0200,502135.000,2024-07-10 10:35:20.773
ETH,BUY,0.0100,502119.000,2024-07-10 10:35:32.859
ETH,BUY,0.0079,502121.000,2024-07-10 10:35:32.859
ETH,BUY,0.0100,502216.000,2024-07-10 10:36:19.730
ETH,BUY,0.5869,502307.000,2024-07-10 10:36:19.730
ETH,BUY,0.0200,502311.000,2024-07-10 10:36:29.759
ETH,BUY,0.0100,502348.000,2024-07-10 10:37:28.207
ETH,BUY,0.0345,502353.000,2024-07-10 10:37:28.648
ETH,BUY,0.0300,502353.000,2024-07-10 10:37:28.696
ETH,BUY,0.0100,502345.000,2024-07-10 10:39:07.765
ETH,BUY,0.0100,502470.000,2024-07-10 10:39:11.344
ETH,BUY,0.3800,502479.000,2024-07-10 10:39:11.344
ETH,BUY,0.0100,502473.000,2024-07-10 10:39:12.464
ETH,BUY,0.1000,502474.000,2024-07-10 10:39:12.464
ETH,BUY,0.0300,502475.000,2024-07-10 10:39:14.282
ETH,BUY,0.0100,502400.000,2024-07-10 10:39:39.081
ETH,BUY,0.0100,502465.000,2024-07-10 10:42:40.409
ETH,BUY,0.3700,502526.000,2024-07-10 10:42:40.409
ETH,BUY,0.0100,502459.000,2024-07-10 10:42:41.270
ETH,BUY,0.2117,502526.000,2024-07-10 10:42:41.270
ETH,BUY,0.0983,502530.000,2024-07-10 10:42:41.270
ETH,BUY,0.0148,502535.000,2024-07-10 10:42:45.250
ETH,BUY,0.0052,502686.000,2024-07-10 10:42:45.250
ETH,SELL,0.2300,501656.000,2024-07-10 10:44:01.938
ETH,BUY,0.0100,501752.000,2024-07-10 10:45:03.071
ETH,BUY,0.0300,501990.000,2024-07-10 10:45:03.071
ETH,BUY,0.0100,501984.000,2024-07-10 10:45:25.405
ETH,BUY,0.0090,502077.000,2024-07-10 10:45:25.405
ETH,BUY,0.0200,502164.000,2024-07-10 10:45:28.272
ETH,BUY,0.0100,502181.000,2024-07-10 10:46:17.406
ETH,BUY,0.0100,502145.000,2024-07-10 10:47:31.437
ETH,BUY,0.3900,502265.000,2024-07-10 10:47:31.437
ETH,BUY,0.0100,502259.000,2024-07-10 10:47:32.102
ETH,BUY,0.3900,502265.000,2024-07-10 10:47:32.102
ETH,BUY,0.2200,502265.000,2024-07-10 10:47:32.281
ETH,BUY,0.0410,502700.000,2024-07-10 10:47:32.281
ETH,BUY,0.0590,502772.000,2024-07-10 10:47:32.281
ETH,BUY,0.0100,502259.000,2024-07-10 10:47:33.939
ETH,BUY,0.1900,502860.000,2024-07-10 10:47:33.939
ETH,BUY,0.0400,502341.000,2024-07-10 10:47:35.387
ETH,BUY,0.0100,502709.000,2024-07-10 10:47:59.665
ETH,BUY,0.0198,502694.000,2024-07-10 10:51:13.114
ETH,BUY,0.0100,502700.000,2024-07-10 10:51:13.114
ETH,BUY,0.9702,502831.000,2024-07-10 10:51:13.114
ETH,BUY,0.0298,502860.000,2024-07-10 10:51:22.266
ETH,BUY,0.1600,502791.000,2024-07-10 10:54:24.755
ETH,SELL,1.7900,502101.000,2024-07-10 10:55:38.096
ETH,SELL,0.2100,502101.000,2024-07-10 10:55:38.096
ETH,BUY,0.3400,502135.000,2024-07-10 10:55:43.694
ETH,BUY,0.0500,502164.000,2024-07-10 10:55:47.915
ETH,BUY,0.0175,502038.000,2024-07-10 10:57:05.741
ETH,BUY,0.8000,502135.000,2024-07-10 10:59:24.835
ETH,BUY,1.0000,502164.000,2024-07-10 10:59:46.608
ETH,BUY,0.1000,502251.000,2024-07-10 11:00:44.211
ETH,BUY,0.1000,502309.000,2024-07-10 11:00:45.924
ETH,BUY,0.1000,502338.000,2024-07-10 11:00:47.660
ETH,BUY,0.0800,502425.000,2024-07-10 11:01:34.132
ETH,BUY,0.1500,502400.000,2024-07-10 11:03:20.125
ETH,BUY,0.4000,502315.000,2024-07-10 11:04:08.286
ETH,BUY,0.1000,502313.000,2024-07-10 11:04:12.137
ETH,BUY,0.3000,502301.000,2024-07-10 11:04:18.452
ETH,BUY,0.1600,502317.000,2024-07-10 11:04:47.818
ETH,SELL,0.2168,502300.000,2024-07-10 11:06:32.023
ETH,SELL,0.0612,502300.000,2024-07-10 11:06:38.317
ETH,SELL,0.7861,502453.000,2024-07-10 11:08:37.326
ETH,SELL,0.2139,502453.000,2024-07-10 11:08:37.326
ETH,BUY,0.0310,502460.000,2024-07-10 11:12:22.849
ETH,BUY,0.0200,502001.000,2024-07-10 11:17:07.953
ETH,SELL,0.4041,501813.000,2024-07-10 11:18:13.321
ETH,SELL,0.3318,501813.000,2024-07-10 11:18:14.906
ETH,SELL,0.2641,501813.000,2024-07-10 11:18:14.973
ETH,SELL,0.0200,501400.000,2024-07-10 11:18:15.975
ETH,SELL,0.0158,500855.000,2024-07-10 11:18:15.975
ETH,BUY,0.3200,501149.000,2024-07-10 11:19:03.478
ETH,BUY,0.4000,501149.000,2024-07-10 11:19:03.479
ETH,BUY,0.4000,501149.000,2024-07-10 11:19:03.511
ETH,BUY,1.0000,501149.000,2024-07-10 11:19:03.796
ETH,BUY,0.2000,501381.000,2024-07-10 11:19:08.012
ETH,SELL,2.0000,501289.000,2024-07-10 11:19:11.764
ETH,BUY,1.0000,501439.000,2024-07-10 11:20:36.724
ETH,SELL,1.0000,501439.000,2024-07-10 11:21:37.975
ETH,SELL,0.3000,500906.000,2024-07-10 11:22:00.062
ETH,SELL,0.2000,500981.000,2024-07-10 11:22:19.535
ETH,BUY,1.0000,501004.000,2024-07-10 11:22:20.404
ETH,BUY,0.0200,501033.000,2024-07-10 11:22:22.405
ETH,BUY,1.0000,501062.000,2024-07-10 11:22:39.181
ETH,BUY,0.0170,501090.000,2024-07-10 11:22:46.219
ETH,BUY,0.1000,501090.000,2024-07-10 11:22:47.778
ETH,SELL,0.2000,500664.000,2024-07-10 11:24:11.425
ETH,BUY,0.4000,500888.000,2024-07-10 11:24:42.474
ETH,BUY,0.4000,500888.000,2024-07-10 11:24:43.116
ETH,BUY,0.1000,500917.000,2024-07-10 11:25:29.178
ETH,BUY,0.2200,500917.000,2024-07-10 11:25:29.489
ETH,BUY,0.4000,500917.000,2024-07-10 11:25:29.579
ETH,BUY,0.4000,501149.000,2024-07-10 11:26:24.575
ETH,BUY,0.0681,501143.000,2024-07-10 11:26:25.613
ETH,BUY,0.1119,501233.000,2024-07-10 11:26:25.613
ETH,BUY,0.0681,501244.000,2024-07-10 11:26:29.250
ETH,SELL,0.1500,501045.000,2024-07-10 11:27:26.498
ETH,SELL,0.0213,500900.000,2024-07-10 11:27:39.924
ETH,BUY,0.0200,500917.000,2024-07-10 11:28:00.604
ETH,BUY,0.2000,500550.000,2024-07-10 11:29:55.294
ETH,BUY,0.0100,500598.000,2024-07-10 11:30:39.587
ETH,BUY,0.0100,500714.000,2024-07-10 11:30:40.178
ETH,BUY,0.0100,500618.000,2024-07-10 11:32:12.847
ETH,BUY,0.1100,500685.000,2024-07-10 11:32:32.349
ETH,BUY,0.0100,500678.000,2024-07-10 11:32:35.077
ETH,BUY,0.0400,500675.000,2024-07-10 11:32:36.354
ETH,BUY,0.0100,500685.000,2024-07-10 11:33:00.101
ETH,BUY,0.0600,500801.000,2024-07-10 11:33:22.522
ETH,SELL,0.0199,500598.000,2024-07-10 11:35:10.560
ETH,SELL,0.0100,500500.000,2024-07-10 11:35:11.362
ETH,BUY,0.0500,500474.000,2024-07-10 11:35:12.395
ETH,BUY,0.1000,500179.000,2024-07-10 11:36:05.554
ETH,BUY,0.4000,501265.000,2024-07-10 11:37:53.857
ETH,BUY,0.4000,501323.000,2024-07-10 11:37:54.202
ETH,BUY,0.4000,501932.000,2024-07-10 11:40:39.102
ETH,BUY,0.4000,501932.000,2024-07-10 11:40:39.103
ETH,BUY,0.0221,501926.000,2024-07-10 11:40:40.725
ETH,BUY,0.0779,501961.000,2024-07-10 11:40:40.725
ETH,BUY,0.0221,501990.000,2024-07-10 11:40:43.746
ETH,BUY,0.0400,501593.000,2024-07-10 11:41:40.065
ETH,BUY,0.0190,501520.000,2024-07-10 11:41:54.602
ETH,BUY,0.0190,501335.000,2024-07-10 11:41:58.804
ETH,SELL,0.1500,501319.000,2024-07-10 11:42:13.947
ETH,BUY,0.0371,501375.000,2024-07-10 11:42:32.820
ETH,BUY,0.8838,501381.000,2024-07-10 11:42:32.820
ETH,BUY,0.0371,501468.000,2024-07-10 11:42:37.265
ETH,BUY,0.0200,501497.000,2024-07-10 11:43:09.916
ETH,BUY,0.0200,501526.000,2024-07-10 11:43:38.484
ETH,BUY,0.0800,501555.000,2024-07-10 11:43:54.447
ETH,BUY,0.4000,501729.000,2024-07-10 11:46:12.164
ETH,BUY,0.4000,501729.000,2024-07-10 11:46:12.473
ETH,BUY,0.3200,501729.000,2024-07-10 11:46:13.102
ETH,BUY,0.4000,501729.000,2024-07-10 11:46:13.105
ETH,BUY,0.4000,501758.000,2024-07-10 11:46:18.091
ETH,BUY,0.0300,501990.000,2024-07-10 11:47:04.599
ETH,BUY,0.1000,502106.000,2024-07-10 11:48:05.371
ETH,BUY,0.2000,502135.000,2024-07-10 11:48:34.711
ETH,BUY,0.1000,502137.000,2024-07-10 11:48:54.618
ETH,BUY,0.0100,501974.000,2024-07-10 11:49:26.374
ETH,BUY,1.6250,501990.000,2024-07-10 11:49:30.181
ETH,BUY,0.2000,502048.000,2024-07-10 11:49:42.721
ETH,BUY,0.0110,502048.000,2024-07-10 11:50:10.886
ETH,BUY,0.4000,501931.000,2024-07-10 11:53:02.524
ETH,BUY,0.3808,501994.000,2024-07-10 11:53:11.018
ETH,BUY,0.1692,502017.000,2024-07-10 11:53:11.018
ETH,BUY,1.0000,502018.000,2024-07-10 11:53:11.018
ETH,SELL,0.0700,502019.000,2024-07-10 11:53:16.703
ETH,SELL,0.5981,502019.000,2024-07-10 11:53:17.861
ETH,SELL,0.1000,502019.000,2024-07-10 11:53:18.517
ETH,BUY,0.0800,502020.000,2024-07-10 11:53:31.215
ETH,BUY,1.0000,502020.000,2024-07-10 11:53:31.215
ETH,BUY,0.6019,502021.000,2024-07-10 11:53:44.295
ETH,BUY,0.0100,502071.000,2024-07-10 11:54:53.802
ETH,BUY,0.9770,502077.000,2024-07-10 11:55:14.162
ETH,BUY,0.0100,502049.000,2024-07-10 11:55:14.786
ETH,BUY,0.0100,501914.000,2024-07-10 11:58:08.180
ETH,BUY,0.1900,501990.000,2024-07-10 12:00:27.490
ETH,BUY,0.0100,501892.000,2024-07-10 12:02:01.573
ETH,BUY,0.0200,501931.000,2024-07-10 12:02:05.247
ETH,BUY,0.1400,501961.000,2024-07-10 12:03:54.038
ETH,BUY,0.0100,501978.000,2024-07-10 12:04:59.110
ETH,BUY,0.0400,502019.000,2024-07-10 12:05:10.504
ETH,BUY,0.0300,502048.000,2024-07-10 12:05:16.568
ETH,BUY,0.0100,502077.000,2024-07-10 12:05:46.725
ETH,BUY,0.5916,502106.000,2024-07-10 12:05:49.082
ETH,BUY,0.4000,502135.000,2024-07-10 12:06:04.249
ETH,BUY,0.4000,502135.000,2024-07-10 12:06:04.591
ETH,BUY,0.0700,502135.000,2024-07-10 12:06:04.638
ETH,BUY,0.4000,502425.000,2024-07-10 12:06:45.121
ETH,BUY,0.4000,502425.000,2024-07-10 12:06:45.590
ETH,BUY,0.1311,502483.000,2024-07-10 12:06:48.474
ETH,BUY,0.2011,502523.000,2024-07-10 12:06:52.351
ETH,BUY,0.1189,502570.000,2024-07-10 12:06:52.351
ETH,BUY,0.4000,502570.000,2024-07-10 12:06:52.542
ETH,BUY,0.4000,502773.000,2024-07-10 12:06:53.146
ETH,BUY,0.2000,502773.000,2024-07-10 12:06:53.148
ETH,BUY,0.4000,502831.000,2024-07-10 12:06:54.933
ETH,BUY,0.8000,502831.000,2024-07-10 12:06:54.997
ETH,BUY,0.0100,502821.000,2024-07-10 12:06:58.223
ETH,BUY,0.0100,502825.000,2024-07-10 12:06:58.223
ETH,BUY,0.0140,502860.000,2024-07-10 12:06:58.223
ETH,BUY,0.0200,502889.000,2024-07-10 12:07:00.253
ETH,BUY,0.0779,503000.000,2024-07-10 12:07:08.487
ETH,BUY,0.3221,503121.000,2024-07-10 12:07:08.487
ETH,BUY,0.4000,503121.000,2024-07-10 12:07:08.597
ETH,BUY,0.3200,503266.000,2024-07-10 12:07:10.110
ETH,BUY,0.2000,503162.000,2024-07-10 12:08:23.637
ETH,SELL,0.0200,503162.000,2024-07-10 12:09:28.710
ETH,BUY,0.1000,503073.000,2024-07-10 12:09:33.577
ETH,BUY,0.0200,503119.000,2024-07-10 12:10:09.899
ETH,BUY,0.0300,503150.000,2024-07-10 12:10:17.107
ETH,BUY,0.2990,503179.000,2024-07-10 12:12:40.918
ETH,BUY,0.0100,503208.000,2024-07-10 12:13:51.704
ETH,SELL,0.0206,503000.000,2024-07-10 12:16:28.543
ETH,SELL,0.1256,503000.000,2024-07-10 12:16:28.787
ETH,SELL,0.0207,503000.000,2024-07-10 12:17:11.965
ETH,SELL,0.0349,503000.000,2024-07-10 12:17:17.028
ETH,SELL,0.0362,503000.000,2024-07-10 12:17:21.974
ETH,SELL,0.1000,503000.000,2024-07-10 12:17:25.846
ETH,SELL,0.1000,503000.000,2024-07-10 12:17:26.315
ETH,SELL,0.5000,503000.000,2024-07-10 12:17:26.526
ETH,SELL,0.0570,503000.000,2024-07-10 12:17:26.538
ETH,SELL,0.1352,502315.000,2024-07-10 12:17:26.538
ETH,SELL,0.1000,502191.000,2024-07-10 12:17:27.808
ETH,SELL,0.1000,502196.000,2024-07-10 12:17:28.173
ETH,BUY,0.0122,502274.000,2024-07-10 12:21:25.222
ETH,BUY,0.0128,502280.000,2024-07-10 12:21:25.222
ETH,BUY,0.0122,502282.000,2024-07-10 12:21:28.243
ETH,BUY,0.0100,502259.000,2024-07-10 12:22:50.796
ETH,BUY,0.0300,502257.000,2024-07-10 12:22:54.881
ETH,SELL,0.1000,502196.000,2024-07-10 12:25:11.248
ETH,BUY,0.0600,502197.000,2024-07-10 12:26:39.310
ETH,BUY,0.8813,502197.000,2024-07-10 12:27:36.889
ETH,SELL,0.0747,502200.000,2024-07-10 12:29:31.701
ETH,SELL,0.5971,502200.000,2024-07-10 12:29:32.149
ETH,SELL,0.4469,502200.000,2024-07-10 12:29:35.341
ETH,BUY,0.0500,502200.000,2024-07-10 12:29:47.314
ETH,BUY,0.2580,502214.000,2024-07-10 12:30:21.133
ETH,BUY,1.7420,502222.000,2024-07-10 12:30:21.133
ETH,SELL,0.0409,502196.000,2024-07-10 12:31:18.061
ETH,SELL,0.0591,502196.000,2024-07-10 12:31:22.854
ETH,BUY,0.0100,501639.000,2024-07-10 12:32:24.792
ETH,BUY,0.0200,501640.000,2024-07-10 12:32:24.792
ETH,SELL,0.0547,501356.000,2024-07-10 12:32:47.281
ETH,SELL,0.1463,501356.000,2024-07-10 12:32:48.467
ETH,SELL,0.0100,501193.000,2024-07-10 12:32:48.467
ETH,SELL,0.0100,501000.000,2024-07-10 12:32:48.467
ETH,SELL,0.0347,500893.000,2024-07-10 12:32:48.467
ETH,SELL,0.0100,500637.000,2024-07-10 12:32:51.759
ETH,SELL,0.0900,500201.000,2024-07-10 12:32:51.759
ETH,SELL,0.0900,500202.000,2024-07-10 12:32:52.425
ETH,BUY,1.7000,500279.000,2024-07-10 12:32:54.163
ETH,BUY,1.7900,500279.000,2024-07-10 12:32:54.229
ETH,SELL,0.3060,500149.000,2024-07-10 12:33:26.775
ETH,SELL,0.0901,500149.000,2024-07-10 12:33:27.258
ETH,SELL,0.3069,500149.000,2024-07-10 12:33:27.677
ETH,SELL,0.0100,500000.000,2024-07-10 12:33:34.201
ETH,SELL,0.0100,500000.000,2024-07-10 12:33:34.201
ETH,SELL,0.1000,500000.000,2024-07-10 12:33:34.201
ETH,SELL,0.0100,500000.000,2024-07-10 12:33:34.201
ETH,SELL,0.0100,500000.000,2024-07-10 12:33:34.201
ETH,SELL,0.1000,499700.000,2024-07-10 12:33:50.734
ETH,SELL,0.1500,499700.000,2024-07-10 12:35:19.906
ETH,SELL,0.0600,499700.000,2024-07-10 12:35:19.906
ETH,SELL,0.0700,499500.000,2024-07-10 12:35:21.867
ETH,SELL,0.0100,499500.000,2024-07-10 12:35:21.867
ETH,SELL,0.0200,499085.000,2024-07-10 12:35:23.702
ETH,SELL,0.0800,499000.000,2024-07-10 12:35:23.702
ETH,SELL,0.1000,499000.000,2024-07-10 12:35:25.271
ETH,SELL,0.1000,499000.000,2024-07-10 12:35:30.325
ETH,SELL,0.0960,499000.000,2024-07-10 12:35:32.409
ETH,SELL,1.7900,499000.000,2024-07-10 12:35:32.867
ETH,SELL,0.9949,499000.000,2024-07-10 12:35:33.665
ETH,SELL,0.0100,499000.000,2024-07-10 12:35:45.119
ETH,SELL,2.0000,499000.000,2024-07-10 12:35:53.813
ETH,SELL,0.3000,499000.000,2024-07-10 12:35:54.299
ETH,SELL,2.0000,499000.000,2024-07-10 12:35:55.392
ETH,SELL,0.0220,499000.000,2024-07-10 12:35:56.223
ETH,SELL,0.1000,499000.000,2024-07-10 12:35:57.220
ETH,SELL,0.3056,499000.000,2024-07-10 12:35:58.229
ETH,SELL,1.5000,498866.000,2024-07-10 12:35:58.845
ETH,SELL,0.0800,498500.000,2024-07-10 12:35:58.887
ETH,SELL,0.0100,498458.000,2024-07-10 12:35:58.887
ETH,SELL,0.2000,498100.000,2024-07-10 12:35:58.887
ETH,SELL,1.0000,498001.000,2024-07-10 12:35:58.887
ETH,SELL,0.1800,498000.000,2024-07-10 12:35:58.887
ETH,SELL,0.2800,497969.000,2024-07-10 12:35:58.887
ETH,SELL,0.1000,497853.000,2024-07-10 12:35:58.887
ETH,SELL,0.2010,497852.000,2024-07-10 12:35:58.887
ETH,SELL,0.0410,497800.000,2024-07-10 12:35:58.887
ETH,SELL,0.0410,497700.000,2024-07-10 12:35:58.887
ETH,SELL,1.0000,497503.000,2024-07-10 12:35:58.887
ETH,SELL,0.0490,497440.000,2024-07-10 12:35:58.887
ETH,SELL,0.6320,497439.000,2024-07-10 12:35:58.887
ETH,SELL,0.1000,497337.000,2024-07-10 12:35:58.887
ETH,SELL,0.0100,497211.000,2024-07-10 12:35:58.887
ETH,SELL,0.2600,497021.000,2024-07-10 12:35:58.887
ETH,SELL,0.8160,496714.000,2024-07-10 12:35:58.887
ETH,SELL,0.5000,496714.000,2024-07-10 12:35:58.965
ETH,SELL,0.4652,496714.000,2024-07-10 12:35:59.022
ETH,SELL,0.0201,496713.000,2024-07-10 12:35:59.022
ETH,SELL,0.0147,496712.000,2024-07-10 12:35:59.022
ETH,SELL,0.2800,496712.000,2024-07-10 12:35:59.125
ETH,BUY,1.8000,497929.000,2024-07-10 12:36:02.446
ETH,BUY,0.4000,498016.000,2024-07-10 12:36:03.322
ETH,BUY,0.1000,498016.000,2024-07-10 12:36:03.724
ETH,BUY,0.5000,498016.000,2024-07-10 12:36:03.841
ETH,BUY,0.2599,498136.000,2024-07-10 12:36:04.140
ETH,BUY,0.0601,498162.000,2024-07-10 12:36:04.140
ETH,BUY,0.4000,498278.000,2024-07-10 12:36:04.504
ETH,BUY,0.1000,498307.000,2024-07-10 12:36:05.417
ETH,BUY,0.5400,498335.000,2024-07-10 12:36:11.305
ETH,BUY,0.0201,498362.000,2024-07-10 12:36:36.439
ETH,BUY,0.0920,498363.000,2024-07-10 12:36:36.439
ETH,BUY,0.2079,498365.000,2024-07-10 12:36:36.439
ETH,BUY,0.4000,498365.000,2024-07-10 12:36:36.577
ETH,BUY,1.0000,498365.000,2024-07-10 12:36:36.664
ETH,BUY,0.4000,498365.000,2024-07-10 12:36:36.695
ETH,BUY,0.0500,498365.000,2024-07-10 12:36:37.038
ETH,BUY,0.0519,498568.000,2024-07-10 12:36:44.225
ETH,BUY,0.9481,498684.000,2024-07-10 12:36:51.589
ETH,BUY,0.4000,498684.000,2024-07-10 12:36:51.598
ETH,BUY,0.3200,498684.000,2024-07-10 12:36:52.139
ETH,BUY,0.4000,498684.000,2024-07-10 12:36:52.255
ETH,BUY,0.0300,498771.000,2024-07-10 12:36:52.578
ETH,BUY,0.6100,498887.000,2024-07-10 12:37:07.545
ETH,BUY,0.0100,498867.000,2024-07-10 12:37:15.019
ETH,BUY,0.0100,499056.000,2024-07-10 12:37:18.278
ETH,BUY,0.0500,499119.000,2024-07-10 12:37:18.278
ETH,BUY,0.0100,499051.000,2024-07-10 12:37:18.875
ETH,BUY,0.0100,499114.000,2024-07-10 12:37:19.514
ETH,BUY,0.2000,499322.000,2024-07-10 12:37:19.514
ETH,BUY,0.4000,499322.000,2024-07-10 12:37:19.715
ETH,BUY,1.0000,499322.000,2024-07-10 12:37:19.794
ETH,BUY,0.3200,499409.000,2024-07-10 12:37:20.392
ETH,BUY,0.0100,499317.000,2024-07-10 12:37:21.141
ETH,BUY,0.1800,499409.000,2024-07-10 12:37:21.141
ETH,BUY,0.2000,499438.000,2024-07-10 12:37:21.371
ETH,BUY,0.0400,499438.000,2024-07-10 12:37:21.958
ETH,BUY,0.3200,499612.000,2024-07-10 12:37:31.099
ETH,BUY,0.4000,499699.000,2024-07-10 12:37:31.595
ETH,BUY,0.4000,499699.000,2024-07-10 12:37:31.647
ETH,BUY,0.0100,499607.000,2024-07-10 12:37:32.494
ETH,BUY,0.9900,499728.000,2024-07-10 12:37:32.494
ETH,BUY,0.0200,499757.000,2024-07-10 12:37:36.763
ETH,BUY,0.0100,499897.000,2024-07-10 12:37:43.578
ETH,BUY,0.3900,499902.000,2024-07-10 12:37:43.578
ETH,BUY,0.1600,499902.000,2024-07-10 12:37:43.856
ETH,BUY,0.0200,499902.000,2024-07-10 12:37:44.079
ETH,BUY,0.4000,499989.000,2024-07-10 12:37:44.532
ETH,BUY,0.0100,499897.000,2024-07-10 12:37:46.677
ETH,BUY,1.0000,500163.000,2024-07-10 12:37:47.450
ETH,BUY,0.0200,499706.000,2024-07-10 12:37:49.773
ETH,BUY,0.2840,499734.000,2024-07-10 12:37:55.355
ETH,BUY,0.0100,500093.000,2024-07-10 12:38:19.321
ETH,BUY,0.0700,500250.000,2024-07-10 12:38:19.321
ETH,BUY,1.0000,500250.000,2024-07-10 12:38:19.354
ETH,BUY,0.2000,500308.000,2024-07-10 12:38:20.534
ETH,BUY,0.0100,500029.000,2024-07-10 12:39:17.168
ETH,BUY,0.0100,499864.000,2024-07-10 12:39:27.095
ETH,BUY,0.0126,500058.000,2024-07-10 12:39:47.106
ETH,BUY,0.1874,500192.000,2024-07-10 12:39:47.106
ETH,BUY,0.0226,500221.000,2024-07-10 12:39:50.820
ETH,BUY,0.0100,500244.000,2024-07-10 12:40:09.953
ETH,BUY,0.0697,500250.000,2024-07-10 12:40:09.953
ETH,BUY,0.0100,500238.000,2024-07-10 12:40:23.515
ETH,BUY,0.7103,500308.000,2024-07-10 12:40:23.515
ETH,BUY,0.0200,500482.000,2024-07-10 12:40:32.302
ETH,BUY,0.1800,500569.000,2024-07-10 12:40:36.231
ETH,BUY,0.0800,499982.000,2024-07-10 12:41:46.959
ETH,BUY,0.9200,499983.000,2024-07-10 12:41:46.959
ETH,BUY,0.2000,500076.000,2024-07-10 12:42:09.866
ETH,BUY,0.0100,500064.000,2024-07-10 12:42:13.202
ETH,BUY,0.0100,499710.000,2024-07-10 12:43:47.846
ETH,BUY,0.0347,499871.000,2024-07-10 12:43:47.846
ETH,BUY,0.1300,499890.000,2024-07-10 12:43:47.846
ETH,BUY,1.8000,499893.000,2024-07-10 12:43:47.846
ETH,BUY,0.0253,499899.000,2024-07-10 12:43:47.846
ETH,BUY,0.0200,499899.000,2024-07-10 12:43:49.751
ETH,BUY,0.0100,499595.000,2024-07-10 12:44:34.113
ETH,BUY,0.0200,499900.000,2024-07-10 12:44:34.113
ETH,SELL,0.0500,499526.000,2024-07-10 12:46:24.479
ETH,SELL,0.7914,498889.000,2024-07-10 12:46:40.742
ETH,SELL,0.2086,498888.000,2024-07-10 12:46:40.742
ETH,BUY,0.1800,499115.000,2024-07-10 12:46:48.664
ETH,BUY,0.0200,499337.000,2024-07-10 12:46:48.664
ETH,BUY,1.0000,499417.000,2024-07-10 12:47:16.097
ETH,BUY,1.0000,499481.000,2024-07-10 12:47:18.744
ETH,SELL,1.0000,499935.000,2024-07-10 12:47:45.804
ETH,BUY,0.0100,500220.000,2024-07-10 12:48:09.038
ETH,BUY,0.3100,500273.000,2024-07-10 12:48:09.038
ETH,BUY,0.0200,500337.000,2024-07-10 12:48:17.815
ETH,BUY,0.0100,500650.000,2024-07-10 12:49:32.362
ETH,BUY,0.3100,500685.000,2024-07-10 12:49:32.362
ETH,BUY,0.0315,500708.000,2024-07-10 12:50:33.087
ETH,BUY,0.2885,500772.000,2024-07-10 12:50:33.087
ETH,BUY,0.0415,500653.000,2024-07-10 12:50:35.796
ETH,BUY,0.0295,500730.000,2024-07-10 12:50:48.496
ETH,BUY,0.2905,500830.000,2024-07-10 12:50:48.496
ETH,BUY,0.0295,500974.000,2024-07-10 12:50:52.265
ETH,SELL,0.2000,500720.000,2024-07-10 12:50:56.535
ETH,SELL,0.7900,500719.000,2024-07-10 12:50:56.535
ETH,SELL,0.0100,500710.000,2024-07-10 12:50:56.535
ETH,SELL,0.1324,500709.000,2024-07-10 12:50:56.535
ETH,BUY,0.0191,500927.000,2024-07-10 12:51:32.288
ETH,BUY,0.0509,501120.000,2024-07-10 12:51:32.288
ETH,BUY,0.0195,500915.000,2024-07-10 12:51:34.377
ETH,BUY,0.0705,501122.000,2024-07-10 12:51:34.377
ETH,BUY,0.0386,501136.000,2024-07-10 12:51:36.827
ETH,BUY,0.0200,500581.000,2024-07-10 12:52:08.316
ETH,BUY,0.0177,500892.000,2024-07-10 12:52:30.088
ETH,BUY,0.0023,500899.000,2024-07-10 12:52:30.088
ETH,BUY,0.0177,501004.000,2024-07-10 12:52:32.249
ETH,BUY,0.0128,500990.000,2024-07-10 12:53:39.573
ETH,BUY,0.0128,501111.000,2024-07-10 12:53:43.773
ETH,SELL,0.0100,501111.000,2024-07-10 12:55:42.738
ETH,BUY,0.0170,500762.000,2024-07-10 12:55:54.927
ETH,BUY,0.0170,500757.000,2024-07-10 12:55:58.419
ETH,BUY,0.0670,500603.000,2024-07-10 12:56:17.431
ETH,BUY,0.1000,500666.000,2024-07-10 12:56:18.503
ETH,BUY,0.2000,500737.000,2024-07-10 12:56:21.213
ETH,BUY,0.0338,501137.000,2024-07-10 12:56:45.787
ETH,BUY,0.1652,501178.000,2024-07-10 12:56:45.787
ETH,BUY,0.0338,501234.000,2024-07-10 12:56:49.747
ETH,BUY,0.0216,501334.000,2024-07-10 12:57:49.972
ETH,BUY,0.9784,501464.000,2024-07-10 12:57:49.972
ETH,BUY,0.1000,501182.000,2024-07-10 12:57:51.571
ETH,BUY,0.0300,501182.000,2024-07-10 12:57:53.595
ETH,BUY,0.0216,501182.000,2024-07-10 12:57:53.782
ETH,BUY,0.1000,501724.000,2024-07-10 12:57:59.620
ETH,BUY,0.0100,501718.000,2024-07-10 12:58:01.306
