symbol,side,size,price,timestamp
BTC,BUY,0.0011,9063530.000,2024-07-08 21:00:26.028
BTC,BUY,0.0001,9065650.000,2024-07-08 21:00:53.138
BTC,BUY,0.0005,9063055.000,2024-07-08 21:02:12.350
BTC,BUY,0.0100,9058250.000,2024-07-08 21:04:44.798
BTC,BUY,0.0002,9057036.000,2024-07-08 21:05:07.411
BTC,BUY,0.0001,9056623.000,2024-07-08 21:05:16.100
BTC,SELL,0.0002,9055000.000,2024-07-08 21:05:21.674
BTC,BUY,0.0005,9055580.000,2024-07-08 21:05:47.131
BTC,BUY,0.0002,9056640.000,2024-07-08 21:07:07.743
BTC,BUY,0.0001,9057170.000,2024-07-08 21:07:09.562
BTC,BUY,0.0011,9058760.000,2024-07-08 21:08:14.530
BTC,BUY,0.0100,9059290.000,2024-07-08 21:08:15.990
BTC,BUY,0.0001,9061645.000,2024-07-08 21:12:04.540
BTC,BUY,0.0002,9061825.000,2024-07-08 21:12:09.567
BTC,BUY,0.0001,9062652.000,2024-07-08 21:12:11.656
BTC,BUY,0.0050,9062652.000,2024-07-08 21:12:12.895
BTC,BUY,0.0001,9064795.000,2024-07-08 21:14:12.023
BTC,BUY,0.0100,9066203.000,2024-07-08 21:14:32.037
BTC,SELL,0.0200,9067682.000,2024-07-08 21:14:42.623
BTC,SELL,0.0010,9068285.000,2024-07-08 21:16:34.639
BTC,SELL,0.0400,9070109.000,2024-07-08 21:16:47.641
BTC,BUY,0.0001,9070691.000,2024-07-08 21:17:10.361
BTC,BUY,0.0002,9074405.000,2024-07-08 21:17:10.361
BTC,BUY,0.0197,9074783.000,2024-07-08 21:17:10.361
BTC,SELL,0.0100,9074714.000,2024-07-08 21:17:18.008
BTC,SELL,0.0200,9074711.000,2024-07-08 21:17:18.008
BTC,BUY,0.0001,9075000.000,2024-07-08 21:17:47.091
BTC,BUY,0.0002,9075000.000,2024-07-08 21:17:50.153
BTC,BUY,0.0001,9076528.000,2024-07-08 21:17:52.547
BTC,BUY,0.0001,9080200.000,2024-07-08 21:17:52.547
BTC,BUY,0.0001,9082080.000,2024-07-08 21:17:57.224
BTC,SELL,0.0200,9078610.000,2024-07-08 21:18:12.576
BTC,BUY,0.0001,9079960.000,2024-07-08 21:18:15.564
BTC,SELL,0.0200,9082465.000,2024-07-08 21:18:53.719
BTC,BUY,0.0005,9085260.000,2024-07-08 21:20:25.876
BTC,BUY,0.0010,9079641.000,2024-07-08 21:21:13.684
BTC,BUY,0.0001,9079780.000,2024-07-08 21:21:21.019
BTC,BUY,0.0200,9082609.000,2024-07-08 21:22:00.607
BTC,BUY,0.0001,9076007.000,2024-07-08 21:22:46.037
BTC,SELL,0.0001,9074879.000,2024-07-08 21:23:07.072
BTC,SELL,0.0001,9071469.000,2024-07-08 21:24:09.289
BTC,SELL,0.0002,9070950.000,2024-07-08 21:25:02.455
BTC,SELL,0.0002,9071770.000,2024-07-08 21:25:04.666
BTC,SELL,0.0006,9071725.000,2024-07-08 21:25:10.808
BTC,BUY,0.0300,9075190.000,2024-07-08 21:26:21.662
BTC,BUY,0.0100,9077840.000,2024-07-08 21:26:38.600
BTC,BUY,0.0001,9076202.000,2024-07-08 21:27:09.616
BTC,BUY,0.0009,9075158.000,2024-07-08 21:27:47.436
BTC,BUY,0.0001,9076243.000,2024-07-08 21:28:01.179
BTC,SELL,0.0130,9082280.000,2024-07-08 21:29:25.230
BTC,BUY,0.0001,9087134.000,2024-07-08 21:29:30.290
BTC,BUY,0.0199,9088064.000,2024-07-08 21:29:30.290
BTC,BUY,0.0001,9090000.000,2024-07-08 21:29:52.717
BTC,BUY,0.0035,9099000.000,2024-07-08 21:29:54.240
BTC,BUY,0.0065,9099670.000,2024-07-08 21:29:54.240
BTC,BUY,0.0001,9099670.000,2024-07-08 21:29:54.243
BTC,BUY,0.0100,9099670.000,2024-07-08 21:29:54.338
BTC,BUY,0.0834,9099670.000,2024-07-08 21:29:54.347
BTC,BUY,0.0003,9100000.000,2024-07-08 21:29:54.347
BTC,BUY,0.0002,9100000.000,2024-07-08 21:29:54.347
BTC,BUY,0.0022,9100000.000,2024-07-08 21:29:54.347
BTC,BUY,0.0078,9100000.000,2024-07-08 21:29:54.347
BTC,BUY,0.0200,9100000.000,2024-07-08 21:29:54.347
BTC,BUY,0.0199,9100000.000,2024-07-08 21:29:54.347
BTC,BUY,0.0001,9100000.000,2024-07-08 21:29:54.347
BTC,BUY,0.0100,9100000.000,2024-07-08 21:29:54.347
BTC,BUY,0.0020,9100000.000,2024-07-08 21:29:54.347
BTC,BUY,0.0001,9100000.000,2024-07-08 21:29:54.347
BTC,BUY,0.0010,9100000.000,2024-07-08 21:29:54.347
BTC,BUY,0.0017,9100000.000,2024-07-08 21:29:54.347
BTC,BUY,0.0001,9100000.000,2024-07-08 21:29:54.347
BTC,BUY,0.0336,9100225.000,2024-07-08 21:29:54.347
BTC,BUY,0.0201,9101300.000,2024-07-08 21:29:54.347
BTC,BUY,0.0050,9106989.000,2024-07-08 21:29:54.790
BTC,BUY,0.0131,9106989.000,2024-07-08 21:29:54.807
BTC,BUY,0.0069,9106989.000,2024-07-08 21:29:54.809
BTC,BUY,0.0194,9106989.000,2024-07-08 21:29:54.861
BTC,BUY,0.0035,9106989.000,2024-07-08 21:29:55.087
BTC,BUY,0.0100,9106989.000,2024-07-08 21:29:55.090
BTC,SELL,0.0050,9102750.000,2024-07-08 21:29:55.337
BTC,BUY,0.0060,9106989.000,2024-07-08 21:29:55.350
BTC,BUY,0.0061,9106989.000,2024-07-08 21:29:55.377
BTC,BUY,0.0003,9110000.000,2024-07-08 21:29:55.377
BTC,BUY,0.0001,9110000.000,2024-07-08 21:29:55.377
BTC,BUY,0.0035,9111869.000,2024-07-08 21:29:55.377
BTC,BUY,0.0065,9111869.000,2024-07-08 21:29:55.382
BTC,BUY,0.0125,9115920.000,2024-07-08 21:29:55.382
BTC,BUY,0.0146,9118027.000,2024-07-08 21:29:55.382
BTC,BUY,0.0010,9118027.000,2024-07-08 21:29:55.803
BTC,BUY,0.0244,9118027.000,2024-07-08 21:29:55.806
BTC,BUY,0.0003,9120000.000,2024-07-08 21:29:55.806
BTC,BUY,0.0001,9120000.000,2024-07-08 21:29:55.806
BTC,BUY,0.0001,9120000.000,2024-07-08 21:29:55.806
BTC,BUY,0.0151,9121111.000,2024-07-08 21:29:55.806
BTC,BUY,0.0035,9121111.000,2024-07-08 21:29:55.814
BTC,BUY,0.0165,9121111.000,2024-07-08 21:29:55.816
BTC,BUY,0.0003,9121111.000,2024-07-08 21:29:55.822
BTC,BUY,0.0100,9121111.000,2024-07-08 21:29:55.916
BTC,BUY,0.0046,9121111.000,2024-07-08 21:29:55.992
BTC,BUY,0.0015,9121561.000,2024-07-08 21:29:55.992
BTC,BUY,0.0090,9124219.000,2024-07-08 21:29:55.992
BTC,BUY,0.0003,9130000.000,2024-07-08 21:29:55.992
BTC,BUY,0.0020,9130000.000,2024-07-08 21:29:55.992
BTC,BUY,0.0001,9130000.000,2024-07-08 21:29:55.992
BTC,BUY,0.0001,9130000.000,2024-07-08 21:29:55.992
BTC,BUY,0.0010,9131029.000,2024-07-08 21:29:55.992
BTC,BUY,0.0214,9139719.000,2024-07-08 21:29:55.992
BTC,BUY,0.0200,9139719.000,2024-07-08 21:29:56.004
BTC,BUY,0.0010,9139719.000,2024-07-08 21:29:56.152
BTC,BUY,0.0200,9129999.000,2024-07-08 21:29:56.158
BTC,BUY,0.0200,9129999.000,2024-07-08 21:29:56.234
BTC,BUY,0.0010,9129999.000,2024-07-08 21:29:56.297
BTC,BUY,0.0050,9124869.000,2024-07-08 21:29:57.769
BTC,BUY,0.0186,9129999.000,2024-07-08 21:29:57.769
BTC,BUY,0.0104,9129999.000,2024-07-08 21:29:57.842
BTC,BUY,0.0027,9130826.000,2024-07-08 21:29:57.842
BTC,BUY,0.0100,9130800.000,2024-07-08 21:29:58.812
BTC,SELL,0.0100,9121805.000,2024-07-08 21:29:59.219
BTC,SELL,0.0900,9121805.000,2024-07-08 21:29:59.742
BTC,SELL,0.0100,9120500.000,2024-07-08 21:30:00.750
BTC,SELL,0.0050,9120461.000,2024-07-08 21:30:01.018
BTC,SELL,0.0299,9116249.000,2024-07-08 21:30:01.606
BTC,SELL,0.0401,9116249.000,2024-07-08 21:30:01.611
BTC,SELL,0.0177,9112684.000,2024-07-08 21:30:01.611
BTC,SELL,0.0447,9118370.000,2024-07-08 21:30:05.674
BTC,SELL,0.0200,9118370.000,2024-07-08 21:30:06.382
BTC,SELL,0.0200,9118370.000,2024-07-08 21:30:06.617
BTC,BUY,0.0001,9118372.000,2024-07-08 21:30:10.844
BTC,BUY,0.0002,9118111.000,2024-07-08 21:30:23.632
BTC,BUY,0.0001,9110001.000,2024-07-08 21:30:54.092
BTC,SELL,0.0010,9110000.000,2024-07-08 21:30:56.444
BTC,SELL,0.0005,9101360.000,2024-07-08 21:30:56.444
BTC,SELL,0.0010,9101360.000,2024-07-08 21:30:56.602
BTC,SELL,0.0400,9100599.000,2024-07-08 21:30:57.980
BTC,SELL,0.0548,9100599.000,2024-07-08 21:30:58.301
BTC,SELL,0.0010,9100599.000,2024-07-08 21:30:58.389
BTC,SELL,0.0010,9100000.000,2024-07-08 21:30:59.380
BTC,SELL,0.0035,9099000.000,2024-07-08 21:30:59.380
BTC,SELL,0.0185,9097981.000,2024-07-08 21:30:59.380
BTC,SELL,0.0100,9097981.000,2024-07-08 21:31:00.430
BTC,SELL,0.0089,9097981.000,2024-07-08 21:31:02.912
BTC,SELL,0.0003,9090000.000,2024-07-08 21:31:05.607
BTC,SELL,0.0038,9087521.000,2024-07-08 21:31:05.607
BTC,SELL,0.0041,9087521.000,2024-07-08 21:31:05.994
BTC,SELL,0.0020,9084480.000,2024-07-08 21:31:07.486
BTC,SELL,0.0041,9084401.000,2024-07-08 21:31:19.981
BTC,SELL,0.0020,9084401.000,2024-07-08 21:31:20.430
BTC,BUY,0.0050,9086347.000,2024-07-08 21:31:44.551
BTC,BUY,0.0990,9089509.000,2024-07-08 21:31:47.467
BTC,BUY,0.0010,9089509.000,2024-07-08 21:31:48.706
BTC,BUY,0.0050,9100100.000,2024-07-08 21:31:49.521
BTC,BUY,0.0094,9094082.000,2024-07-08 21:31:49.885
BTC,BUY,0.0005,9094082.000,2024-07-08 21:31:50.250
BTC,BUY,0.0901,9094082.000,2024-07-08 21:31:51.681
BTC,BUY,0.0001,9100100.000,2024-07-08 21:31:53.554
BTC,BUY,0.0200,9094625.000,2024-07-08 21:31:58.827
BTC,BUY,0.0200,9094625.000,2024-07-08 21:32:00.041
BTC,BUY,0.0400,9094625.000,2024-07-08 21:32:01.370
BTC,BUY,0.0200,9094625.000,2024-07-08 21:32:01.417
BTC,BUY,0.0100,9096098.000,2024-07-08 21:32:02.349
BTC,BUY,0.0060,9096098.000,2024-07-08 21:32:02.687
BTC,BUY,0.0100,9096098.000,2024-07-08 21:32:02.879
BTC,BUY,0.0100,9096098.000,2024-07-08 21:32:02.902
BTC,BUY,0.0100,9096098.000,2024-07-08 21:32:04.375
BTC,SELL,0.0010,9096097.000,2024-07-08 21:32:19.776
BTC,BUY,0.0002,9105907.000,2024-07-08 21:33:02.573
BTC,BUY,0.0002,9107013.000,2024-07-08 21:33:02.573
BTC,BUY,0.0010,9109885.000,2024-07-08 21:33:02.573
BTC,BUY,0.0162,9111772.000,2024-07-08 21:33:02.573
BTC,BUY,0.0001,9110350.000,2024-07-08 21:33:06.025
BTC,BUY,0.0001,9104162.000,2024-07-08 21:33:12.840
BTC,BUY,0.0100,9102322.000,2024-07-08 21:33:42.426
BTC,BUY,0.0002,9105000.000,2024-07-08 21:33:45.727
BTC,BUY,0.0098,9105072.000,2024-07-08 21:33:45.727
BTC,BUY,0.0400,9105072.000,2024-07-08 21:33:46.161
BTC,BUY,0.0001,9111760.000,2024-07-08 21:34:03.205
BTC,BUY,0.0100,9111067.000,2024-07-08 21:34:27.087
BTC,BUY,0.0003,9111760.000,2024-07-08 21:34:42.432
BTC,BUY,0.0008,9105787.000,2024-07-08 21:35:06.129
BTC,BUY,0.0990,9105787.000,2024-07-08 21:35:07.827
BTC,SELL,0.0116,9111763.000,2024-07-08 21:35:33.382
BTC,SELL,0.0125,9110560.000,2024-07-08 21:35:33.382
BTC,SELL,0.0159,9110505.000,2024-07-08 21:35:33.382
BTC,BUY,0.0001,9112289.000,2024-07-08 21:35:45.965
BTC,BUY,0.0200,9106150.000,2024-07-08 21:36:35.812
BTC,BUY,0.0100,9106150.000,2024-07-08 21:36:36.148
BTC,BUY,0.0100,9106150.000,2024-07-08 21:36:37.422
BTC,BUY,0.0150,9108370.000,2024-07-08 21:36:42.716
BTC,BUY,0.0100,9108370.000,2024-07-08 21:36:43.083
BTC,BUY,0.0100,9108374.000,2024-07-08 21:36:44.709
BTC,BUY,0.0107,9108374.000,2024-07-08 21:36:45.336
BTC,BUY,0.0100,9108374.000,2024-07-08 21:36:46.118
BTC,BUY,0.0100,9108374.000,2024-07-08 21:36:46.767
BTC,BUY,0.0100,9109061.000,2024-07-08 21:36:48.805
BTC,BUY,0.0863,9109065.000,2024-07-08 21:36:50.848
BTC,BUY,0.0001,9112290.000,2024-07-08 21:37:05.123
BTC,BUY,0.0005,9113349.000,2024-07-08 21:37:13.903
BTC,BUY,0.0001,9114940.000,2024-07-08 21:37:55.501
BTC,BUY,0.0002,9115000.000,2024-07-08 21:38:05.369
BTC,BUY,0.0098,9119799.000,2024-07-08 21:38:05.369
BTC,BUY,0.0500,9119799.000,2024-07-08 21:38:05.890
BTC,BUY,0.0100,9119799.000,2024-07-08 21:38:06.202
BTC,BUY,0.0302,9119799.000,2024-07-08 21:38:06.291
BTC,BUY,0.0002,9123223.000,2024-07-08 21:38:06.827
BTC,BUY,0.0177,9125519.000,2024-07-08 21:38:06.827
BTC,BUY,0.0021,9125520.000,2024-07-08 21:38:06.827
BTC,BUY,0.0183,9123893.000,2024-07-08 21:38:10.093
BTC,BUY,0.0008,9125540.000,2024-07-08 21:38:20.395
BTC,BUY,0.0008,9126070.000,2024-07-08 21:38:21.537
BTC,SELL,0.0010,9120000.000,2024-07-08 21:39:23.594
BTC,SELL,0.0031,9113096.000,2024-07-08 21:39:23.594
BTC,SELL,0.0020,9113096.000,2024-07-08 21:39:23.682
BTC,SELL,0.0001,9113096.000,2024-07-08 21:39:24.211
BTC,SELL,0.0048,9113096.000,2024-07-08 21:39:24.471
BTC,SELL,0.0050,9112127.000,2024-07-08 21:39:24.933
BTC,SELL,0.0001,9110716.000,2024-07-08 21:39:25.040
BTC,SELL,0.0100,9110716.000,2024-07-08 21:39:25.262
BTC,SELL,0.0196,9110716.000,2024-07-08 21:39:25.584
BTC,SELL,0.0005,9109065.000,2024-07-08 21:39:26.021
BTC,SELL,0.0011,9109000.000,2024-07-08 21:39:26.021
BTC,SELL,0.0177,9104152.000,2024-07-08 21:39:26.021
BTC,SELL,0.0001,9100338.000,2024-07-08 21:39:26.021
BTC,SELL,0.0001,9100000.000,2024-07-08 21:39:26.472
BTC,SELL,0.0010,9099000.000,2024-07-08 21:39:26.472
BTC,SELL,0.0089,9095245.000,2024-07-08 21:39:26.472
BTC,BUY,0.0001,9095973.000,2024-07-08 21:39:29.178
BTC,BUY,0.0100,9095973.000,2024-07-08 21:39:29.242
BTC,BUY,0.0096,9095973.000,2024-07-08 21:39:31.651
BTC,BUY,0.0010,9096390.000,2024-07-08 21:39:38.264
BTC,BUY,0.0001,9096872.000,2024-07-08 21:39:38.329
BTC,SELL,0.0002,9096917.000,2024-07-08 21:39:53.378
BTC,BUY,0.0005,9093404.000,2024-07-08 21:40:03.261
BTC,SELL,0.0001,9091873.000,2024-07-08 21:40:49.398
BTC,BUY,0.0001,9093210.000,2024-07-08 21:40:57.526
BTC,BUY,0.0002,9093740.000,2024-07-08 21:40:59.080
BTC,BUY,0.0001,9091915.000,2024-07-08 21:41:31.241
BTC,SELL,0.0003,9090000.000,2024-07-08 21:41:37.436
BTC,SELL,0.0007,9090000.000,2024-07-08 21:41:40.208
BTC,SELL,0.0020,9084401.000,2024-07-08 21:41:44.172
BTC,BUY,0.0001,9084730.000,2024-07-08 21:41:47.795
BTC,SELL,0.0020,9084401.000,2024-07-08 21:41:52.289
BTC,BUY,0.0004,9084402.000,2024-07-08 21:42:29.940
BTC,BUY,0.0096,9084402.000,2024-07-08 21:42:29.940
BTC,SELL,0.0100,9084401.000,2024-07-08 21:42:37.317
BTC,SELL,0.0055,9084401.000,2024-07-08 21:42:37.528
BTC,SELL,0.0020,9080001.000,2024-07-08 21:42:37.549
BTC,SELL,0.0001,9080001.000,2024-07-08 21:42:55.754
BTC,SELL,0.0023,9080609.000,2024-07-08 21:43:23.115
BTC,BUY,0.0001,9082080.000,2024-07-08 21:43:23.253
BTC,BUY,0.0001,9084200.000,2024-07-08 21:44:49.871
BTC,SELL,0.0002,9084199.000,2024-07-08 21:45:10.239
BTC,SELL,0.0007,9080001.000,2024-07-08 21:45:10.239
BTC,BUY,0.0005,9084200.000,2024-07-08 21:45:10.361
BTC,SELL,0.0002,9080312.000,2024-07-08 21:46:02.527
BTC,BUY,0.0100,9082610.000,2024-07-08 21:46:07.117
BTC,BUY,0.0280,9085790.000,2024-07-08 21:46:19.512
BTC,BUY,0.0150,9086320.000,2024-07-08 21:46:23.604
BTC,BUY,0.0003,9089500.000,2024-07-08 21:46:54.439
BTC,BUY,0.0010,9092680.000,2024-07-08 21:48:00.236
BTC,BUY,0.0002,9092978.000,2024-07-08 21:48:15.182
BTC,BUY,0.0200,9098510.000,2024-07-08 21:48:23.786
BTC,BUY,0.0300,9099570.000,2024-07-08 21:48:35.946
BTC,BUY,0.0008,9100080.000,2024-07-08 21:48:54.839
BTC,BUY,0.0001,9100407.000,2024-07-08 21:49:02.044
BTC,BUY,0.0102,9100630.000,2024-07-08 21:49:02.044
BTC,BUY,0.0400,9102750.000,2024-07-08 21:49:13.598
BTC,BUY,0.0002,9105000.000,2024-07-08 21:49:36.344
BTC,BUY,0.0008,9106460.000,2024-07-08 21:49:36.344
BTC,BUY,0.0080,9100349.000,2024-07-08 21:51:14.833
BTC,BUY,0.0076,9100349.000,2024-07-08 21:51:16.859
BTC,BUY,0.0301,9100665.000,2024-07-08 21:51:19.901
BTC,BUY,0.0113,9100772.000,2024-07-08 21:51:21.933
BTC,BUY,0.0007,9100801.000,2024-07-08 21:51:23.838
BTC,BUY,0.0100,9100801.000,2024-07-08 21:51:24.447
BTC,BUY,0.0100,9100801.000,2024-07-08 21:51:25.965
BTC,BUY,0.0009,9103810.000,2024-07-08 21:51:27.080
BTC,BUY,0.0055,9106460.000,2024-07-08 21:51:42.493
BTC,BUY,0.0100,9107520.000,2024-07-08 21:52:14.176
BTC,BUY,0.0250,9112820.000,2024-07-08 21:52:28.541
BTC,BUY,0.0328,9114940.000,2024-07-08 21:52:41.650
BTC,BUY,0.0004,9117387.000,2024-07-08 21:52:46.176
BTC,BUY,0.0045,9118650.000,2024-07-08 21:52:46.176
BTC,BUY,0.0201,9119180.000,2024-07-08 21:52:46.176
BTC,SELL,0.0547,9112992.000,2024-07-08 21:53:31.612
BTC,BUY,0.0050,9109907.000,2024-07-08 21:53:41.366
BTC,BUY,0.0010,9109055.000,2024-07-08 21:54:03.208
BTC,BUY,0.0002,9109055.000,2024-07-08 21:54:14.135
BTC,BUY,0.0020,9109055.000,2024-07-08 21:54:28.111
BTC,BUY,0.0100,9106697.000,2024-07-08 21:54:48.058
BTC,BUY,0.0010,9104506.000,2024-07-08 21:55:03.648
BTC,BUY,0.0008,9104870.000,2024-07-08 21:55:22.059
BTC,BUY,0.0005,9106460.000,2024-07-08 21:55:57.822
BTC,SELL,0.0001,9100000.000,2024-07-08 21:56:20.663
BTC,SELL,0.0005,9100000.000,2024-07-08 21:56:20.663
BTC,BUY,0.0128,9106160.000,2024-07-08 21:56:29.869
BTC,BUY,0.0100,9106160.000,2024-07-08 21:56:30.682
BTC,BUY,0.0149,9106160.000,2024-07-08 21:56:31.271
BTC,BUY,0.0005,9106160.000,2024-07-08 21:56:31.639
BTC,BUY,0.0100,9106160.000,2024-07-08 21:56:31.940
BTC,BUY,0.0081,9106160.000,2024-07-08 21:56:32.205
BTC,SELL,0.0562,9111508.000,2024-07-08 21:56:33.703
BTC,BUY,0.0430,9111509.000,2024-07-08 21:56:33.938
BTC,BUY,0.0100,9111509.000,2024-07-08 21:56:35.227
BTC,BUY,0.0002,9114410.000,2024-07-08 21:56:36.823
BTC,BUY,0.0300,9111873.000,2024-07-08 21:56:40.019
BTC,BUY,0.0300,9111873.000,2024-07-08 21:56:42.049
BTC,BUY,0.0300,9111873.000,2024-07-08 21:56:44.081
BTC,BUY,0.0005,9111873.000,2024-07-08 21:56:44.217
BTC,BUY,0.0008,9114410.000,2024-07-08 21:56:46.364
BTC,SELL,0.0002,9113200.000,2024-07-08 21:57:53.746
BTC,BUY,0.0200,9113880.000,2024-07-08 21:58:13.872
BTC,BUY,0.0002,9115000.000,2024-07-08 21:58:28.978
BTC,BUY,0.0001,9115470.000,2024-07-08 21:58:28.978
BTC,BUY,0.0552,9116000.000,2024-07-08 21:58:32.081
BTC,BUY,0.0002,9119120.000,2024-07-08 21:58:34.910
BTC,BUY,0.0115,9119120.000,2024-07-08 21:58:35.629
BTC,BUY,0.0250,9123420.000,2024-07-08 21:58:36.410
BTC,BUY,0.0583,9119829.000,2024-07-08 21:58:38.670
BTC,BUY,0.0002,9119909.000,2024-07-08 21:58:41.990
BTC,BUY,0.0100,9119909.000,2024-07-08 21:58:43.244
BTC,BUY,0.0100,9120439.000,2024-07-08 21:58:46.824
BTC,BUY,0.0100,9121092.000,2024-07-08 21:58:50.873
BTC,BUY,0.0186,9121092.000,2024-07-08 21:58:52.909
BTC,BUY,0.0140,9121656.000,2024-07-08 21:58:56.563
BTC,BUY,0.0160,9121656.000,2024-07-08 21:58:58.475
BTC,BUY,0.0001,9122890.000,2024-07-08 21:59:11.814
BTC,BUY,0.0009,9123420.000,2024-07-08 21:59:12.978
BTC,BUY,0.0250,9123950.000,2024-07-08 21:59:53.936
BTC,BUY,0.0009,9124365.000,2024-07-08 22:00:03.550
BTC,BUY,0.0001,9124365.000,2024-07-08 22:00:07.344
BTC,BUY,0.0001,9125000.000,2024-07-08 22:00:19.316
BTC,BUY,0.0002,9124925.000,2024-07-08 22:00:29.604
BTC,SELL,0.0004,9122622.000,2024-07-08 22:01:02.487
BTC,BUY,0.0200,9112922.000,2024-07-08 22:01:08.260
BTC,BUY,0.0160,9112922.000,2024-07-08 22:01:10.230
BTC,BUY,0.0001,9112922.000,2024-07-08 22:01:11.084
BTC,BUY,0.0100,9116313.000,2024-07-08 22:01:18.865
BTC,BUY,0.0005,9118650.000,2024-07-08 22:01:20.635
BTC,BUY,0.0001,9119180.000,2024-07-08 22:03:23.523
BTC,BUY,0.0025,9119709.000,2024-07-08 22:03:25.041
BTC,SELL,0.0001,9118650.000,2024-07-08 22:03:42.045
BTC,SELL,0.0006,9118650.000,2024-07-08 22:03:54.877
BTC,SELL,0.0118,9112560.000,2024-07-08 22:03:54.877
BTC,SELL,0.0246,9112532.000,2024-07-08 22:03:54.877
BTC,BUY,0.0001,9113350.000,2024-07-08 22:04:11.649
BTC,BUY,0.0001,9113880.000,2024-07-08 22:04:25.426
BTC,BUY,0.0011,9114939.000,2024-07-08 22:04:44.404
BTC,BUY,0.0014,9114940.000,2024-07-08 22:04:44.404
BTC,BUY,0.0005,9114447.000,2024-07-08 22:05:19.081
BTC,BUY,0.0015,9115470.000,2024-07-08 22:05:29.526
BTC,BUY,0.0100,9109722.000,2024-07-08 22:06:16.158
BTC,SELL,0.0100,9109721.000,2024-07-08 22:06:16.230
BTC,SELL,0.0400,9109721.000,2024-07-08 22:06:16.230
BTC,BUY,0.0546,9109845.000,2024-07-08 22:06:21.109
BTC,BUY,0.0113,9109845.000,2024-07-08 22:06:21.237
BTC,BUY,0.0002,9109845.000,2024-07-08 22:06:22.034
BTC,BUY,0.0204,9111930.000,2024-07-08 22:06:25.322
BTC,BUY,0.0060,9113350.000,2024-07-08 22:06:52.539
BTC,BUY,0.0200,9114167.000,2024-07-08 22:07:16.390
BTC,BUY,0.0017,9114167.000,2024-07-08 22:07:16.463
BTC,BUY,0.0300,9114167.000,2024-07-08 22:07:17.033
BTC,BUY,0.0200,9119599.000,2024-07-08 22:07:17.162
BTC,BUY,0.0027,9119599.000,2024-07-08 22:07:18.761
BTC,BUY,0.0003,9119599.000,2024-07-08 22:07:18.764
BTC,BUY,0.0300,9127972.000,2024-07-08 22:08:11.361
BTC,BUY,0.0255,9127972.000,2024-07-08 22:08:13.345
BTC,BUY,0.0003,9127972.000,2024-07-08 22:08:13.501
BTC,BUY,0.0003,9130000.000,2024-07-08 22:08:21.536
BTC,BUY,0.0001,9130542.000,2024-07-08 22:08:21.536
BTC,BUY,0.0001,9130652.000,2024-07-08 22:08:21.536
BTC,BUY,0.0005,9131900.000,2024-07-08 22:08:21.536
BTC,BUY,0.0100,9132823.000,2024-07-08 22:08:33.465
BTC,BUY,0.0100,9132823.000,2024-07-08 22:08:33.773
BTC,BUY,0.0047,9132823.000,2024-07-08 22:08:33.776
BTC,BUY,0.0753,9132823.000,2024-07-08 22:08:34.151
BTC,BUY,0.0125,9135600.000,2024-07-08 22:08:34.677
BTC,SELL,0.0100,9134806.000,2024-07-08 22:08:37.605
BTC,BUY,0.0005,9135854.000,2024-07-08 22:10:03.204
BTC,BUY,0.0100,9132594.000,2024-07-08 22:10:46.613
BTC,SELL,0.0002,9132000.000,2024-07-08 22:10:50.362
BTC,SELL,0.0001,9132000.000,2024-07-08 22:11:06.134
BTC,BUY,0.0002,9132001.000,2024-07-08 22:11:06.583
BTC,BUY,0.0195,9134835.000,2024-07-08 22:11:06.583
BTC,BUY,0.0100,9134835.000,2024-07-08 22:11:07.275
BTC,BUY,0.0041,9134835.000,2024-07-08 22:11:07.648
BTC,BUY,0.0002,9135000.000,2024-07-08 22:11:10.382
BTC,BUY,0.0003,9140000.000,2024-07-08 22:11:10.382
BTC,BUY,0.0010,9140000.000,2024-07-08 22:11:10.382
BTC,BUY,0.0001,9140000.000,2024-07-08 22:11:10.382
BTC,BUY,0.0004,9140848.000,2024-07-08 22:11:10.382
BTC,BUY,0.0100,9138972.000,2024-07-08 22:11:12.382
BTC,BUY,0.0347,9138972.000,2024-07-08 22:11:12.823
BTC,BUY,0.0553,9138972.000,2024-07-08 22:11:14.417
BTC,BUY,0.0200,9142342.000,2024-07-08 22:11:15.131
BTC,BUY,0.0060,9142342.000,2024-07-08 22:11:15.871
BTC,BUY,0.0100,9142342.000,2024-07-08 22:11:16.451
BTC,BUY,0.0010,9140887.000,2024-07-08 22:11:22.390
BTC,BUY,0.0041,9140976.000,2024-07-08 22:11:32.052
BTC,BUY,0.0085,9140976.000,2024-07-08 22:11:32.204
BTC,BUY,0.0274,9140976.000,2024-07-08 22:11:32.233
BTC,SELL,0.0001,9141200.000,2024-07-08 22:11:34.826
BTC,BUY,0.0001,9142484.000,2024-07-08 22:11:35.389
BTC,BUY,0.0009,9142484.000,2024-07-08 22:11:57.423
BTC,BUY,0.0091,9143030.000,2024-07-08 22:11:57.423
BTC,SELL,0.0001,9140001.000,2024-07-08 22:11:59.792
BTC,SELL,0.0010,9140000.000,2024-07-08 22:12:34.648
BTC,BUY,0.0002,9137050.000,2024-07-08 22:12:36.543
BTC,BUY,0.0775,9135396.000,2024-07-08 22:12:41.356
BTC,BUY,0.0485,9135548.000,2024-07-08 22:12:44.826
BTC,SELL,0.0001,9137280.000,2024-07-08 22:12:52.318
BTC,SELL,0.0001,9134470.000,2024-07-08 22:13:08.319
BTC,SELL,0.0010,9135040.000,2024-07-08 22:13:16.971
BTC,BUY,0.0100,9136670.000,2024-07-08 22:13:35.508
BTC,BUY,0.0020,9140101.000,2024-07-08 22:13:36.841
BTC,BUY,0.0100,9140101.000,2024-07-08 22:13:38.054
BTC,BUY,0.0200,9140101.000,2024-07-08 22:13:38.937
BTC,BUY,0.0080,9140101.000,2024-07-08 22:13:40.121
BTC,BUY,0.0320,9142780.000,2024-07-08 22:13:42.697
BTC,BUY,0.0100,9142780.000,2024-07-08 22:13:43.380
BTC,BUY,0.0300,9142780.000,2024-07-08 22:13:43.749
BTC,BUY,0.0263,9142780.000,2024-07-08 22:13:45.769
BTC,SELL,0.0001,9143840.000,2024-07-08 22:13:55.200
BTC,SELL,0.0109,9143840.000,2024-07-08 22:14:00.023
BTC,SELL,0.0534,9143775.000,2024-07-08 22:14:00.023
BTC,SELL,0.0200,9140220.000,2024-07-08 22:14:05.257
BTC,SELL,0.0100,9136300.000,2024-07-08 22:14:19.937
BTC,SELL,0.0010,9130000.000,2024-07-08 22:14:21.960
BTC,SELL,0.0090,9128928.000,2024-07-08 22:14:21.960
BTC,BUY,0.0002,9129250.000,2024-07-08 22:14:23.221
BTC,SELL,0.0001,9130844.000,2024-07-08 22:14:37.716
BTC,SELL,0.0001,9131899.000,2024-07-08 22:14:55.311
BTC,BUY,0.0001,9133490.000,2024-07-08 22:15:04.113
BTC,SELL,0.0001,9131904.000,2024-07-08 22:15:13.910
BTC,SELL,0.0001,9131904.000,2024-07-08 22:15:38.228
BTC,SELL,0.0001,9131904.000,2024-07-08 22:15:55.297
BTC,SELL,0.0001,9131909.000,2024-07-08 22:16:10.182
BTC,SELL,0.0001,9131904.000,2024-07-08 22:16:30.257
BTC,SELL,0.0001,9131909.000,2024-07-08 22:16:40.822
BTC,SELL,0.0001,9131909.000,2024-07-08 22:16:58.132
BTC,BUY,0.0100,9137730.000,2024-07-08 22:17:01.893
BTC,BUY,0.0300,9132176.000,2024-07-08 22:17:06.413
BTC,SELL,0.0001,9133265.000,2024-07-08 22:17:11.747
BTC,BUY,0.0035,9132809.000,2024-07-08 22:17:31.629
BTC,SELL,0.0001,9130900.000,2024-07-08 22:17:35.947
BTC,BUY,0.0005,9131370.000,2024-07-08 22:17:37.547
BTC,SELL,0.0001,9125978.000,2024-07-08 22:18:00.326
BTC,SELL,0.0018,9127279.000,2024-07-08 22:18:17.841
BTC,SELL,0.0130,9127276.000,2024-07-08 22:18:17.841
BTC,SELL,0.0413,9125900.000,2024-07-08 22:18:17.841
BTC,BUY,0.0390,9128106.000,2024-07-08 22:19:11.736
BTC,BUY,0.0134,9129073.000,2024-07-08 22:19:33.625
BTC,BUY,0.0030,9130613.000,2024-07-08 22:19:53.109
BTC,BUY,0.0005,9130471.000,2024-07-08 22:20:03.343
BTC,BUY,0.0206,9132217.000,2024-07-08 22:20:13.709
BTC,BUY,0.0741,9137183.000,2024-07-08 22:20:39.560
BTC,BUY,0.0001,9136565.000,2024-07-08 22:21:03.957
BTC,BUY,0.0250,9139542.000,2024-07-08 22:21:33.941
BTC,BUY,0.0106,9140320.000,2024-07-08 22:21:46.488
BTC,BUY,0.0250,9139806.000,2024-07-08 22:21:59.465
BTC,BUY,0.0021,9139918.000,2024-07-08 22:21:59.991
BTC,BUY,0.0020,9139918.000,2024-07-08 22:22:01.993
BTC,BUY,0.0020,9141274.000,2024-07-08 22:22:03.565
BTC,BUY,0.0050,9144572.000,2024-07-08 22:22:27.212
BTC,BUY,0.0100,9144945.000,2024-07-08 22:22:43.457
BTC,BUY,0.0005,9146564.000,2024-07-08 22:22:45.138
BTC,BUY,0.0004,9145622.000,2024-07-08 22:23:03.591
BTC,BUY,0.0105,9146974.000,2024-07-08 22:23:16.026
BTC,BUY,0.0001,9148736.000,2024-07-08 22:24:23.827
BTC,BUY,0.0003,9150000.000,2024-07-08 22:24:33.827
BTC,BUY,0.0002,9150000.000,2024-07-08 22:24:33.827
BTC,BUY,0.0010,9150000.000,2024-07-08 22:24:33.827
BTC,BUY,0.0073,9150000.000,2024-07-08 22:24:33.827
BTC,BUY,0.0027,9150000.000,2024-07-08 22:24:38.437
BTC,BUY,0.0001,9150000.000,2024-07-08 22:24:38.437
BTC,BUY,0.0001,9150000.000,2024-07-08 22:24:38.437
BTC,BUY,0.0001,9151506.000,2024-07-08 22:24:54.261
BTC,BUY,0.0002,9150127.000,2024-07-08 22:25:18.018
BTC,BUY,0.0069,9150255.000,2024-07-08 22:25:18.018
BTC,BUY,0.0002,9151505.000,2024-07-08 22:25:29.597
BTC,BUY,0.0001,9151506.000,2024-07-08 22:25:29.597
BTC,BUY,0.0087,9152570.000,2024-07-08 22:25:29.597
BTC,BUY,0.0009,9153100.000,2024-07-08 22:25:45.773
BTC,BUY,0.0001,9153630.000,2024-07-08 22:25:58.829
BTC,BUY,0.0100,9150333.000,2024-07-08 22:26:03.672
BTC,BUY,0.0025,9151052.000,2024-07-08 22:26:07.265
BTC,BUY,0.0300,9151388.000,2024-07-08 22:26:09.719
BTC,BUY,0.0100,9152243.000,2024-07-08 22:26:14.032
BTC,BUY,0.0496,9152243.000,2024-07-08 22:26:14.387
BTC,BUY,0.0404,9152243.000,2024-07-08 22:26:14.391
BTC,BUY,0.0010,9153940.000,2024-07-08 22:26:15.885
BTC,BUY,0.0003,9160000.000,2024-07-08 22:26:17.827
BTC,BUY,0.0020,9160000.000,2024-07-08 22:26:17.827
BTC,BUY,0.0001,9160000.000,2024-07-08 22:26:17.827
BTC,BUY,0.0001,9160000.000,2024-07-08 22:26:17.827
BTC,BUY,0.0002,9160000.000,2024-07-08 22:26:17.827
BTC,BUY,0.0562,9164632.000,2024-07-08 22:26:23.446
BTC,SELL,0.0003,9164631.000,2024-07-08 22:26:27.089
BTC,BUY,0.0018,9164632.000,2024-07-08 22:26:27.615
BTC,BUY,0.0002,9165000.000,2024-07-08 22:26:27.615
BTC,BUY,0.0010,9165396.000,2024-07-08 22:26:27.615
BTC,BUY,0.0021,9165407.000,2024-07-08 22:26:27.615
BTC,BUY,0.0003,9166880.000,2024-07-08 22:26:31.092
BTC,SELL,0.0559,9165115.000,2024-07-08 22:26:35.278
BTC,BUY,0.0441,9166350.000,2024-07-08 22:26:40.803
BTC,BUY,0.0100,9159873.000,2024-07-08 22:26:45.334
BTC,BUY,0.0330,9159873.000,2024-07-08 22:26:46.800
BTC,BUY,0.0182,9165315.000,2024-07-08 22:27:15.884
BTC,BUY,0.0100,9165389.000,2024-07-08 22:27:23.459
BTC,SELL,0.0404,9166869.000,2024-07-08 22:27:26.333
BTC,BUY,0.0001,9162008.000,2024-07-08 22:28:16.137
BTC,BUY,0.0001,9162547.000,2024-07-08 22:29:24.586
BTC,SELL,0.0200,9162008.000,2024-07-08 22:29:43.800
BTC,SELL,0.0200,9162008.000,2024-07-08 22:29:45.950
BTC,SELL,0.0100,9162008.000,2024-07-08 22:29:48.043
BTC,SELL,0.0200,9162008.000,2024-07-08 22:30:02.205
BTC,SELL,0.0100,9162008.000,2024-07-08 22:30:11.457
BTC,SELL,0.0200,9162008.000,2024-07-08 22:30:15.118
BTC,SELL,0.0014,9162008.000,2024-07-08 22:30:19.582
BTC,SELL,0.0022,9162008.000,2024-07-08 22:30:26.079
BTC,SELL,0.0984,9162008.000,2024-07-08 22:30:29.065
BTC,BUY,0.0100,9162009.000,2024-07-08 22:30:33.768
BTC,BUY,0.0370,9162009.000,2024-07-08 22:30:33.768
BTC,BUY,0.0100,9162009.000,2024-07-08 22:30:33.768
BTC,BUY,0.0050,9162009.000,2024-07-08 22:30:33.768
BTC,BUY,0.0125,9162720.000,2024-07-08 22:30:33.768
BTC,BUY,0.0973,9162780.000,2024-07-08 22:30:33.768
BTC,BUY,0.0099,9162876.000,2024-07-08 22:30:33.768
BTC,BUY,0.0183,9163697.000,2024-07-08 22:30:33.768
BTC,SELL,0.0200,9162008.000,2024-07-08 22:30:34.105
BTC,SELL,0.0025,9162008.000,2024-07-08 22:30:34.236
BTC,SELL,0.4000,9162008.000,2024-07-08 22:30:34.307
BTC,SELL,0.0546,9162008.000,2024-07-08 22:30:34.497
BTC,SELL,0.0200,9162008.000,2024-07-08 22:30:34.532
BTC,SELL,0.0041,9162008.000,2024-07-08 22:30:34.638
BTC,SELL,0.0200,9162008.000,2024-07-08 22:30:35.622
BTC,SELL,0.0012,9162008.000,2024-07-08 22:30:35.738
BTC,SELL,0.0100,9162008.000,2024-07-08 22:30:35.848
BTC,SELL,0.0016,9162008.000,2024-07-08 22:30:40.355
BTC,SELL,0.0100,9162008.000,2024-07-08 22:30:56.175
BTC,SELL,0.0040,9162008.000,2024-07-08 22:31:10.290
BTC,SELL,0.0060,9162008.000,2024-07-08 22:31:10.290
BTC,SELL,0.0041,9162008.000,2024-07-08 22:31:10.334
BTC,SELL,0.0200,9162008.000,2024-07-08 22:31:10.401
BTC,SELL,0.0004,9162008.000,2024-07-08 22:31:11.063
BTC,BUY,0.0500,9162009.000,2024-07-08 22:31:23.086
BTC,SELL,0.0001,9162008.000,2024-07-08 22:31:24.048
BTC,BUY,0.0200,9162009.000,2024-07-08 22:31:31.135
BTC,BUY,0.0200,9162009.000,2024-07-08 22:31:31.135
BTC,SELL,0.0001,9162008.000,2024-07-08 22:31:50.253
BTC,SELL,0.0193,9162008.000,2024-07-08 22:33:30.074
BTC,SELL,0.0688,9160001.000,2024-07-08 22:33:30.074
BTC,SELL,0.0010,9160000.000,2024-07-08 22:33:30.074
BTC,SELL,0.0007,9159873.000,2024-07-08 22:33:30.074
BTC,SELL,0.0084,9157462.000,2024-07-08 22:33:30.074
BTC,BUY,0.0050,9157870.000,2024-07-08 22:33:53.286
BTC,BUY,0.0100,9158667.000,2024-07-08 22:34:31.929
BTC,BUY,0.0051,9158669.000,2024-07-08 22:34:31.929
BTC,BUY,0.0069,9160483.000,2024-07-08 22:34:31.929
BTC,BUY,0.0100,9155001.000,2024-07-08 22:34:44.652
BTC,BUY,0.0177,9160418.000,2024-07-08 22:34:44.652
BTC,BUY,0.0545,9160862.000,2024-07-08 22:34:44.652
BTC,BUY,0.0015,9161044.000,2024-07-08 22:34:44.652
BTC,BUY,0.0001,9161050.000,2024-07-08 22:34:44.652
BTC,BUY,0.0164,9162109.000,2024-07-08 22:34:44.652
BTC,SELL,0.0002,9155000.000,2024-07-08 22:35:19.626
BTC,SELL,0.0039,9150001.000,2024-07-08 22:35:19.626
BTC,SELL,0.0001,9150000.000,2024-07-08 22:36:03.113
BTC,SELL,0.0009,9150000.000,2024-07-08 22:36:23.949
BTC,SELL,0.0001,9146864.000,2024-07-08 22:36:23.949
BTC,BUY,0.0030,9146302.000,2024-07-08 22:38:22.009
BTC,BUY,0.0002,9146302.000,2024-07-08 22:38:26.215
BTC,BUY,0.0001,9146210.000,2024-07-08 22:38:45.231
BTC,BUY,0.0008,9146302.000,2024-07-08 22:38:45.231
BTC,BUY,0.0005,9146740.000,2024-07-08 22:40:02.700
BTC,SELL,0.0002,9145322.000,2024-07-08 22:40:28.459
BTC,SELL,0.0004,9145328.000,2024-07-08 22:40:34.884
BTC,SELL,0.0008,9140001.000,2024-07-08 22:41:35.825
BTC,BUY,0.0010,9140910.000,2024-07-08 22:44:52.427
BTC,BUY,0.0002,9141440.000,2024-07-08 22:45:49.148
BTC,BUY,0.0100,9140018.000,2024-07-08 22:46:17.874
BTC,BUY,0.0100,9140018.000,2024-07-08 22:46:17.874
BTC,SELL,0.0001,9140000.000,2024-07-08 22:46:21.028
BTC,SELL,0.0011,9138000.000,2024-07-08 22:46:21.028
BTC,SELL,0.0035,9137157.000,2024-07-08 22:46:21.028
BTC,SELL,0.0003,9134094.000,2024-07-08 22:46:21.028
BTC,BUY,0.0500,9134550.000,2024-07-08 22:46:33.804
BTC,SELL,0.0047,9133128.000,2024-07-08 22:46:43.717
BTC,SELL,0.0110,9131261.000,2024-07-08 22:46:43.717
BTC,SELL,0.0843,9131215.000,2024-07-08 22:46:43.717
BTC,BUY,0.4000,9133490.000,2024-07-08 22:47:22.601
BTC,BUY,0.5000,9134550.000,2024-07-08 22:47:33.626
BTC,BUY,0.0200,9135610.000,2024-07-08 22:47:45.112
BTC,SELL,0.0002,9136669.000,2024-07-08 22:48:05.511
BTC,SELL,0.0001,9135500.000,2024-07-08 22:48:05.511
BTC,BUY,0.5000,9136140.000,2024-07-08 22:48:10.372
BTC,BUY,0.7121,9136670.000,2024-07-08 22:48:56.004
BTC,SELL,0.0002,9136700.000,2024-07-08 22:49:02.931
BTC,SELL,0.0002,9136700.000,2024-07-08 22:49:07.774
BTC,BUY,0.0005,9137200.000,2024-07-08 22:49:09.924
BTC,SELL,0.0001,9136700.000,2024-07-08 22:49:18.675
BTC,BUY,0.0001,9136701.000,2024-07-08 22:49:20.747
BTC,SELL,0.0002,9136700.000,2024-07-08 22:49:33.587
BTC,SELL,0.0070,9136700.000,2024-07-08 22:49:33.838
BTC,SELL,0.0002,9136700.000,2024-07-08 22:49:39.833
BTC,BUY,0.0099,9136701.000,2024-07-08 22:49:40.895
BTC,BUY,0.0100,9136721.000,2024-07-08 22:49:51.469
BTC,BUY,0.0200,9136721.000,2024-07-08 22:49:51.469
BTC,SELL,0.0001,9136721.000,2024-07-08 22:49:51.531
BTC,SELL,0.0002,9136721.000,2024-07-08 22:49:53.309
BTC,SELL,0.0002,9136721.000,2024-07-08 22:49:57.655
BTC,SELL,0.0001,9136721.000,2024-07-08 22:50:01.004
BTC,SELL,0.0002,9136721.000,2024-07-08 22:50:02.132
BTC,SELL,0.0001,9136721.000,2024-07-08 22:50:09.516
BTC,BUY,0.0050,9136722.000,2024-07-08 22:50:13.387
BTC,SELL,0.0002,9136721.000,2024-07-08 22:50:15.778
BTC,BUY,0.0050,9136722.000,2024-07-08 22:50:16.640
BTC,BUY,0.0200,9136722.000,2024-07-08 22:50:16.640
BTC,BUY,0.0700,9136722.000,2024-07-08 22:50:16.640
BTC,BUY,0.1000,9136722.000,2024-07-08 22:50:16.640
BTC,BUY,0.0439,9136722.000,2024-07-08 22:50:16.640
BTC,SELL,0.0001,9135000.000,2024-07-08 22:50:30.879
BTC,SELL,0.0002,9135000.000,2024-07-08 22:50:35.032
BTC,SELL,0.0002,9135000.000,2024-07-08 22:50:37.090
BTC,SELL,0.0002,9135000.000,2024-07-08 22:50:39.751
BTC,SELL,0.0002,9135050.000,2024-07-08 22:50:41.563
BTC,SELL,0.0333,9129600.000,2024-07-08 22:53:17.943
BTC,SELL,0.0667,9129551.000,2024-07-08 22:53:17.943
BTC,BUY,0.0100,9130310.000,2024-07-08 22:55:16.798
BTC,SELL,0.0001,9129551.000,2024-07-08 22:56:18.787
BTC,SELL,0.0003,9129551.000,2024-07-08 22:56:18.787
BTC,BUY,0.3287,9129780.000,2024-07-08 22:58:50.150
BTC,SELL,0.0030,9129600.000,2024-07-08 22:59:11.534
BTC,BUY,0.0500,9130310.000,2024-07-08 23:00:14.311
BTC,BUY,0.0546,9132430.000,2024-07-08 23:00:16.860
BTC,BUY,0.0002,9134020.000,2024-07-08 23:00:26.373
BTC,BUY,0.0003,9134550.000,2024-07-08 23:01:12.932
BTC,BUY,0.0030,9135050.000,2024-07-08 23:02:12.931
BTC,BUY,0.0010,9135001.000,2024-07-08 23:02:21.258
BTC,SELL,0.0017,9135000.000,2024-07-08 23:02:29.378
BTC,SELL,0.0004,9135000.000,2024-07-08 23:02:35.865
BTC,SELL,0.0013,9135000.000,2024-07-08 23:02:40.750
BTC,SELL,0.0020,9135000.000,2024-07-08 23:02:45.188
BTC,SELL,0.0043,9135000.000,2024-07-08 23:02:46.936
BTC,SELL,0.0002,9130100.000,2024-07-08 23:06:33.033
BTC,SELL,0.0006,9130100.000,2024-07-08 23:06:40.945
BTC,SELL,0.0001,9130100.000,2024-07-08 23:06:45.415
BTC,SELL,0.0002,9130100.000,2024-07-08 23:06:47.240
BTC,BUY,0.0333,9131370.000,2024-07-08 23:06:51.504
BTC,SELL,0.0001,9130101.000,2024-07-08 23:06:51.568
BTC,BUY,0.0125,9131370.000,2024-07-08 23:06:52.920
BTC,BUY,0.0587,9133490.000,2024-07-08 23:08:24.019
BTC,BUY,0.0006,9134020.000,2024-07-08 23:08:38.199
BTC,BUY,0.0001,9135080.000,2024-07-08 23:12:03.515
BTC,BUY,0.0700,9135610.000,2024-07-08 23:12:13.880
BTC,BUY,0.0010,9137730.000,2024-07-08 23:12:31.616
BTC,BUY,0.0100,9141970.000,2024-07-08 23:13:55.807
BTC,BUY,0.0041,9143030.000,2024-07-08 23:14:20.561
BTC,BUY,0.0300,9143560.000,2024-07-08 23:14:21.506
BTC,BUY,0.0001,9145511.000,2024-07-08 23:14:29.655
BTC,BUY,0.0999,9146210.000,2024-07-08 23:14:29.655
BTC,BUY,0.0813,9147269.000,2024-07-08 23:15:32.737
BTC,BUY,0.0187,9147270.000,2024-07-08 23:15:32.737
BTC,BUY,0.0020,9147300.000,2024-07-08 23:17:26.312
BTC,BUY,0.0002,9147686.000,2024-07-08 23:17:26.312
BTC,BUY,0.0001,9148860.000,2024-07-08 23:17:26.312
BTC,BUY,0.0001,9150450.000,2024-07-08 23:17:46.519
BTC,BUY,0.0041,9152040.000,2024-07-08 23:17:48.805
BTC,BUY,0.0030,9152570.000,2024-07-08 23:17:49.884
BTC,BUY,0.0100,9146211.000,2024-07-08 23:20:19.438
BTC,BUY,0.0300,9146358.000,2024-07-08 23:20:19.438
BTC,BUY,0.0035,9146740.000,2024-07-08 23:21:05.467
BTC,SELL,0.0010,9146210.000,2024-07-08 23:21:50.329
BTC,SELL,0.0010,9146210.000,2024-07-08 23:22:23.906
BTC,SELL,0.0001,9140000.000,2024-07-08 23:22:24.198
BTC,SELL,0.0009,9135430.000,2024-07-08 23:22:24.198
BTC,BUY,0.0030,9136140.000,2024-07-08 23:22:59.839
BTC,BUY,0.0032,9138790.000,2024-07-08 23:24:09.399
BTC,SELL,0.0001,9137954.000,2024-07-08 23:24:39.628
BTC,BUY,0.0001,9138260.000,2024-07-08 23:25:31.113
BTC,SELL,0.0001,9137600.000,2024-07-08 23:26:02.187
BTC,BUY,0.0001,9135148.000,2024-07-08 23:30:13.496
BTC,BUY,0.0010,9134750.000,2024-07-08 23:31:48.643
BTC,SELL,0.0075,9131371.000,2024-07-08 23:32:13.139
BTC,SELL,0.0005,9132183.000,2024-07-08 23:33:55.192
BTC,BUY,0.0006,9133490.000,2024-07-08 23:34:31.422
BTC,BUY,0.0075,9134550.000,2024-07-08 23:34:56.355
BTC,BUY,0.0005,9133491.000,2024-07-08 23:35:38.239
BTC,BUY,0.0002,9134550.000,2024-07-08 23:36:19.178
BTC,BUY,0.0004,9135080.000,2024-07-08 23:36:25.789
BTC,BUY,0.0020,9136140.000,2024-07-08 23:36:43.436
BTC,SELL,0.0001,9133490.000,2024-07-08 23:43:02.606
BTC,SELL,0.0001,9133490.000,2024-07-08 23:43:23.889
BTC,SELL,0.0001,9133490.000,2024-07-08 23:43:31.572
BTC,SELL,0.0001,9133490.000,2024-07-08 23:43:35.952
BTC,SELL,0.0001,9133490.000,2024-07-08 23:43:45.790
BTC,BUY,0.0010,9133491.000,2024-07-08 23:44:06.668
BTC,SELL,0.0095,9133490.000,2024-07-08 23:46:09.404
BTC,SELL,0.0487,9133490.000,2024-07-08 23:46:09.404
BTC,BUY,0.0001,9134020.000,2024-07-08 23:46:44.778
BTC,BUY,0.0004,9134550.000,2024-07-08 23:46:44.778
BTC,BUY,0.0100,9133491.000,2024-07-08 23:49:56.922
BTC,BUY,0.0100,9133491.000,2024-07-08 23:49:56.922
BTC,BUY,0.0012,9133491.000,2024-07-08 23:49:59.654
BTC,SELL,0.0001,9133490.000,2024-07-08 23:51:58.014
BTC,SELL,0.0013,9131494.000,2024-07-08 23:52:20.064
BTC,SELL,0.0012,9131370.000,2024-07-08 23:53:45.650
BTC,SELL,0.0037,9131102.000,2024-07-08 23:53:45.650
BTC,SELL,0.0017,9126093.000,2024-07-08 23:53:45.650
BTC,SELL,0.0100,9126093.000,2024-07-08 23:53:45.650
BTC,SELL,0.0001,9125978.000,2024-07-08 23:53:45.650
BTC,SELL,0.0001,9125000.000,2024-07-08 23:53:45.650
BTC,SELL,0.0002,9125000.000,2024-07-08 23:53:45.650
BTC,SELL,0.0176,9123297.000,2024-07-08 23:53:45.650
BTC,SELL,0.0154,9122602.000,2024-07-08 23:53:45.650
BTC,BUY,0.0002,9123950.000,2024-07-08 23:53:46.118
BTC,BUY,0.0002,9124480.000,2024-07-08 23:53:49.062
BTC,SELL,0.0320,9123492.000,2024-07-08 23:53:56.795
BTC,SELL,0.0124,9123440.000,2024-07-08 23:53:56.795
BTC,SELL,0.0056,9123372.000,2024-07-08 23:53:56.795
BTC,BUY,0.0001,9124479.000,2024-07-08 23:53:58.452
BTC,BUY,0.0005,9125009.000,2024-07-08 23:54:08.109
BTC,BUY,0.0050,9126599.000,2024-07-08 23:54:20.609
BTC,BUY,0.0220,9126600.000,2024-07-08 23:54:20.609
BTC,BUY,0.0300,9123451.000,2024-07-08 23:54:33.876
BTC,BUY,0.0100,9123451.000,2024-07-08 23:54:35.996
BTC,BUY,0.0980,9123736.000,2024-07-08 23:54:40.487
BTC,BUY,0.0002,9126600.000,2024-07-08 23:55:17.232
BTC,SELL,0.0002,9123731.000,2024-07-08 23:55:33.115
BTC,BUY,0.0046,9123492.000,2024-07-08 23:57:22.114
BTC,BUY,0.0100,9123492.000,2024-07-08 23:57:24.217
BTC,BUY,0.0002,9131370.000,2024-07-08 23:57:57.508
BTC,BUY,0.1000,9126997.000,2024-07-08 23:57:58.702
BTC,BUY,0.1000,9128193.000,2024-07-08 23:58:02.986
BTC,BUY,0.0032,9133491.000,2024-07-08 23:58:03.121
BTC,BUY,0.1000,9130633.000,2024-07-08 23:58:11.016
BTC,BUY,0.0198,9133491.000,2024-07-08 23:59:17.016
BTC,BUY,0.0001,9133736.000,2024-07-09 00:00:21.528
BTC,BUY,0.0200,9128543.000,2024-07-09 00:00:27.877
BTC,BUY,0.0100,9128543.000,2024-07-09 00:00:29.180
BTC,BUY,0.0002,9129254.000,2024-07-09 00:00:33.591
BTC,BUY,0.0005,9130209.000,2024-07-09 00:00:46.548
BTC,BUY,0.0001,9130304.000,2024-07-09 00:00:53.662
BTC,BUY,0.0001,9130837.000,2024-07-09 00:01:12.189
BTC,BUY,0.0033,9121996.000,2024-07-09 00:02:27.769
BTC,SELL,0.0003,9120000.000,2024-07-09 00:02:27.817
BTC,SELL,0.0007,9120000.000,2024-07-09 00:02:27.817
BTC,BUY,0.0100,9120754.000,2024-07-09 00:02:56.659
BTC,SELL,0.0548,9122225.000,2024-07-09 00:03:02.314
BTC,SELL,0.0452,9122222.000,2024-07-09 00:03:02.314
BTC,BUY,0.0200,9121864.000,2024-07-09 00:03:10.038
BTC,SELL,0.0001,9122056.000,2024-07-09 00:05:08.169
BTC,SELL,0.0009,9121864.000,2024-07-09 00:05:08.169
BTC,BUY,0.0001,9122058.000,2024-07-09 00:05:32.539
BTC,BUY,0.0041,9124865.000,2024-07-09 00:05:34.029
BTC,BUY,0.0010,9125153.000,2024-07-09 00:05:46.002
BTC,BUY,0.0300,9125153.000,2024-07-09 00:05:47.410
BTC,BUY,0.0250,9125153.000,2024-07-09 00:05:48.104
BTC,BUY,0.0100,9126533.000,2024-07-09 00:05:49.076
BTC,BUY,0.0185,9126533.000,2024-07-09 00:05:51.460
BTC,BUY,0.0547,9128363.000,2024-07-09 00:05:55.020
BTC,BUY,0.0100,9128363.000,2024-07-09 00:05:55.419
BTC,BUY,0.0353,9128363.000,2024-07-09 00:05:57.035
BTC,BUY,0.0089,9129485.000,2024-07-09 00:05:58.337
BTC,BUY,0.0152,9129485.000,2024-07-09 00:05:58.982
BTC,BUY,0.0070,9130510.000,2024-07-09 00:06:01.836
BTC,BUY,0.0100,9132960.000,2024-07-09 00:06:05.394
BTC,BUY,0.0041,9134020.000,2024-07-09 00:06:22.863
BTC,SELL,0.0100,9130020.000,2024-07-09 00:06:39.802
BTC,BUY,0.0137,9127641.000,2024-07-09 00:06:43.551
BTC,SELL,0.0280,9127640.000,2024-07-09 00:06:45.383
BTC,BUY,0.0126,9128666.000,2024-07-09 00:07:01.675
BTC,BUY,0.1000,9128967.000,2024-07-09 00:07:05.756
BTC,BUY,0.0100,9129789.000,2024-07-09 00:07:07.862
BTC,BUY,0.0001,9129789.000,2024-07-09 00:07:08.625
BTC,BUY,0.0001,9131803.000,2024-07-09 00:07:12.069
BTC,BUY,0.0041,9132959.000,2024-07-09 00:07:19.327
BTC,BUY,0.0009,9133376.000,2024-07-09 00:07:19.327
BTC,BUY,0.0280,9134020.000,2024-07-09 00:07:30.060
BTC,BUY,0.0030,9135080.000,2024-07-09 00:07:35.601
BTC,BUY,0.0001,9130366.000,2024-07-09 00:08:57.021
BTC,SELL,0.0220,9124900.000,2024-07-09 00:09:02.012
BTC,SELL,0.0088,9122483.000,2024-07-09 00:09:02.012
BTC,BUY,0.0010,9126070.000,2024-07-09 00:09:28.760
BTC,BUY,0.0041,9123493.000,2024-07-09 00:09:35.975
BTC,BUY,0.0100,9123493.000,2024-07-09 00:09:36.337
BTC,BUY,0.0054,9126069.000,2024-07-09 00:10:38.901
BTC,SELL,0.0057,9121865.000,2024-07-09 00:11:45.312
BTC,SELL,0.0943,9121864.000,2024-07-09 00:11:45.312
BTC,SELL,0.0048,9121864.000,2024-07-09 00:11:45.623
BTC,BUY,0.0003,9120923.000,2024-07-09 00:11:53.985
BTC,SELL,0.0020,9120923.000,2024-07-09 00:16:02.215
BTC,SELL,0.0003,9120000.000,2024-07-09 00:16:02.215
BTC,SELL,0.0010,9120000.000,2024-07-09 00:16:02.215
BTC,SELL,0.0004,9120000.000,2024-07-09 00:16:02.215
BTC,SELL,0.0103,9115001.000,2024-07-09 00:16:02.215
BTC,SELL,0.0015,9115000.000,2024-07-09 00:16:02.215
BTC,SELL,0.0002,9115000.000,2024-07-09 00:16:02.215
BTC,SELL,0.0443,9112627.000,2024-07-09 00:16:02.215
BTC,BUY,0.0100,9115048.000,2024-07-09 00:16:19.943
BTC,BUY,0.0001,9118650.000,2024-07-09 00:16:41.958
BTC,BUY,0.0005,9119180.000,2024-07-09 00:17:10.077
BTC,SELL,0.0040,9112000.000,2024-07-09 00:17:10.918
BTC,SELL,0.0183,9112000.000,2024-07-09 00:17:25.414
BTC,SELL,0.0700,9112000.000,2024-07-09 00:17:40.849
BTC,SELL,0.0077,9112000.000,2024-07-09 00:17:41.105
BTC,SELL,0.0003,9110000.000,2024-07-09 00:17:42.497
BTC,SELL,0.0097,9109155.000,2024-07-09 00:17:42.497
BTC,SELL,0.0003,9109155.000,2024-07-09 00:17:42.630
BTC,SELL,0.0007,9107000.000,2024-07-09 00:17:42.630
BTC,SELL,0.0993,9107000.000,2024-07-09 00:17:43.312
BTC,SELL,0.0009,9104884.000,2024-07-09 00:17:43.312
BTC,BUY,0.0086,9104393.000,2024-07-09 00:17:58.833
BTC,BUY,0.0283,9107719.000,2024-07-09 00:18:08.629
BTC,BUY,0.0200,9107719.000,2024-07-09 00:18:09.090
BTC,BUY,0.0100,9107719.000,2024-07-09 00:18:09.357
BTC,BUY,0.0417,9107719.000,2024-07-09 00:18:09.564
BTC,BUY,0.0050,9113677.000,2024-07-09 00:18:09.564
BTC,BUY,0.0010,9115000.000,2024-07-09 00:18:09.564
BTC,BUY,0.0023,9116160.000,2024-07-09 00:18:09.564
BTC,BUY,0.0100,9111728.000,2024-07-09 00:18:11.208
BTC,BUY,0.0300,9110704.000,2024-07-09 00:18:18.816
BTC,BUY,0.0230,9110704.000,2024-07-09 00:18:20.836
BTC,BUY,0.0001,9116530.000,2024-07-09 00:18:24.135
BTC,BUY,0.0100,9111412.000,2024-07-09 00:18:26.456
BTC,BUY,0.0001,9111957.000,2024-07-09 00:18:30.243
BTC,BUY,0.0100,9113974.000,2024-07-09 00:18:43.748
BTC,BUY,0.0124,9112018.000,2024-07-09 00:18:57.487
BTC,BUY,0.0100,9112744.000,2024-07-09 00:18:58.383
BTC,BUY,0.0500,9112744.000,2024-07-09 00:18:58.695
BTC,BUY,0.0274,9112744.000,2024-07-09 00:18:59.566
BTC,BUY,0.0001,9104192.000,2024-07-09 00:20:40.955
BTC,BUY,0.0027,9103723.000,2024-07-09 00:20:41.247
BTC,SELL,0.0001,9102407.000,2024-07-09 00:20:49.731
BTC,SELL,0.0001,9102748.000,2024-07-09 00:21:32.508
BTC,SELL,0.0100,9101455.000,2024-07-09 00:21:34.319
BTC,SELL,0.0900,9100693.000,2024-07-09 00:21:34.319
BTC,SELL,0.0100,9100693.000,2024-07-09 00:22:09.839
BTC,SELL,0.0020,9100000.000,2024-07-09 00:22:09.839
BTC,SELL,0.0003,9100000.000,2024-07-09 00:22:09.839
BTC,SELL,0.0002,9100000.000,2024-07-09 00:22:09.839
BTC,SELL,0.0001,9100000.000,2024-07-09 00:22:09.839
BTC,SELL,0.0010,9100000.000,2024-07-09 00:22:09.839
BTC,SELL,0.0064,9100000.000,2024-07-09 00:22:09.839
BTC,SELL,0.0025,9100000.000,2024-07-09 00:22:32.214
BTC,SELL,0.0011,9100000.000,2024-07-09 00:22:36.062
BTC,SELL,0.0010,9100000.000,2024-07-09 00:22:36.062
BTC,SELL,0.0001,9100000.000,2024-07-09 00:22:36.062
BTC,SELL,0.0001,9097768.000,2024-07-09 00:22:41.913
BTC,SELL,0.0002,9097768.000,2024-07-09 00:22:41.913
BTC,BUY,0.0062,9093110.000,2024-07-09 00:22:52.247
BTC,BUY,0.0012,9093110.000,2024-07-09 00:22:53.024
BTC,SELL,0.0002,9090000.000,2024-07-09 00:23:05.167
BTC,BUY,0.0299,9090560.000,2024-07-09 00:23:06.732
BTC,BUY,0.0100,9090560.000,2024-07-09 00:23:06.936
BTC,BUY,0.0028,9090168.000,2024-07-09 00:23:34.756
BTC,BUY,0.0097,9090560.000,2024-07-09 00:23:56.740
BTC,BUY,0.0032,9090167.000,2024-07-09 00:24:23.232
BTC,BUY,0.0268,9090168.000,2024-07-09 00:24:23.232
BTC,SELL,0.0030,9090001.000,2024-07-09 00:25:01.191
BTC,BUY,0.0010,9090168.000,2024-07-09 00:25:22.124
BTC,BUY,0.0010,9090168.000,2024-07-09 00:25:32.080
BTC,BUY,0.0010,9090168.000,2024-07-09 00:25:42.361
BTC,BUY,0.0004,9090168.000,2024-07-09 00:25:47.897
BTC,BUY,0.0037,9092680.000,2024-07-09 00:25:47.897
BTC,BUY,0.0100,9090375.000,2024-07-09 00:25:54.855
BTC,BUY,0.0100,9090375.000,2024-07-09 00:25:57.379
BTC,BUY,0.0500,9090725.000,2024-07-09 00:25:59.400
BTC,BUY,0.0010,9094800.000,2024-07-09 00:26:02.190
BTC,BUY,0.0010,9095330.000,2024-07-09 00:26:42.131
BTC,BUY,0.0010,9096390.000,2024-07-09 00:26:52.449
BTC,SELL,0.1024,9090007.000,2024-07-09 00:26:56.063
BTC,SELL,0.0050,9090006.000,2024-07-09 00:26:56.063
BTC,SELL,0.0970,9090001.000,2024-07-09 00:26:56.063
BTC,SELL,0.0001,9090000.000,2024-07-09 00:26:56.063
BTC,SELL,0.0002,9090000.000,2024-07-09 00:26:56.063
BTC,SELL,0.0002,9090000.000,2024-07-09 00:26:56.063
BTC,SELL,0.0100,9088087.000,2024-07-09 00:26:56.063
BTC,SELL,0.0091,9087919.000,2024-07-09 00:26:56.063
BTC,SELL,0.0660,9087918.000,2024-07-09 00:26:56.063
BTC,BUY,0.0003,9092150.000,2024-07-09 00:26:56.657
BTC,BUY,0.0003,9092680.000,2024-07-09 00:27:00.406
BTC,BUY,0.0010,9093210.000,2024-07-09 00:27:02.136
BTC,BUY,0.0100,9093209.000,2024-07-09 00:27:03.765
BTC,BUY,0.0010,9094174.000,2024-07-09 00:27:03.765
BTC,SELL,0.0543,9087068.000,2024-07-09 00:28:23.118
BTC,SELL,0.0100,9087068.000,2024-07-09 00:28:36.483
BTC,SELL,0.0100,9087068.000,2024-07-09 00:28:43.551
BTC,SELL,0.0200,9087068.000,2024-07-09 00:28:57.533
BTC,SELL,0.0057,9087068.000,2024-07-09 00:29:44.659
BTC,SELL,0.0001,9087068.000,2024-07-09 00:29:44.659
BTC,SELL,0.0001,9086117.000,2024-07-09 00:29:44.659
BTC,SELL,0.0001,9082562.000,2024-07-09 00:29:44.659
BTC,SELL,0.0040,9080001.000,2024-07-09 00:29:44.659
BTC,BUY,0.0025,9084730.000,2024-07-09 00:29:50.432
BTC,BUY,0.0001,9081405.000,2024-07-09 00:29:52.989
BTC,SELL,0.0097,9080001.000,2024-07-09 00:30:37.736
BTC,SELL,0.0136,9080001.000,2024-07-09 00:30:38.411
BTC,BUY,0.0100,9080064.000,2024-07-09 00:30:46.841
BTC,BUY,0.0003,9080065.000,2024-07-09 00:31:27.652
BTC,SELL,0.0100,9080064.000,2024-07-09 00:31:28.492
BTC,SELL,0.0100,9080064.000,2024-07-09 00:31:28.496
BTC,SELL,0.0002,9080064.000,2024-07-09 00:31:28.883
BTC,SELL,0.0100,9080064.000,2024-07-09 00:31:29.339
BTC,SELL,0.0100,9080064.000,2024-07-09 00:31:29.860
BTC,SELL,0.0598,9080064.000,2024-07-09 00:31:30.557
BTC,SELL,0.0303,9080001.000,2024-07-09 00:31:31.346
BTC,SELL,0.0075,9080001.000,2024-07-09 00:31:32.801
BTC,SELL,0.0200,9080001.000,2024-07-09 00:31:32.857
BTC,SELL,0.0121,9080001.000,2024-07-09 00:31:32.861
BTC,SELL,0.0003,9080000.000,2024-07-09 00:31:33.050
BTC,SELL,0.0002,9080000.000,2024-07-09 00:31:33.050
BTC,SELL,0.0001,9080000.000,2024-07-09 00:31:33.050
BTC,SELL,0.0001,9077803.000,2024-07-09 00:31:33.694
BTC,SELL,0.0059,9077503.000,2024-07-09 00:31:33.694
BTC,SELL,0.0001,9076164.000,2024-07-09 00:31:54.484
BTC,SELL,0.0002,9076164.000,2024-07-09 00:31:54.484
BTC,SELL,0.0025,9072185.000,2024-07-09 00:31:57.303
BTC,BUY,0.0008,9072480.000,2024-07-09 00:32:24.135
BTC,BUY,0.0006,9073440.000,2024-07-09 00:32:29.767
BTC,BUY,0.0007,9076689.000,2024-07-09 00:32:32.053
BTC,SELL,0.0030,9077503.000,2024-07-09 00:34:02.278
BTC,BUY,0.0002,9083440.000,2024-07-09 00:34:51.690
BTC,BUY,0.0001,9087379.000,2024-07-09 00:35:21.352
BTC,BUY,0.0010,9087641.000,2024-07-09 00:35:41.130
BTC,BUY,0.0001,9088396.000,2024-07-09 00:35:50.844
BTC,BUY,0.0002,9090897.000,2024-07-09 00:35:57.699
BTC,BUY,0.0198,9092304.000,2024-07-09 00:35:57.699
BTC,BUY,0.0005,9093997.000,2024-07-09 00:36:21.010
BTC,BUY,0.0007,9097407.000,2024-07-09 00:36:39.288
BTC,BUY,0.0100,9097407.000,2024-07-09 00:36:39.951
BTC,BUY,0.0001,9101355.000,2024-07-09 00:36:46.630
BTC,BUY,0.0200,9102393.000,2024-07-09 00:36:56.210
BTC,BUY,0.0200,9099149.000,2024-07-09 00:37:38.021
BTC,BUY,0.0045,9099149.000,2024-07-09 00:37:39.310
BTC,BUY,0.0100,9099149.000,2024-07-09 00:37:39.991
BTC,SELL,0.0050,9101740.000,2024-07-09 00:38:12.827
BTC,BUY,0.0010,9102196.000,2024-07-09 00:39:40.661
BTC,SELL,0.0005,9102338.000,2024-07-09 00:40:03.262
BTC,BUY,0.0020,9103777.000,2024-07-09 00:41:32.934
BTC,BUY,0.0250,9100624.000,2024-07-09 00:41:42.941
BTC,BUY,0.0002,9104021.000,2024-07-09 00:42:42.618
BTC,BUY,0.0002,9106244.000,2024-07-09 00:42:42.618
BTC,BUY,0.0246,9106990.000,2024-07-09 00:42:42.618
BTC,BUY,0.0221,9107520.000,2024-07-09 00:42:52.222
BTC,BUY,0.1024,9108049.000,2024-07-09 00:42:53.313
BTC,BUY,0.0025,9108580.000,2024-07-09 00:43:00.626
BTC,BUY,0.0100,9110169.000,2024-07-09 00:43:05.232
BTC,BUY,0.0100,9111229.000,2024-07-09 00:43:21.227
BTC,BUY,0.0030,9111760.000,2024-07-09 00:43:28.171
BTC,BUY,0.0001,9112290.000,2024-07-09 00:43:34.229
BTC,BUY,0.0049,9112490.000,2024-07-09 00:43:34.229
BTC,SELL,0.0006,9108049.000,2024-07-09 00:43:47.260
BTC,BUY,0.0002,9108050.000,2024-07-09 00:43:54.083
BTC,BUY,0.0005,9108580.000,2024-07-09 00:43:54.083
BTC,SELL,0.0001,9108049.000,2024-07-09 00:44:45.723
BTC,SELL,0.0002,9108049.000,2024-07-09 00:44:59.380
BTC,BUY,0.0001,9108050.000,2024-07-09 00:45:30.625
BTC,SELL,0.0001,9108049.000,2024-07-09 00:45:33.426
BTC,BUY,0.0002,9110000.000,2024-07-09 00:45:47.939
BTC,BUY,0.0098,9111151.000,2024-07-09 00:45:47.939
BTC,BUY,0.0002,9111151.000,2024-07-09 00:45:55.851
BTC,BUY,0.0010,9111507.000,2024-07-09 00:45:55.947
BTC,BUY,0.0200,9111507.000,2024-07-09 00:45:56.101
BTC,BUY,0.0100,9111507.000,2024-07-09 00:45:56.907
BTC,BUY,0.0690,9111507.000,2024-07-09 00:45:57.200
BTC,BUY,0.0400,9113588.000,2024-07-09 00:45:59.024
BTC,BUY,0.0100,9113588.000,2024-07-09 00:45:59.527
BTC,BUY,0.0280,9113588.000,2024-07-09 00:46:00.318
BTC,BUY,0.0200,9113588.000,2024-07-09 00:46:01.411
BTC,BUY,0.0100,9116018.000,2024-07-09 00:46:02.607
BTC,BUY,0.0100,9116018.000,2024-07-09 00:46:02.764
BTC,BUY,0.0100,9116018.000,2024-07-09 00:46:03.098
BTC,BUY,0.0006,9116018.000,2024-07-09 00:46:04.216
BTC,BUY,0.0003,9120000.000,2024-07-09 00:46:05.003
BTC,BUY,0.0002,9120000.000,2024-07-09 00:46:05.003
BTC,BUY,0.0195,9120614.000,2024-07-09 00:46:05.003
BTC,BUY,0.0100,9120614.000,2024-07-09 00:46:05.093
BTC,BUY,0.0060,9120614.000,2024-07-09 00:46:05.265
BTC,BUY,0.0137,9120614.000,2024-07-09 00:46:05.544
BTC,BUY,0.0100,9120614.000,2024-07-09 00:46:06.158
BTC,BUY,0.0408,9120614.000,2024-07-09 00:46:07.255
BTC,BUY,0.0108,9121467.000,2024-07-09 00:46:12.737
BTC,BUY,0.0150,9121830.000,2024-07-09 00:46:15.677
BTC,BUY,0.0001,9116615.000,2024-07-09 00:46:48.424
BTC,SELL,0.0050,9116018.000,2024-07-09 00:46:56.567
BTC,SELL,0.0043,9113588.000,2024-07-09 00:47:10.527
BTC,SELL,0.0100,9108049.000,2024-07-09 00:47:18.336
BTC,SELL,0.0100,9108049.000,2024-07-09 00:47:19.121
BTC,SELL,0.0100,9108049.000,2024-07-09 00:47:19.547
BTC,SELL,0.0400,9108049.000,2024-07-09 00:47:20.071
BTC,SELL,0.0100,9108049.000,2024-07-09 00:47:20.307
BTC,SELL,0.0927,9108049.000,2024-07-09 00:47:20.445
BTC,SELL,0.0932,9108049.000,2024-07-09 00:47:20.504
BTC,SELL,0.0400,9108049.000,2024-07-09 00:47:20.622
BTC,SELL,0.0200,9108049.000,2024-07-09 00:47:20.850
BTC,SELL,0.0100,9108049.000,2024-07-09 00:47:21.078
BTC,SELL,0.0018,9108049.000,2024-07-09 00:47:21.230
BTC,SELL,0.0589,9108049.000,2024-07-09 00:47:21.823
BTC,SELL,0.0002,9105000.000,2024-07-09 00:47:23.399
BTC,SELL,0.0248,9103900.000,2024-07-09 00:47:23.399
BTC,SELL,0.0041,9103900.000,2024-07-09 00:47:23.514
BTC,SELL,0.0001,9103900.000,2024-07-09 00:47:25.264
BTC,SELL,0.0100,9103900.000,2024-07-09 00:47:25.413
BTC,SELL,0.0010,9103900.000,2024-07-09 00:47:25.625
BTC,BUY,0.0001,9099844.000,2024-07-09 00:47:39.995
BTC,BUY,0.0599,9089652.000,2024-07-09 00:47:47.005
BTC,BUY,0.0003,9089652.000,2024-07-09 00:47:47.045
BTC,SELL,0.0010,9089651.000,2024-07-09 00:47:47.073
BTC,BUY,0.0100,9089652.000,2024-07-09 00:47:47.974
BTC,BUY,0.0200,9092428.000,2024-07-09 00:47:51.455
BTC,BUY,0.0100,9092428.000,2024-07-09 00:47:51.513
BTC,SELL,0.0050,9089841.000,2024-07-09 00:47:52.004
BTC,SELL,0.0150,9089764.000,2024-07-09 00:47:52.004
BTC,SELL,0.0090,9089681.000,2024-07-09 00:47:52.004
BTC,SELL,0.0125,9089680.000,2024-07-09 00:47:52.004
BTC,SELL,0.0147,9089651.000,2024-07-09 00:47:52.004
BTC,BUY,0.0041,9095570.000,2024-07-09 00:47:52.358
BTC,BUY,0.0250,9095570.000,2024-07-09 00:47:53.091
BTC,BUY,0.0228,9095570.000,2024-07-09 00:47:54.066
BTC,BUY,0.0200,9096847.000,2024-07-09 00:48:06.811
BTC,BUY,0.0500,9099528.000,2024-07-09 00:48:11.352
BTC,BUY,0.0100,9099528.000,2024-07-09 00:48:11.797
BTC,BUY,0.0686,9099480.000,2024-07-09 00:49:24.040
BTC,BUY,0.0970,9101505.000,2024-07-09 00:50:17.911
BTC,BUY,0.0030,9101505.000,2024-07-09 00:50:17.941
BTC,BUY,0.0018,9103900.000,2024-07-09 00:50:26.344
BTC,BUY,0.0072,9105422.000,2024-07-09 00:50:26.344
BTC,BUY,0.0050,9101747.000,2024-07-09 00:50:41.976
BTC,SELL,0.0100,9104211.000,2024-07-09 00:51:01.718
BTC,BUY,0.0010,9104212.000,2024-07-09 00:51:02.128
BTC,SELL,0.0050,9104211.000,2024-07-09 00:51:02.207
BTC,SELL,0.0001,9100000.000,2024-07-09 00:52:06.230
BTC,SELL,0.0002,9095000.000,2024-07-09 00:52:06.230
BTC,SELL,0.0090,9093125.000,2024-07-09 00:52:06.230
BTC,BUY,0.0700,9099819.000,2024-07-09 00:52:27.319
BTC,BUY,0.0971,9099820.000,2024-07-09 00:52:27.319
BTC,BUY,0.0031,9099835.000,2024-07-09 00:52:27.319
BTC,BUY,0.0001,9100983.000,2024-07-09 00:52:34.366
BTC,BUY,0.5000,9101160.000,2024-07-09 00:52:44.836
BTC,BUY,0.3298,9103280.000,2024-07-09 00:53:05.108
BTC,BUY,0.6000,9106460.000,2024-07-09 00:53:46.358
BTC,BUY,0.0125,9106960.000,2024-07-09 00:53:46.358
BTC,BUY,0.3875,9106990.000,2024-07-09 00:53:46.358
BTC,BUY,0.0780,9107321.000,2024-07-09 00:54:21.001
BTC,BUY,0.0100,9107338.000,2024-07-09 00:54:21.001
BTC,BUY,0.0147,9107434.000,2024-07-09 00:54:21.001
BTC,BUY,0.5000,9107520.000,2024-07-09 00:54:21.001
BTC,BUY,0.1000,9108050.000,2024-07-09 00:54:21.001
BTC,BUY,0.2973,9108580.000,2024-07-09 00:54:21.001
BTC,BUY,0.0002,9097776.000,2024-07-09 00:55:00.899
BTC,BUY,0.0002,9101690.000,2024-07-09 00:55:37.184
BTC,BUY,0.0002,9110000.000,2024-07-09 00:57:08.579
BTC,BUY,0.0007,9112426.000,2024-07-09 00:57:12.635
BTC,BUY,0.0040,9114711.000,2024-07-09 00:57:15.362
BTC,SELL,0.0001,9112388.000,2024-07-09 00:58:30.240
BTC,SELL,0.0015,9110881.000,2024-07-09 00:58:56.779
BTC,BUY,0.0028,9109486.000,2024-07-09 00:59:57.649
BTC,BUY,0.0010,9109455.000,2024-07-09 01:00:02.916
BTC,BUY,0.0002,9112820.000,2024-07-09 01:00:21.118
BTC,BUY,0.0001,9110640.000,2024-07-09 01:01:41.371
BTC,BUY,0.0100,9102568.000,2024-07-09 01:02:06.668
BTC,BUY,0.0100,9102568.000,2024-07-09 01:02:07.228
BTC,BUY,0.0246,9109961.000,2024-07-09 01:02:07.804
BTC,BUY,0.0100,9109961.000,2024-07-09 01:02:09.476
BTC,SELL,0.0100,9109459.000,2024-07-09 01:02:22.795
BTC,SELL,0.0001,9108566.000,2024-07-09 01:02:51.342
BTC,SELL,0.0100,9108567.000,2024-07-09 01:02:52.332
BTC,SELL,0.0003,9111137.000,2024-07-09 01:05:12.756
BTC,SELL,0.0038,9111137.000,2024-07-09 01:05:28.214
BTC,SELL,0.0032,9111137.000,2024-07-09 01:05:28.214
BTC,BUY,0.0099,9111138.000,2024-07-09 01:05:44.363
BTC,BUY,0.0001,9111138.000,2024-07-09 01:05:46.247
BTC,BUY,0.0100,9117169.000,2024-07-09 01:05:47.012
BTC,SELL,0.0050,9118529.000,2024-07-09 01:06:23.269
BTC,SELL,0.0030,9116844.000,2024-07-09 01:06:49.242
BTC,BUY,0.0002,9120000.000,2024-07-09 01:08:19.560
BTC,BUY,0.0186,9123672.000,2024-07-09 01:08:56.394
BTC,BUY,0.0300,9123672.000,2024-07-09 01:08:58.191
BTC,BUY,0.1000,9128691.000,2024-07-09 01:09:26.151
BTC,BUY,0.0002,9130000.000,2024-07-09 01:09:32.980
BTC,BUY,0.0001,9130000.000,2024-07-09 01:09:33.557
BTC,BUY,0.0999,9136181.000,2024-07-09 01:09:33.557
BTC,BUY,0.0003,9140000.000,2024-07-09 01:10:22.775
BTC,BUY,0.0200,9146956.000,2024-07-09 01:10:26.340
BTC,BUY,0.0400,9146956.000,2024-07-09 01:10:26.675
BTC,BUY,0.0003,9150000.000,2024-07-09 01:10:30.804
BTC,BUY,0.0002,9150000.000,2024-07-09 01:10:30.804
BTC,BUY,0.0920,9155476.000,2024-07-09 01:10:34.372
BTC,BUY,0.1000,9157624.000,2024-07-09 01:10:36.401
BTC,BUY,0.0003,9160000.000,2024-07-09 01:10:57.722
BTC,BUY,0.0001,9165000.000,2024-07-09 01:10:57.722
BTC,BUY,0.1000,9165583.000,2024-07-09 01:10:57.722
BTC,BUY,0.0010,9168375.000,2024-07-09 01:10:57.722
BTC,BUY,0.0267,9169000.000,2024-07-09 01:10:57.722
BTC,BUY,0.0176,9169160.000,2024-07-09 01:10:57.722
BTC,BUY,0.0003,9170000.000,2024-07-09 01:10:57.722
BTC,BUY,0.0001,9170000.000,2024-07-09 01:10:57.722
BTC,BUY,0.0001,9170000.000,2024-07-09 01:10:57.722
BTC,BUY,0.0010,9170000.000,2024-07-09 01:10:57.722
BTC,BUY,0.1028,9170060.000,2024-07-09 01:10:57.722
BTC,BUY,0.0010,9168725.000,2024-07-09 01:11:14.612
BTC,BUY,0.0002,9165631.000,2024-07-09 01:11:22.056
BTC,BUY,0.0198,9169000.000,2024-07-09 01:11:22.056
BTC,BUY,0.0001,9165631.000,2024-07-09 01:11:31.073
BTC,SELL,0.0400,9165630.000,2024-07-09 01:11:33.203
BTC,SELL,0.0980,9165626.000,2024-07-09 01:11:33.203
BTC,BUY,0.0002,9163861.000,2024-07-09 01:11:46.372
BTC,BUY,0.0100,9165000.000,2024-07-09 01:11:47.442
BTC,BUY,0.0978,9165000.000,2024-07-09 01:11:47.888
BTC,BUY,0.0100,9165000.000,2024-07-09 01:11:48.625
BTC,BUY,0.1000,9165000.000,2024-07-09 01:11:49.447
BTC,BUY,0.0002,9164745.000,2024-07-09 01:11:55.527
BTC,BUY,0.0298,9165000.000,2024-07-09 01:11:55.527
BTC,BUY,0.0300,9165000.000,2024-07-09 01:11:57.555
BTC,BUY,0.0020,9165000.000,2024-07-09 01:11:59.277
BTC,BUY,0.0300,9165000.000,2024-07-09 01:11:59.562
BTC,BUY,0.0100,9165000.000,2024-07-09 01:12:00.568
BTC,BUY,0.0100,9165000.000,2024-07-09 01:12:00.807
BTC,BUY,0.4000,9165000.000,2024-07-09 01:12:00.915
BTC,BUY,0.0400,9165000.000,2024-07-09 01:12:01.328
BTC,BUY,1.0000,9165000.000,2024-07-09 01:12:01.455
BTC,BUY,0.0190,9165000.000,2024-07-09 01:12:01.828
BTC,BUY,0.0200,9165000.000,2024-07-09 01:12:01.886
BTC,BUY,0.0200,9165000.000,2024-07-09 01:12:02.424
BTC,BUY,0.0150,9165000.000,2024-07-09 01:12:03.166
BTC,BUY,0.0100,9165000.000,2024-07-09 01:12:03.943
BTC,BUY,0.0077,9165000.000,2024-07-09 01:12:03.947
BTC,BUY,0.0007,9165000.000,2024-07-09 01:12:04.066
BTC,BUY,0.0002,9165000.000,2024-07-09 01:12:04.066
BTC,BUY,0.0191,9173434.000,2024-07-09 01:12:04.066
BTC,BUY,0.0100,9175521.000,2024-07-09 01:12:06.698
BTC,BUY,0.0002,9175521.000,2024-07-09 01:12:09.289
BTC,BUY,0.0010,9176851.000,2024-07-09 01:12:09.289
BTC,BUY,0.0524,9179173.000,2024-07-09 01:12:09.289
BTC,BUY,0.0090,9179173.000,2024-07-09 01:12:10.140
BTC,BUY,0.0336,9179173.000,2024-07-09 01:12:10.262
BTC,BUY,0.0003,9180000.000,2024-07-09 01:12:10.326
BTC,BUY,0.0001,9180000.000,2024-07-09 01:12:10.326
BTC,BUY,0.0001,9180000.000,2024-07-09 01:12:10.326
BTC,BUY,0.0125,9180080.000,2024-07-09 01:12:10.326
BTC,BUY,0.0070,9183570.000,2024-07-09 01:12:10.326
BTC,BUY,0.0010,9188307.000,2024-07-09 01:12:11.228
BTC,BUY,0.0003,9190000.000,2024-07-09 01:12:11.228
BTC,BUY,0.0008,9190000.000,2024-07-09 01:12:11.228
BTC,BUY,0.0020,9190000.000,2024-07-09 01:12:11.228
BTC,BUY,0.0001,9190000.000,2024-07-09 01:12:11.228
BTC,BUY,0.0001,9190000.000,2024-07-09 01:12:11.228
BTC,BUY,0.0157,9190475.000,2024-07-09 01:12:11.228
BTC,BUY,0.0010,9190475.000,2024-07-09 01:12:11.335
BTC,BUY,0.0170,9190620.000,2024-07-09 01:12:12.314
BTC,BUY,0.0020,9191000.000,2024-07-09 01:12:13.016
BTC,BUY,0.0480,9191537.000,2024-07-09 01:12:13.016
BTC,BUY,0.0050,9199000.000,2024-07-09 01:12:38.265
BTC,BUY,0.0100,9199500.000,2024-07-09 01:12:38.612
BTC,BUY,0.0010,9199763.000,2024-07-09 01:12:38.612
BTC,BUY,0.0003,9200000.000,2024-07-09 01:12:38.612
BTC,BUY,0.0002,9200000.000,2024-07-09 01:12:38.612
BTC,BUY,0.0050,9200000.000,2024-07-09 01:12:38.612
BTC,BUY,0.0035,9200000.000,2024-07-09 01:12:38.612
BTC,BUY,0.0001,9200000.000,2024-07-09 01:12:38.700
BTC,BUY,0.0001,9200000.000,2024-07-09 01:12:38.898
BTC,BUY,0.0100,9200000.000,2024-07-09 01:12:40.109
BTC,BUY,0.0320,9200000.000,2024-07-09 01:12:40.132
BTC,BUY,0.0043,9200000.000,2024-07-09 01:12:40.293
BTC,BUY,0.0057,9200000.000,2024-07-09 01:12:40.293
BTC,BUY,0.0043,9200000.000,2024-07-09 01:12:40.350
BTC,BUY,0.0002,9200000.000,2024-07-09 01:12:40.350
BTC,BUY,0.0001,9200000.000,2024-07-09 01:12:40.350
BTC,BUY,0.0010,9200000.000,2024-07-09 01:12:40.350
BTC,BUY,0.0017,9200000.000,2024-07-09 01:12:40.350
BTC,BUY,0.0001,9200000.000,2024-07-09 01:12:40.350
BTC,BUY,0.0050,9200000.000,2024-07-09 01:12:40.350
BTC,BUY,0.0500,9200000.000,2024-07-09 01:12:40.350
BTC,BUY,0.0376,9200000.000,2024-07-09 01:12:40.350
BTC,BUY,0.0200,9200000.000,2024-07-09 01:12:42.803
BTC,BUY,0.0101,9200000.000,2024-07-09 01:12:42.850
BTC,BUY,0.0100,9200000.000,2024-07-09 01:12:43.589
BTC,BUY,0.0200,9200000.000,2024-07-09 01:12:44.967
BTC,BUY,0.0044,9200000.000,2024-07-09 01:12:45.549
BTC,BUY,0.0100,9200000.000,2024-07-09 01:12:45.906
BTC,BUY,0.0300,9200000.000,2024-07-09 01:12:47.915
BTC,BUY,0.0100,9200000.000,2024-07-09 01:12:49.071
BTC,BUY,0.0191,9200000.000,2024-07-09 01:12:50.560
BTC,BUY,0.0100,9200000.000,2024-07-09 01:12:52.335
BTC,BUY,0.0200,9200000.000,2024-07-09 01:12:55.025
BTC,BUY,0.0200,9200000.000,2024-07-09 01:12:57.030
BTC,BUY,0.0184,9200000.000,2024-07-09 01:12:59.063
BTC,BUY,0.0130,9200000.000,2024-07-09 01:13:02.336
BTC,BUY,0.0002,9200000.000,2024-07-09 01:13:05.150
BTC,BUY,0.0271,9200000.000,2024-07-09 01:13:06.190
BTC,BUY,0.0200,9200000.000,2024-07-09 01:13:14.813
BTC,BUY,0.0010,9200000.000,2024-07-09 01:13:16.941
BTC,BUY,0.0509,9200000.000,2024-07-09 01:13:19.898
BTC,SELL,0.0050,9199195.000,2024-07-09 01:13:59.958
BTC,SELL,0.0125,9197040.000,2024-07-09 01:13:59.958
BTC,SELL,0.0011,9197023.000,2024-07-09 01:14:01.262
BTC,SELL,0.0049,9196624.000,2024-07-09 01:14:06.723
BTC,BUY,0.0001,9195971.000,2024-07-09 01:14:28.196
BTC,SELL,0.0100,9195970.000,2024-07-09 01:14:47.700
BTC,SELL,0.1000,9194724.000,2024-07-09 01:14:48.147
BTC,SELL,0.0100,9190209.000,2024-07-09 01:14:48.149
BTC,SELL,0.0010,9190000.000,2024-07-09 01:15:08.467
BTC,SELL,0.0190,9188843.000,2024-07-09 01:15:08.467
BTC,SELL,0.0010,9188843.000,2024-07-09 01:15:08.571
BTC,BUY,0.0200,9200000.000,2024-07-09 01:15:24.046
BTC,BUY,0.0992,9200000.000,2024-07-09 01:15:26.634
BTC,BUY,0.0290,9200000.000,2024-07-09 01:15:29.652
BTC,BUY,0.0002,9200000.000,2024-07-09 01:15:38.671
BTC,BUY,0.0002,9200000.000,2024-07-09 01:15:51.081
BTC,BUY,0.0001,9200023.000,2024-07-09 01:16:03.968
BTC,BUY,0.0001,9200023.000,2024-07-09 01:16:03.968
BTC,BUY,0.0100,9205727.000,2024-07-09 01:16:05.231
BTC,BUY,0.0003,9210000.000,2024-07-09 01:16:05.286
BTC,BUY,0.0001,9210000.000,2024-07-09 01:16:05.286
BTC,BUY,0.0001,9210000.000,2024-07-09 01:16:05.286
BTC,BUY,0.0002,9210000.000,2024-07-09 01:16:05.286
BTC,BUY,0.0003,9211218.000,2024-07-09 01:16:05.286
BTC,BUY,0.0007,9211218.000,2024-07-09 01:16:05.386
BTC,BUY,0.0003,9213208.000,2024-07-09 01:16:05.386
BTC,BUY,0.0001,9213500.000,2024-07-09 01:16:30.476
BTC,BUY,0.0001,9213500.000,2024-07-09 01:16:41.112
BTC,SELL,0.1000,9212461.000,2024-07-09 01:17:01.114
BTC,SELL,0.0100,9212400.000,2024-07-09 01:17:01.114
BTC,SELL,0.0025,9212400.000,2024-07-09 01:17:01.796
BTC,SELL,0.1000,9211013.000,2024-07-09 01:17:02.799
BTC,SELL,0.0600,9214206.000,2024-07-09 01:17:12.444
BTC,SELL,0.0002,9210000.000,2024-07-09 01:17:26.500
BTC,BUY,0.0055,9210001.000,2024-07-09 01:17:26.629
BTC,BUY,0.0001,9210869.000,2024-07-09 01:17:48.099
BTC,SELL,0.0001,9210000.000,2024-07-09 01:18:26.240
BTC,SELL,0.0007,9210000.000,2024-07-09 01:18:33.314
BTC,BUY,0.0001,9209845.000,2024-07-09 01:18:39.161
BTC,BUY,0.0001,9171730.000,2024-07-09 01:19:45.288
BTC,SELL,0.0010,9171728.000,2024-07-09 01:19:45.344
BTC,SELL,0.0010,9171728.000,2024-07-09 01:19:45.391
BTC,SELL,0.0010,9171728.000,2024-07-09 01:19:45.532
BTC,SELL,0.0010,9171728.000,2024-07-09 01:19:45.535
BTC,BUY,0.0300,9171730.000,2024-07-09 01:19:45.628
BTC,SELL,0.0002,9171729.000,2024-07-09 01:19:46.984
BTC,SELL,0.0010,9171725.000,2024-07-09 01:19:46.984
BTC,SELL,0.0003,9170000.000,2024-07-09 01:19:46.984
BTC,SELL,0.0185,9166318.000,2024-07-09 01:19:46.984
BTC,SELL,0.0200,9166318.000,2024-07-09 01:19:47.223
BTC,SELL,0.0200,9166318.000,2024-07-09 01:19:49.337
BTC,SELL,0.0200,9166318.000,2024-07-09 01:19:49.407
BTC,SELL,0.0200,9160074.000,2024-07-09 01:20:05.502
BTC,SELL,0.0100,9160074.000,2024-07-09 01:20:05.636
BTC,SELL,0.0200,9160074.000,2024-07-09 01:20:07.617
BTC,SELL,0.0100,9160755.000,2024-07-09 01:20:21.919
BTC,BUY,0.0100,9160756.000,2024-07-09 01:20:22.251
BTC,BUY,0.0062,9161239.000,2024-07-09 01:20:22.790
BTC,BUY,0.0001,9161239.000,2024-07-09 01:20:23.129
BTC,BUY,0.0125,9164164.000,2024-07-09 01:20:38.764
BTC,SELL,0.0002,9160000.000,2024-07-09 01:20:58.859
BTC,SELL,0.0001,9160000.000,2024-07-09 01:21:01.781
BTC,SELL,0.0001,9159095.000,2024-07-09 01:21:02.920
BTC,SELL,0.0001,9151957.000,2024-07-09 01:21:07.416
BTC,SELL,0.0003,9150000.000,2024-07-09 01:21:08.413
BTC,SELL,0.0002,9150000.000,2024-07-09 01:21:08.413
BTC,SELL,0.0003,9150000.000,2024-07-09 01:21:08.413
BTC,SELL,0.0003,9150000.000,2024-07-09 01:21:08.413
BTC,SELL,0.0001,9148170.000,2024-07-09 01:21:08.413
BTC,SELL,0.0088,9146880.000,2024-07-09 01:21:08.413
BTC,SELL,0.0037,9146880.000,2024-07-09 01:21:08.447
BTC,SELL,0.0125,9142000.000,2024-07-09 01:21:10.426
BTC,SELL,0.0075,9141975.000,2024-07-09 01:21:10.426
BTC,SELL,0.0010,9141975.000,2024-07-09 01:21:10.491
BTC,SELL,0.0400,9141975.000,2024-07-09 01:21:10.631
BTC,SELL,0.0003,9140000.000,2024-07-09 01:21:11.489
BTC,SELL,0.0097,9136304.000,2024-07-09 01:21:11.489
BTC,SELL,0.0077,9136304.000,2024-07-09 01:21:11.661
BTC,SELL,0.0023,9135046.000,2024-07-09 01:21:11.661
BTC,SELL,0.0060,9135046.000,2024-07-09 01:21:11.907
BTC,SELL,0.0002,9135046.000,2024-07-09 01:21:12.638
BTC,SELL,0.0900,9135046.000,2024-07-09 01:21:13.391
BTC,SELL,0.0001,9134757.000,2024-07-09 01:21:13.876
BTC,SELL,0.0003,9130000.000,2024-07-09 01:21:13.876
BTC,SELL,0.0046,9123912.000,2024-07-09 01:21:13.876
BTC,SELL,0.0954,9123912.000,2024-07-09 01:21:14.135
BTC,SELL,0.0003,9120000.000,2024-07-09 01:21:14.135
BTC,SELL,0.0002,9120000.000,2024-07-09 01:21:14.135
BTC,SELL,0.0041,9119710.000,2024-07-09 01:21:14.135
BTC,SELL,0.0100,9119200.000,2024-07-09 01:21:14.356
BTC,BUY,0.0900,9133420.000,2024-07-09 01:21:15.116
BTC,BUY,0.0050,9137997.000,2024-07-09 01:21:23.734
BTC,SELL,0.0002,9137996.000,2024-07-09 01:21:31.387
BTC,BUY,0.0001,9137815.000,2024-07-09 01:21:40.838
BTC,SELL,0.0002,9137814.000,2024-07-09 01:21:46.080
BTC,SELL,0.0007,9137810.000,2024-07-09 01:21:46.080
BTC,BUY,0.0097,9142000.000,2024-07-09 01:21:51.735
BTC,BUY,0.0018,9142000.000,2024-07-09 01:22:08.883
BTC,BUY,0.0002,9146775.000,2024-07-09 01:22:08.883
BTC,BUY,0.0003,9148775.000,2024-07-09 01:22:34.520
BTC,BUY,0.0002,9148775.000,2024-07-09 01:22:36.250
BTC,BUY,0.0001,9151957.000,2024-07-09 01:22:41.759
BTC,BUY,0.0020,9158785.000,2024-07-09 01:22:45.437
BTC,BUY,0.0003,9160000.000,2024-07-09 01:22:54.738
BTC,SELL,0.0002,9158899.000,2024-07-09 01:23:09.690
BTC,SELL,0.0098,9154595.000,2024-07-09 01:23:09.690
BTC,BUY,0.0123,9153680.000,2024-07-09 01:23:18.245
BTC,BUY,0.0002,9157360.000,2024-07-09 01:23:24.077
BTC,BUY,0.0006,9157440.000,2024-07-09 01:23:24.077
BTC,BUY,0.0500,9158400.000,2024-07-09 01:23:48.504
BTC,BUY,0.0001,9153699.000,2024-07-09 01:24:15.785
BTC,BUY,0.0001,9153869.000,2024-07-09 01:24:21.382
BTC,SELL,0.0002,9152729.000,2024-07-09 01:24:53.042
BTC,SELL,0.0566,9148567.000,2024-07-09 01:24:53.042
BTC,SELL,0.0002,9150000.000,2024-07-09 01:25:33.110
BTC,SELL,0.0025,9144800.000,2024-07-09 01:25:33.110
BTC,SELL,0.0973,9144772.000,2024-07-09 01:25:33.110
BTC,BUY,0.0001,9149920.000,2024-07-09 01:25:33.719
BTC,BUY,0.0001,9144400.000,2024-07-09 01:26:24.582
BTC,BUY,0.0001,9148917.000,2024-07-09 01:27:45.690
BTC,BUY,0.0002,9150960.000,2024-07-09 01:27:54.858
BTC,BUY,0.0001,9148389.000,2024-07-09 01:28:05.913
BTC,BUY,0.0001,9150980.000,2024-07-09 01:28:08.672
BTC,BUY,0.0001,9152400.000,2024-07-09 01:29:26.440
BTC,BUY,0.0025,9151599.000,2024-07-09 01:29:58.993
BTC,SELL,0.0005,9159357.000,2024-07-09 01:30:45.004
BTC,BUY,0.0121,9158400.000,2024-07-09 01:30:53.989
BTC,SELL,0.0002,9158400.000,2024-07-09 01:31:36.908
BTC,SELL,0.0100,9158400.000,2024-07-09 01:31:36.964
BTC,SELL,0.0777,9158400.000,2024-07-09 01:31:37.569
BTC,SELL,0.0002,9150000.000,2024-07-09 01:31:50.673
BTC,SELL,0.0098,9149760.000,2024-07-09 01:31:50.673
BTC,SELL,0.0027,9149760.000,2024-07-09 01:31:51.125
BTC,SELL,0.0060,9141047.000,2024-07-09 01:31:56.973
BTC,SELL,0.0001,9140000.000,2024-07-09 01:33:10.234
BTC,SELL,0.0002,9140000.000,2024-07-09 01:33:10.234
BTC,SELL,0.1000,9134386.000,2024-07-09 01:33:10.311
BTC,SELL,0.0002,9130000.000,2024-07-09 01:33:21.778
BTC,SELL,0.0003,9120000.000,2024-07-09 01:35:03.393
BTC,SELL,0.0002,9120000.000,2024-07-09 01:35:03.393
BTC,SELL,0.0548,9110005.000,2024-07-09 01:35:08.909
BTC,SELL,0.0010,9110005.000,2024-07-09 01:35:08.971
BTC,BUY,0.0002,9110640.000,2024-07-09 01:35:39.168
BTC,SELL,0.0003,9110000.000,2024-07-09 01:35:50.557
BTC,SELL,0.0047,9110000.000,2024-07-09 01:35:50.557
BTC,SELL,0.0002,9111282.000,2024-07-09 01:36:02.018
BTC,BUY,0.0123,9112640.000,2024-07-09 01:36:22.026
BTC,BUY,0.1000,9112668.000,2024-07-09 01:36:22.026
BTC,BUY,0.6000,9116530.000,2024-07-09 01:36:22.026
BTC,BUY,0.0748,9116745.000,2024-07-09 01:36:22.026
BTC,BUY,0.2129,9117060.000,2024-07-09 01:36:22.026
BTC,BUY,0.0001,9117478.000,2024-07-09 01:36:22.872
BTC,BUY,0.0125,9115280.000,2024-07-09 01:36:42.745
BTC,BUY,0.1000,9115344.000,2024-07-09 01:36:42.745
BTC,BUY,0.0700,9120231.000,2024-07-09 01:36:42.745
BTC,BUY,0.0002,9120529.000,2024-07-09 01:36:42.745
BTC,BUY,0.5000,9120770.000,2024-07-09 01:36:42.745
BTC,BUY,0.0174,9121483.000,2024-07-09 01:36:42.745
BTC,BUY,0.2999,9121830.000,2024-07-09 01:36:42.745
BTC,BUY,0.0020,9123420.000,2024-07-09 01:38:12.475
BTC,BUY,0.6000,9124480.000,2024-07-09 01:38:12.475
BTC,BUY,0.5000,9125010.000,2024-07-09 01:38:12.475
BTC,BUY,0.0125,9125520.000,2024-07-09 01:38:12.475
BTC,BUY,0.0700,9126844.000,2024-07-09 01:38:12.475
BTC,BUY,0.0100,9126964.000,2024-07-09 01:38:12.475
BTC,BUY,0.0700,9127094.000,2024-07-09 01:38:48.137
BTC,SELL,0.0008,9127150.000,2024-07-09 01:38:51.355
BTC,SELL,0.0100,9127150.000,2024-07-09 01:39:09.317
BTC,SELL,0.0100,9127150.000,2024-07-09 01:39:12.344
BTC,SELL,0.0200,9127150.000,2024-07-09 01:39:13.334
BTC,SELL,0.0100,9127150.000,2024-07-09 01:39:15.856
BTC,SELL,0.0050,9127150.000,2024-07-09 01:39:15.965
BTC,SELL,0.1000,9127150.000,2024-07-09 01:39:16.554
BTC,SELL,0.1000,9127150.000,2024-07-09 01:39:16.901
BTC,SELL,0.0050,9127150.000,2024-07-09 01:39:16.961
BTC,SELL,0.0050,9127150.000,2024-07-09 01:39:17.368
BTC,SELL,0.0100,9127150.000,2024-07-09 01:39:17.547
BTC,SELL,0.0050,9127150.000,2024-07-09 01:39:18.470
BTC,SELL,0.0100,9127150.000,2024-07-09 01:39:18.671
BTC,SELL,0.1000,9127150.000,2024-07-09 01:39:18.745
BTC,SELL,0.0275,9127150.000,2024-07-09 01:39:18.821
BTC,SELL,0.0500,9127150.000,2024-07-09 01:39:18.823
BTC,SELL,0.1000,9127150.000,2024-07-09 01:39:19.150
BTC,SELL,0.0200,9127150.000,2024-07-09 01:39:19.180
BTC,SELL,0.0050,9127150.000,2024-07-09 01:39:19.449
BTC,SELL,0.0050,9127150.000,2024-07-09 01:39:20.498
BTC,SELL,0.0050,9127150.000,2024-07-09 01:39:21.502
BTC,SELL,0.0050,9127150.000,2024-07-09 01:39:22.508
BTC,SELL,0.0156,9127150.000,2024-07-09 01:39:25.515
BTC,SELL,0.0050,9127150.000,2024-07-09 01:39:25.544
BTC,SELL,0.0050,9127150.000,2024-07-09 01:40:08.718
BTC,SELL,0.0050,9127150.000,2024-07-09 01:40:09.212
BTC,SELL,0.0966,9127150.000,2024-07-09 01:40:23.599
BTC,SELL,0.0010,9126964.000,2024-07-09 01:40:23.599
BTC,SELL,0.0024,9120014.000,2024-07-09 01:40:23.599
BTC,BUY,0.0042,9122890.000,2024-07-09 01:40:49.238
BTC,SELL,0.0001,9120000.000,2024-07-09 01:41:10.906
BTC,SELL,0.0009,9120000.000,2024-07-09 01:41:12.734
BTC,SELL,0.0008,9110000.000,2024-07-09 01:41:18.940
BTC,SELL,0.0400,9110000.000,2024-07-09 01:41:19.249
BTC,SELL,0.0045,9110000.000,2024-07-09 01:41:22.737
BTC,SELL,0.0002,9110000.000,2024-07-09 01:41:28.229
BTC,SELL,0.0001,9108339.000,2024-07-09 01:41:29.916
BTC,SELL,0.0009,9104650.000,2024-07-09 01:41:38.547
BTC,SELL,0.0009,9104650.000,2024-07-09 01:41:39.562
BTC,BUY,0.0250,9105930.000,2024-07-09 01:41:41.355
BTC,BUY,0.0050,9105930.000,2024-07-09 01:41:41.653
BTC,BUY,0.0050,9106460.000,2024-07-09 01:41:52.210
BTC,BUY,0.0273,9106460.000,2024-07-09 01:41:52.258
BTC,BUY,0.0027,9107520.000,2024-07-09 01:41:58.313
BTC,BUY,0.0003,9108550.000,2024-07-09 01:44:55.477
BTC,BUY,0.0097,9108550.000,2024-07-09 01:45:29.559
BTC,BUY,0.0303,9109110.000,2024-07-09 01:45:29.559
BTC,BUY,0.0214,9107058.000,2024-07-09 01:45:35.782
BTC,BUY,0.0150,9107058.000,2024-07-09 01:45:36.729
BTC,BUY,0.0100,9107816.000,2024-07-09 01:45:39.209
BTC,BUY,0.0200,9107816.000,2024-07-09 01:45:40.319
BTC,BUY,0.0050,9107816.000,2024-07-09 01:45:40.570
BTC,BUY,0.0050,9111019.000,2024-07-09 01:45:43.606
BTC,BUY,0.0005,9113880.000,2024-07-09 01:46:15.142
BTC,SELL,0.0299,9112601.000,2024-07-09 01:46:21.475
BTC,BUY,0.0050,9114743.000,2024-07-09 01:46:46.083
BTC,BUY,0.0950,9114743.000,2024-07-09 01:46:46.273
BTC,BUY,0.0002,9117884.000,2024-07-09 01:46:49.294
BTC,BUY,0.0200,9117884.000,2024-07-09 01:46:49.477
BTC,BUY,0.0001,9119480.000,2024-07-09 01:46:54.064
BTC,BUY,0.0399,9120307.000,2024-07-09 01:46:54.064
BTC,BUY,0.0050,9121077.000,2024-07-09 01:46:56.214
BTC,BUY,0.0050,9121077.000,2024-07-09 01:46:57.704
BTC,BUY,0.0002,9121891.000,2024-07-09 01:46:59.852
BTC,BUY,0.0002,9122360.000,2024-07-09 01:47:18.690
BTC,BUY,0.0001,9123950.000,2024-07-09 01:47:44.159
BTC,BUY,0.0002,9125000.000,2024-07-09 01:47:53.475
BTC,BUY,0.0050,9125734.000,2024-07-09 01:49:35.860
BTC,BUY,0.0050,9125734.000,2024-07-09 01:49:36.347
BTC,BUY,0.0050,9125734.000,2024-07-09 01:49:36.854
BTC,BUY,0.0050,9125734.000,2024-07-09 01:49:37.885
BTC,BUY,0.0001,9129250.000,2024-07-09 01:50:03.134
BTC,BUY,0.1000,9130840.000,2024-07-09 01:50:42.054
BTC,BUY,0.1000,9130840.000,2024-07-09 01:50:42.095
BTC,BUY,0.1000,9131370.000,2024-07-09 01:50:58.727
BTC,BUY,0.0055,9131649.000,2024-07-09 01:51:08.453
BTC,BUY,0.0500,9131649.000,2024-07-09 01:51:08.537
BTC,BUY,0.0333,9133490.000,2024-07-09 01:51:27.511
BTC,BUY,0.0142,9134020.000,2024-07-09 01:51:32.534
BTC,BUY,0.0002,9135000.000,2024-07-09 01:52:57.625
BTC,BUY,0.0002,9135155.000,2024-07-09 01:52:57.625
BTC,SELL,0.0009,9124161.000,2024-07-09 01:57:22.322
BTC,BUY,0.0020,9123300.000,2024-07-09 01:59:07.218
BTC,BUY,0.0001,9120001.000,2024-07-09 02:00:22.215
BTC,SELL,0.0002,9120000.000,2024-07-09 02:00:35.050
BTC,SELL,0.0002,9119500.000,2024-07-09 02:00:41.606
BTC,SELL,0.0028,9119500.000,2024-07-09 02:01:15.221
BTC,SELL,0.0002,9110000.000,2024-07-09 02:01:57.796
BTC,BUY,0.0006,9102299.000,2024-07-09 02:02:33.409
BTC,BUY,0.0015,9103803.000,2024-07-09 02:02:38.326
BTC,SELL,0.0970,9102405.000,2024-07-09 02:02:38.707
BTC,SELL,0.0030,9102405.000,2024-07-09 02:02:38.707
BTC,BUY,0.0016,9104300.000,2024-07-09 02:03:04.337
BTC,SELL,0.0001,9102194.000,2024-07-09 02:03:16.483
BTC,SELL,0.0050,9101000.000,2024-07-09 02:03:16.483
BTC,SELL,0.0001,9100000.000,2024-07-09 02:03:16.483
BTC,SELL,0.0002,9100000.000,2024-07-09 02:03:16.483
BTC,SELL,0.0003,9100000.000,2024-07-09 02:03:16.483
BTC,SELL,0.0002,9100000.000,2024-07-09 02:03:16.483
BTC,SELL,0.0020,9100000.000,2024-07-09 02:03:16.483
BTC,SELL,0.0500,9100000.000,2024-07-09 02:03:16.483
BTC,SELL,0.0221,9100000.000,2024-07-09 02:03:16.483
BTC,SELL,0.0548,9100000.000,2024-07-09 02:03:16.714
BTC,SELL,0.0275,9100000.000,2024-07-09 02:03:16.834
BTC,SELL,0.0550,9100000.000,2024-07-09 02:03:17.113
BTC,SELL,0.1000,9100000.000,2024-07-09 02:03:17.117
BTC,SELL,0.0362,9100000.000,2024-07-09 02:03:17.211
BTC,SELL,0.1000,9100000.000,2024-07-09 02:03:17.216
BTC,SELL,0.0050,9100000.000,2024-07-09 02:03:17.265
BTC,SELL,0.0400,9100000.000,2024-07-09 02:03:17.647
BTC,SELL,0.0050,9100000.000,2024-07-09 02:03:18.343
BTC,SELL,0.0030,9100000.000,2024-07-09 02:03:18.854
BTC,SELL,0.0514,9100000.000,2024-07-09 02:03:19.074
BTC,SELL,0.0010,9100000.000,2024-07-09 02:03:19.074
BTC,SELL,0.0001,9100000.000,2024-07-09 02:03:19.074
BTC,SELL,0.0010,9100000.000,2024-07-09 02:03:19.074
BTC,SELL,0.0002,9100000.000,2024-07-09 02:03:19.074
BTC,SELL,0.0046,9099000.000,2024-07-09 02:03:19.397
BTC,SELL,0.0001,9097654.000,2024-07-09 02:03:19.397
BTC,SELL,0.0001,9094890.000,2024-07-09 02:03:19.397
BTC,SELL,0.0002,9093092.000,2024-07-09 02:03:19.397
BTC,BUY,0.0050,9097450.000,2024-07-09 02:04:32.931
BTC,BUY,0.0096,9094337.000,2024-07-09 02:04:36.589
BTC,BUY,0.0050,9096703.000,2024-07-09 02:04:39.242
BTC,BUY,0.0001,9098201.000,2024-07-09 02:04:55.390
BTC,SELL,0.0530,9099630.000,2024-07-09 02:05:40.791
BTC,SELL,0.0470,9099610.000,2024-07-09 02:05:40.791
BTC,SELL,0.0010,9099555.000,2024-07-09 02:05:43.328
BTC,BUY,0.0400,9101892.000,2024-07-09 02:06:19.906
BTC,BUY,0.0001,9102194.000,2024-07-09 02:06:20.253
BTC,BUY,0.0049,9104022.000,2024-07-09 02:06:20.253
BTC,BUY,0.0137,9104022.000,2024-07-09 02:06:21.481
BTC,BUY,0.0548,9104022.000,2024-07-09 02:06:21.645
BTC,BUY,0.0133,9104022.000,2024-07-09 02:06:22.422
BTC,BUY,0.0003,9105336.000,2024-07-09 02:06:25.579
BTC,BUY,0.0002,9109118.000,2024-07-09 02:06:41.945
BTC,BUY,0.0001,9114410.000,2024-07-09 02:06:58.023
BTC,SELL,0.0280,9114506.000,2024-07-09 02:07:27.151
BTC,SELL,0.0001,9113800.000,2024-07-09 02:08:14.940
BTC,BUY,0.0008,9114999.000,2024-07-09 02:09:10.426
BTC,SELL,0.0100,9118283.000,2024-07-09 02:11:52.865
BTC,BUY,0.0100,9118851.000,2024-07-09 02:12:20.442
BTC,SELL,0.0100,9118850.000,2024-07-09 02:14:04.416
BTC,BUY,0.0002,9124736.000,2024-07-09 02:14:28.621
BTC,BUY,0.0098,9125360.000,2024-07-09 02:14:28.621
BTC,BUY,0.0001,9127172.000,2024-07-09 02:14:43.794
BTC,BUY,0.0001,9127360.000,2024-07-09 02:15:58.348
BTC,BUY,0.0026,9127600.000,2024-07-09 02:16:31.241
BTC,BUY,0.0074,9127660.000,2024-07-09 02:16:31.241
BTC,BUY,0.0125,9129120.000,2024-07-09 02:16:35.014
BTC,BUY,0.0002,9129189.000,2024-07-09 02:16:35.014
BTC,BUY,0.0102,9129190.000,2024-07-09 02:16:35.014
BTC,BUY,0.0002,9129603.000,2024-07-09 02:16:56.543
BTC,BUY,0.0001,9130443.000,2024-07-09 02:18:03.360
BTC,BUY,0.1000,9138918.000,2024-07-09 02:18:04.595
BTC,BUY,0.0003,9140000.000,2024-07-09 02:18:04.877
BTC,BUY,0.0970,9140135.000,2024-07-09 02:18:04.877
BTC,BUY,0.0002,9140145.000,2024-07-09 02:18:06.558
BTC,BUY,0.0100,9142835.000,2024-07-09 02:18:06.957
BTC,BUY,0.0145,9142835.000,2024-07-09 02:18:06.961
BTC,BUY,0.0135,9142835.000,2024-07-09 02:18:07.062
BTC,BUY,0.0054,9143310.000,2024-07-09 02:18:07.062
BTC,BUY,0.0001,9147737.000,2024-07-09 02:18:07.070
BTC,BUY,0.0546,9147737.000,2024-07-09 02:18:07.524
BTC,BUY,0.0012,9149448.000,2024-07-09 02:18:11.939
BTC,BUY,0.0100,9147528.000,2024-07-09 02:18:26.178
BTC,BUY,0.0700,9149997.000,2024-07-09 02:18:27.055
BTC,BUY,0.0003,9150000.000,2024-07-09 02:18:27.055
BTC,BUY,0.0002,9150000.000,2024-07-09 02:18:27.055
BTC,BUY,0.0095,9150980.000,2024-07-09 02:18:27.055
BTC,BUY,0.0208,9147399.000,2024-07-09 02:18:31.966
BTC,BUY,0.0001,9147400.000,2024-07-09 02:18:36.671
BTC,SELL,0.0137,9147399.000,2024-07-09 02:18:37.451
BTC,BUY,0.0001,9147400.000,2024-07-09 02:18:42.946
BTC,BUY,0.0001,9147400.000,2024-07-09 02:18:57.459
BTC,SELL,0.0500,9147399.000,2024-07-09 02:18:58.882
BTC,SELL,0.0500,9147399.000,2024-07-09 02:18:59.248
BTC,BUY,0.0142,9148513.000,2024-07-09 02:19:23.597
BTC,BUY,0.0333,9148513.000,2024-07-09 02:19:23.972
BTC,BUY,0.0083,9148513.000,2024-07-09 02:19:25.446
BTC,BUY,0.0054,9150535.000,2024-07-09 02:19:27.990
BTC,BUY,0.0006,9150507.000,2024-07-09 02:19:30.394
BTC,BUY,0.0002,9150826.000,2024-07-09 02:19:49.856
BTC,BUY,0.0001,9151314.000,2024-07-09 02:19:51.165
BTC,BUY,0.0096,9151314.000,2024-07-09 02:19:52.970
BTC,SELL,0.0780,9151723.000,2024-07-09 02:20:00.991
BTC,SELL,0.0382,9151661.000,2024-07-09 02:20:00.991
BTC,BUY,0.0002,9152161.000,2024-07-09 02:20:20.975
BTC,BUY,0.1498,9154160.000,2024-07-09 02:20:20.975
BTC,BUY,0.0002,9152161.000,2024-07-09 02:20:26.479
BTC,SELL,0.0001,9152160.000,2024-07-09 02:20:26.770
BTC,BUY,0.0100,9153293.000,2024-07-09 02:20:29.907
BTC,BUY,0.0680,9153293.000,2024-07-09 02:20:31.966
BTC,BUY,0.0098,9153293.000,2024-07-09 02:20:31.966
BTC,BUY,0.0141,9153386.000,2024-07-09 02:20:31.966
BTC,BUY,0.0546,9153386.000,2024-07-09 02:20:31.966
BTC,BUY,0.2291,9153630.000,2024-07-09 02:20:31.966
BTC,BUY,0.0009,9146099.000,2024-07-09 02:20:36.705
BTC,BUY,0.0009,9146099.000,2024-07-09 02:20:37.688
BTC,BUY,0.0008,9142935.000,2024-07-09 02:22:50.863
BTC,BUY,0.1000,9145232.000,2024-07-09 02:23:26.592
BTC,BUY,0.1000,9147800.000,2024-07-09 02:26:31.119
BTC,BUY,0.0100,9148330.000,2024-07-09 02:27:20.956
BTC,BUY,0.0100,9148860.000,2024-07-09 02:28:14.543
BTC,SELL,0.0025,9148000.000,2024-07-09 02:29:13.745
BTC,SELL,0.0025,9147000.000,2024-07-09 02:29:13.745
BTC,SELL,0.0100,9145000.000,2024-07-09 02:29:13.745
BTC,SELL,0.0050,9142960.000,2024-07-09 02:29:13.745
BTC,SELL,0.0005,9141041.000,2024-07-09 02:31:20.220
BTC,BUY,0.0100,9141690.000,2024-07-09 02:33:29.178
BTC,BUY,0.0100,9141690.000,2024-07-09 02:33:29.190
BTC,BUY,0.0100,9150000.000,2024-07-09 02:34:15.110
BTC,BUY,0.0002,9150000.000,2024-07-09 02:34:22.299
BTC,BUY,0.0980,9150000.000,2024-07-09 02:34:25.541
BTC,BUY,0.0970,9150000.000,2024-07-09 02:34:25.626
BTC,BUY,0.0538,9150000.000,2024-07-09 02:34:30.022
BTC,BUY,0.0100,9150000.000,2024-07-09 02:34:30.075
BTC,BUY,0.0131,9150000.000,2024-07-09 02:34:30.215
BTC,BUY,0.0200,9150000.000,2024-07-09 02:34:30.708
BTC,BUY,0.0500,9150000.000,2024-07-09 02:34:30.897
BTC,BUY,0.0100,9150000.000,2024-07-09 02:34:32.399
BTC,BUY,0.0100,9150000.000,2024-07-09 02:34:32.450
BTC,BUY,0.0100,9150000.000,2024-07-09 02:34:33.886
BTC,BUY,0.0100,9150000.000,2024-07-09 02:34:34.198
BTC,BUY,0.0200,9150000.000,2024-07-09 02:34:34.899
BTC,BUY,0.0100,9150000.000,2024-07-09 02:34:34.901
BTC,BUY,0.0200,9150000.000,2024-07-09 02:34:36.355
BTC,BUY,0.0130,9150000.000,2024-07-09 02:34:39.518
BTC,BUY,0.0011,9150000.000,2024-07-09 02:34:41.439
BTC,BUY,0.0200,9150000.000,2024-07-09 02:34:42.476
BTC,BUY,0.0100,9150000.000,2024-07-09 02:34:43.031
BTC,BUY,0.0200,9150000.000,2024-07-09 02:34:44.088
BTC,BUY,0.0200,9150000.000,2024-07-09 02:34:44.622
BTC,BUY,0.0100,9150000.000,2024-07-09 02:34:45.049
BTC,BUY,0.4000,9150000.000,2024-07-09 02:34:45.669
BTC,BUY,0.0023,9150000.000,2024-07-09 02:34:46.051
BTC,BUY,0.0200,9150000.000,2024-07-09 02:34:46.705
BTC,BUY,0.0200,9150000.000,2024-07-09 02:34:48.922
BTC,BUY,0.0100,9150000.000,2024-07-09 02:34:50.006
BTC,BUY,0.0200,9150000.000,2024-07-09 02:34:51.086
BTC,BUY,0.0100,9150000.000,2024-07-09 02:34:52.848
BTC,BUY,0.0200,9150000.000,2024-07-09 02:34:53.199
BTC,BUY,0.0200,9150000.000,2024-07-09 02:34:55.350
BTC,BUY,0.0109,9150000.000,2024-07-09 02:34:55.455
BTC,BUY,0.0100,9150000.000,2024-07-09 02:34:55.678
BTC,BUY,0.0100,9150000.000,2024-07-09 02:34:56.267
BTC,BUY,0.0200,9150000.000,2024-07-09 02:34:57.516
BTC,BUY,0.0500,9150000.000,2024-07-09 02:34:58.261
BTC,BUY,0.0100,9150000.000,2024-07-09 02:34:58.683
BTC,BUY,0.0100,9150000.000,2024-07-09 02:34:59.647
BTC,BUY,0.0100,9150000.000,2024-07-09 02:34:59.800
BTC,BUY,0.0100,9150000.000,2024-07-09 02:35:01.947
BTC,BUY,0.0200,9150000.000,2024-07-09 02:35:02.445
BTC,BUY,0.0006,9150000.000,2024-07-09 02:35:03.346
BTC,BUY,0.0500,9150000.000,2024-07-09 02:35:03.350
BTC,BUY,0.0100,9150000.000,2024-07-09 02:35:03.352
BTC,BUY,0.0800,9150000.000,2024-07-09 02:35:03.354
BTC,BUY,0.0200,9150000.000,2024-07-09 02:35:03.426
BTC,BUY,0.0500,9150000.000,2024-07-09 02:35:03.819
BTC,BUY,0.0019,9150000.000,2024-07-09 02:35:03.953
BTC,BUY,0.0100,9150000.000,2024-07-09 02:35:05.463
BTC,BUY,0.0200,9150000.000,2024-07-09 02:35:05.548
BTC,BUY,0.0300,9150000.000,2024-07-09 02:35:06.989
BTC,BUY,0.0100,9150000.000,2024-07-09 02:35:07.746
BTC,BUY,0.0100,9150000.000,2024-07-09 02:35:08.451
BTC,BUY,0.0260,9150000.000,2024-07-09 02:35:09.000
BTC,BUY,0.0300,9150000.000,2024-07-09 02:35:11.024
BTC,BUY,0.0100,9150000.000,2024-07-09 02:35:11.027
BTC,BUY,0.0100,9150000.000,2024-07-09 02:35:13.865
BTC,BUY,0.0110,9150000.000,2024-07-09 02:35:15.075
BTC,BUY,0.0110,9150000.000,2024-07-09 02:35:15.957
BTC,BUY,0.0005,9150000.000,2024-07-09 02:35:16.414
BTC,BUY,0.0110,9150000.000,2024-07-09 02:35:17.085
BTC,BUY,0.0100,9150000.000,2024-07-09 02:35:17.331
BTC,BUY,0.0200,9150000.000,2024-07-09 02:35:17.895
BTC,BUY,0.0100,9150000.000,2024-07-09 02:35:19.624
BTC,BUY,0.0100,9150000.000,2024-07-09 02:35:20.067
BTC,BUY,0.0200,9150000.000,2024-07-09 02:35:20.101
BTC,BUY,0.0090,9150000.000,2024-07-09 02:35:21.665
BTC,BUY,0.0100,9150000.000,2024-07-09 02:35:23.202
BTC,BUY,0.0090,9150000.000,2024-07-09 02:35:23.666
BTC,BUY,0.0140,9150000.000,2024-07-09 02:35:24.235
BTC,BUY,0.0200,9150000.000,2024-07-09 02:35:24.281
BTC,BUY,0.0002,9150000.000,2024-07-09 02:35:24.401
BTC,BUY,0.0630,9150000.000,2024-07-09 02:35:25.729
BTC,BUY,0.0005,9150000.000,2024-07-09 02:35:26.011
BTC,BUY,0.0100,9150000.000,2024-07-09 02:35:26.057
BTC,BUY,0.0048,9150000.000,2024-07-09 02:35:26.059
BTC,BUY,0.0200,9150000.000,2024-07-09 02:35:26.434
BTC,BUY,0.0072,9150000.000,2024-07-09 02:35:27.036
BTC,BUY,0.0100,9150000.000,2024-07-09 02:35:27.298
BTC,BUY,0.0116,9150000.000,2024-07-09 02:35:27.745
BTC,BUY,0.0200,9150000.000,2024-07-09 02:35:28.537
BTC,BUY,0.0100,9150000.000,2024-07-09 02:35:29.226
BTC,BUY,0.0200,9150000.000,2024-07-09 02:35:29.258
BTC,BUY,0.0200,9150000.000,2024-07-09 02:35:30.697
BTC,BUY,0.0990,9150000.000,2024-07-09 02:35:30.812
BTC,BUY,0.0400,9150000.000,2024-07-09 02:35:30.815
BTC,BUY,0.0100,9150000.000,2024-07-09 02:35:31.615
BTC,BUY,0.0032,9150000.000,2024-07-09 02:35:31.990
BTC,BUY,0.0700,9150000.000,2024-07-09 02:35:32.359
BTC,BUY,0.0100,9150000.000,2024-07-09 02:35:32.487
BTC,BUY,0.0100,9150000.000,2024-07-09 02:35:32.883
BTC,BUY,0.1000,9150000.000,2024-07-09 02:35:32.943
BTC,BUY,0.0100,9150000.000,2024-07-09 02:35:33.329
BTC,BUY,0.0100,9150000.000,2024-07-09 02:35:33.840
BTC,BUY,0.0200,9150000.000,2024-07-09 02:35:34.341
BTC,BUY,0.0109,9150000.000,2024-07-09 02:35:34.444
BTC,BUY,0.0100,9150000.000,2024-07-09 02:35:34.845
BTC,BUY,0.0100,9150000.000,2024-07-09 02:35:35.257
BTC,BUY,0.0001,9150000.000,2024-07-09 02:35:35.541
BTC,BUY,0.0500,9150000.000,2024-07-09 02:35:35.598
BTC,BUY,0.0001,9150000.000,2024-07-09 02:35:35.617
BTC,BUY,0.1000,9150000.000,2024-07-09 02:35:36.818
BTC,BUY,0.0100,9150000.000,2024-07-09 02:35:37.880
BTC,BUY,0.0100,9150000.000,2024-07-09 02:35:38.274
BTC,BUY,0.0500,9150000.000,2024-07-09 02:35:39.077
BTC,BUY,0.0080,9150000.000,2024-07-09 02:35:39.907
BTC,BUY,0.0100,9150000.000,2024-07-09 02:35:41.346
BTC,BUY,0.1000,9150000.000,2024-07-09 02:35:42.955
BTC,BUY,0.0100,9150000.000,2024-07-09 02:35:44.247
BTC,BUY,0.0200,9150000.000,2024-07-09 02:35:50.076
BTC,BUY,0.0002,9150000.000,2024-07-09 02:36:20.151
BTC,BUY,0.0002,9150000.000,2024-07-09 02:36:42.946
BTC,BUY,0.0163,9150000.000,2024-07-09 02:37:09.867
BTC,BUY,0.0136,9150000.000,2024-07-09 02:37:17.483
BTC,BUY,0.1000,9150000.000,2024-07-09 02:37:41.250
BTC,BUY,0.1000,9150000.000,2024-07-09 02:37:43.791
BTC,BUY,0.0700,9150000.000,2024-07-09 02:37:46.328
BTC,BUY,0.0100,9150000.000,2024-07-09 02:37:48.355
BTC,BUY,0.0100,9150000.000,2024-07-09 02:37:52.400
BTC,BUY,0.0095,9150000.000,2024-07-09 02:37:53.541
BTC,BUY,0.0011,9150000.000,2024-07-09 02:39:14.323
BTC,BUY,0.1000,9150000.000,2024-07-09 02:39:22.346
BTC,BUY,0.0100,9150000.000,2024-07-09 02:39:25.199
BTC,BUY,0.0300,9150000.000,2024-07-09 02:39:32.031
BTC,BUY,0.0300,9150000.000,2024-07-09 02:39:34.579
BTC,BUY,0.0100,9150000.000,2024-07-09 02:39:37.595
BTC,BUY,0.0500,9150000.000,2024-07-09 02:39:38.698
BTC,BUY,0.0100,9150000.000,2024-07-09 02:39:40.132
BTC,BUY,0.1000,9150000.000,2024-07-09 02:39:42.182
BTC,BUY,0.0900,9150000.000,2024-07-09 02:39:43.573
BTC,BUY,0.0071,9150000.000,2024-07-09 02:39:43.963
BTC,BUY,0.0002,9156206.000,2024-07-09 02:39:43.963
BTC,BUY,0.0003,9160000.000,2024-07-09 02:39:43.963
BTC,BUY,0.0002,9160000.000,2024-07-09 02:39:43.963
BTC,BUY,0.0050,9160623.000,2024-07-09 02:39:43.963
BTC,BUY,0.0005,9160899.000,2024-07-09 02:39:43.963
BTC,BUY,0.0125,9162560.000,2024-07-09 02:39:43.963
BTC,BUY,0.0002,9163382.000,2024-07-09 02:39:43.963
BTC,BUY,0.0240,9167614.000,2024-07-09 02:39:43.963
BTC,BUY,0.0005,9168659.000,2024-07-09 02:39:44.893
BTC,BUY,0.0735,9168659.000,2024-07-09 02:39:44.966
BTC,BUY,0.0260,9168659.000,2024-07-09 02:39:45.365
BTC,BUY,0.0634,9169650.000,2024-07-09 02:39:45.365
BTC,BUY,0.0005,9169650.000,2024-07-09 02:39:45.493
BTC,SELL,0.0500,9167841.000,2024-07-09 02:40:27.896
BTC,SELL,0.0200,9167841.000,2024-07-09 02:40:27.994
BTC,SELL,0.0074,9167840.000,2024-07-09 02:40:27.994
BTC,SELL,0.0630,9167205.000,2024-07-09 02:40:27.994
BTC,SELL,0.0700,9167842.000,2024-07-09 02:40:28.604
BTC,SELL,0.0140,9166560.000,2024-07-09 02:40:29.071
BTC,SELL,0.0060,9161720.000,2024-07-09 02:40:29.071
BTC,SELL,0.0114,9161720.000,2024-07-09 02:40:29.100
BTC,SELL,0.0086,9161115.000,2024-07-09 02:40:29.100
BTC,SELL,0.0100,9167920.000,2024-07-09 02:40:29.879
BTC,SELL,0.0025,9167920.000,2024-07-09 02:40:29.973
BTC,SELL,0.0075,9167843.000,2024-07-09 02:40:29.973
BTC,SELL,0.0100,9167843.000,2024-07-09 02:40:30.006
BTC,SELL,0.0525,9167843.000,2024-07-09 02:40:30.208
BTC,SELL,0.0575,9167370.000,2024-07-09 02:40:30.208
BTC,SELL,0.0425,9167370.000,2024-07-09 02:40:30.405
BTC,SELL,0.0375,9167921.000,2024-07-09 02:40:31.070
BTC,SELL,0.0325,9167921.000,2024-07-09 02:40:31.120
BTC,SELL,0.0125,9168000.000,2024-07-09 02:40:31.246
BTC,SELL,0.0014,9157918.000,2024-07-09 02:40:31.246
BTC,SELL,0.0050,9155982.000,2024-07-09 02:40:31.246
BTC,SELL,0.0011,9153679.000,2024-07-09 02:40:31.246
BTC,SELL,0.0871,9164674.000,2024-07-09 02:40:33.088
BTC,SELL,0.0129,9164674.000,2024-07-09 02:40:33.473
BTC,SELL,0.0071,9155856.000,2024-07-09 02:40:33.473
BTC,SELL,0.0500,9164093.000,2024-07-09 02:40:36.526
BTC,SELL,0.0200,9164093.000,2024-07-09 02:40:37.228
BTC,SELL,0.0300,9163831.000,2024-07-09 02:40:41.075
BTC,SELL,0.0200,9163831.000,2024-07-09 02:40:41.368
BTC,SELL,0.0200,9162748.000,2024-07-09 02:40:41.686
BTC,SELL,0.0100,9162748.000,2024-07-09 02:40:42.643
BTC,SELL,0.0100,9162748.000,2024-07-09 02:40:43.105
BTC,SELL,0.0200,9162748.000,2024-07-09 02:40:43.508
BTC,SELL,0.0200,9162748.000,2024-07-09 02:40:43.831
BTC,SELL,0.0500,9162323.000,2024-07-09 02:40:44.661
BTC,SELL,0.0200,9162409.000,2024-07-09 02:41:03.849
BTC,SELL,0.0200,9161838.000,2024-07-09 02:41:06.009
BTC,SELL,0.0200,9161838.000,2024-07-09 02:41:06.130
BTC,SELL,0.0200,9161838.000,2024-07-09 02:41:08.135
BTC,SELL,0.0200,9161838.000,2024-07-09 02:41:08.287
BTC,BUY,0.0001,9169469.000,2024-07-09 02:42:43.796
BTC,BUY,0.0001,9166646.000,2024-07-09 02:43:06.542
BTC,SELL,0.1000,9167446.000,2024-07-09 02:43:47.362
BTC,BUY,0.1000,9166000.000,2024-07-09 02:44:15.615
BTC,BUY,0.0109,9166000.000,2024-07-09 02:44:18.525
BTC,BUY,0.0176,9165999.000,2024-07-09 02:44:38.372
BTC,BUY,0.0824,9166000.000,2024-07-09 02:44:38.372
BTC,BUY,0.0001,9166000.000,2024-07-09 02:45:12.138
BTC,BUY,0.1000,9166000.000,2024-07-09 02:45:50.737
BTC,BUY,0.0001,9166000.000,2024-07-09 02:46:00.392
BTC,BUY,0.0109,9166000.000,2024-07-09 02:46:04.433
BTC,BUY,0.0003,9166000.000,2024-07-09 02:46:21.254
BTC,BUY,0.0001,9164639.000,2024-07-09 02:46:37.216
BTC,BUY,0.0001,9166000.000,2024-07-09 02:46:46.138
BTC,BUY,0.1000,9166000.000,2024-07-09 02:46:50.361
BTC,BUY,0.0001,9166000.000,2024-07-09 02:46:59.348
BTC,BUY,0.1000,9166000.000,2024-07-09 02:47:01.304
BTC,BUY,0.0074,9166000.000,2024-07-09 02:47:01.587
BTC,BUY,0.4000,9166000.000,2024-07-09 02:47:01.694
BTC,BUY,0.0200,9166000.000,2024-07-09 02:47:03.230
BTC,BUY,0.0200,9166000.000,2024-07-09 02:47:03.266
BTC,BUY,0.0100,9166000.000,2024-07-09 02:47:03.545
BTC,BUY,0.0200,9166000.000,2024-07-09 02:47:05.370
BTC,BUY,0.0200,9166000.000,2024-07-09 02:47:05.420
BTC,BUY,0.0002,9166000.000,2024-07-09 02:47:05.542
BTC,BUY,0.0400,9166000.000,2024-07-09 02:47:06.624
BTC,BUY,0.0200,9166000.000,2024-07-09 02:47:07.572
BTC,BUY,0.0200,9166000.000,2024-07-09 02:47:07.625
BTC,BUY,0.0100,9166000.000,2024-07-09 02:47:08.810
BTC,BUY,0.0200,9166000.000,2024-07-09 02:47:09.742
BTC,BUY,0.0200,9166000.000,2024-07-09 02:47:09.745
BTC,BUY,0.0400,9166000.000,2024-07-09 02:47:10.640
BTC,BUY,0.0003,9166000.000,2024-07-09 02:47:10.938
BTC,BUY,0.0300,9166000.000,2024-07-09 02:47:11.150
BTC,BUY,0.0200,9166000.000,2024-07-09 02:47:11.838
BTC,BUY,0.0200,9166000.000,2024-07-09 02:47:11.956
BTC,BUY,0.0800,9166000.000,2024-07-09 02:47:12.876
BTC,BUY,0.0100,9166000.000,2024-07-09 02:47:13.202
BTC,BUY,0.0200,9166000.000,2024-07-09 02:47:14.023
BTC,BUY,0.0200,9166000.000,2024-07-09 02:47:14.096
BTC,BUY,0.0300,9166000.000,2024-07-09 02:47:15.254
BTC,BUY,0.4000,9166000.000,2024-07-09 02:47:15.579
BTC,BUY,0.0060,9166000.000,2024-07-09 02:47:15.721
BTC,BUY,0.0200,9166000.000,2024-07-09 02:47:15.962
BTC,BUY,0.0207,9166000.000,2024-07-09 02:47:16.164
BTC,BUY,0.0200,9166000.000,2024-07-09 02:47:16.181
BTC,BUY,0.0305,9166000.000,2024-07-09 02:47:16.207
BTC,BUY,0.0003,9170000.000,2024-07-09 02:47:16.207
BTC,BUY,0.0002,9170000.000,2024-07-09 02:47:16.207
BTC,BUY,0.0054,9173382.000,2024-07-09 02:47:16.207
BTC,BUY,0.0001,9178446.000,2024-07-09 02:47:16.207
BTC,BUY,0.0100,9179328.000,2024-07-09 02:47:16.207
BTC,BUY,0.0003,9180000.000,2024-07-09 02:47:16.207
BTC,BUY,0.0032,9180249.000,2024-07-09 02:47:16.207
BTC,BUY,0.0200,9180249.000,2024-07-09 02:47:16.252
BTC,BUY,0.0400,9180249.000,2024-07-09 02:47:16.382
BTC,BUY,0.0095,9180249.000,2024-07-09 02:47:16.623
BTC,BUY,0.0099,9180249.000,2024-07-09 02:47:16.780
BTC,BUY,0.0001,9180249.000,2024-07-09 02:47:16.838
BTC,BUY,0.0173,9180249.000,2024-07-09 02:47:17.036
BTC,BUY,0.0003,9183280.000,2024-07-09 02:47:17.036
BTC,BUY,0.0122,9183280.000,2024-07-09 02:47:17.699
BTC,BUY,0.0010,9188566.000,2024-07-09 02:47:17.699
BTC,BUY,0.0268,9189165.000,2024-07-09 02:47:17.699
BTC,BUY,0.0293,9189050.000,2024-07-09 02:47:17.845
BTC,BUY,0.0200,9189181.000,2024-07-09 02:47:18.432
BTC,BUY,0.0002,9190000.000,2024-07-09 02:47:26.509
BTC,BUY,0.0001,9190000.000,2024-07-09 02:47:31.961
BTC,BUY,0.0001,9190700.000,2024-07-09 02:47:31.961
BTC,BUY,0.0020,9191000.000,2024-07-09 02:47:37.328
BTC,BUY,0.0010,9193465.000,2024-07-09 02:47:37.328
BTC,SELL,0.1000,9196133.000,2024-07-09 02:47:40.740
BTC,SELL,0.0100,9196080.000,2024-07-09 02:47:40.740
BTC,SELL,0.0025,9196080.000,2024-07-09 02:47:40.857
BTC,SELL,0.1000,9198017.000,2024-07-09 02:48:55.480
BTC,SELL,0.0100,9196249.000,2024-07-09 02:48:56.107
BTC,SELL,0.1000,9194956.000,2024-07-09 02:49:00.288
BTC,BUY,0.0050,9196195.000,2024-07-09 02:49:09.739
BTC,SELL,0.1000,9198899.000,2024-07-09 02:50:15.239
BTC,SELL,0.1000,9198806.000,2024-07-09 02:50:18.729
BTC,SELL,0.0800,9198415.000,2024-07-09 02:50:21.726
BTC,SELL,0.0200,9198415.000,2024-07-09 02:50:21.862
BTC,SELL,0.1000,9196280.000,2024-07-09 02:50:27.946
BTC,SELL,0.0775,9193511.000,2024-07-09 02:50:30.439
BTC,BUY,0.0002,9185841.000,2024-07-09 02:50:45.100
BTC,BUY,0.0001,9194464.000,2024-07-09 02:50:51.853
BTC,BUY,0.0002,9193041.000,2024-07-09 02:51:38.150
BTC,BUY,0.0002,9195000.000,2024-07-09 02:51:41.140
BTC,SELL,0.0200,9199335.000,2024-07-09 02:53:03.227
BTC,SELL,0.0200,9199335.000,2024-07-09 02:53:03.308
BTC,SELL,0.0200,9199335.000,2024-07-09 02:53:03.312
BTC,SELL,0.0200,9196738.000,2024-07-09 02:53:49.669
BTC,SELL,0.0100,9196738.000,2024-07-09 02:53:49.838
BTC,SELL,0.0200,9196738.000,2024-07-09 02:53:50.206
BTC,SELL,0.0200,9194547.000,2024-07-09 02:54:03.579
BTC,SELL,0.0100,9194547.000,2024-07-09 02:54:03.637
BTC,SELL,0.0200,9194547.000,2024-07-09 02:54:03.883
BTC,SELL,0.0100,9194547.000,2024-07-09 02:54:04.110
BTC,SELL,0.0200,9194547.000,2024-07-09 02:54:04.495
BTC,BUY,0.0001,9194685.000,2024-07-09 02:54:44.268
BTC,SELL,0.0200,9195555.000,2024-07-09 02:55:16.971
BTC,SELL,0.0200,9195555.000,2024-07-09 02:55:17.007
BTC,SELL,0.0200,9195555.000,2024-07-09 02:55:17.171
BTC,SELL,0.0100,9195329.000,2024-07-09 02:55:19.002
BTC,SELL,0.0200,9195329.000,2024-07-09 02:55:19.140
BTC,SELL,0.0200,9195329.000,2024-07-09 02:55:19.318
BTC,SELL,0.0200,9195329.000,2024-07-09 02:55:20.023
BTC,SELL,0.0100,9195329.000,2024-07-09 02:55:20.503
BTC,SELL,0.0200,9192763.000,2024-07-09 02:55:21.257
BTC,SELL,0.0200,9186376.000,2024-07-09 02:55:39.557
BTC,BUY,0.0001,9197399.000,2024-07-09 02:56:48.019
BTC,BUY,0.0003,9200000.000,2024-07-09 02:56:53.824
BTC,BUY,0.0002,9200000.000,2024-07-09 02:56:53.824
BTC,BUY,0.0007,9200000.000,2024-07-09 02:56:53.824
BTC,BUY,0.0248,9200000.000,2024-07-09 02:56:53.824
BTC,BUY,0.0290,9200000.000,2024-07-09 02:56:54.299
BTC,BUY,0.0100,9200000.000,2024-07-09 02:56:55.601
BTC,BUY,0.4000,9200000.000,2024-07-09 02:56:56.165
BTC,BUY,0.0260,9200000.000,2024-07-09 02:56:56.290
BTC,BUY,0.0200,9200000.000,2024-07-09 02:56:56.350
BTC,BUY,0.0500,9200000.000,2024-07-09 02:56:58.157
BTC,BUY,0.0200,9200000.000,2024-07-09 02:56:58.230
BTC,BUY,0.0200,9200000.000,2024-07-09 02:56:58.350
BTC,BUY,0.0200,9200000.000,2024-07-09 02:57:00.383
BTC,BUY,0.0200,9200000.000,2024-07-09 02:57:00.525
BTC,BUY,0.0106,9200000.000,2024-07-09 02:57:01.252
BTC,BUY,0.0200,9200000.000,2024-07-09 02:57:02.505
BTC,BUY,0.1000,9200000.000,2024-07-09 02:57:04.902
BTC,BUY,0.0100,9200000.000,2024-07-09 02:57:05.166
BTC,BUY,0.0200,9200000.000,2024-07-09 02:57:06.683
BTC,BUY,0.0200,9200000.000,2024-07-09 02:57:06.756
BTC,BUY,0.1000,9200000.000,2024-07-09 02:57:07.004
BTC,BUY,0.0200,9200000.000,2024-07-09 02:57:08.796
BTC,BUY,0.0200,9200000.000,2024-07-09 02:57:08.904
BTC,BUY,0.0049,9200000.000,2024-07-09 02:57:09.106
BTC,BUY,0.0347,9200000.000,2024-07-09 02:57:13.640
BTC,BUY,0.0151,9200000.000,2024-07-09 02:57:13.640
BTC,BUY,0.0009,9200000.000,2024-07-09 02:57:14.322
BTC,BUY,0.0200,9200000.000,2024-07-09 02:57:15.016
BTC,BUY,0.0011,9200000.000,2024-07-09 02:57:15.282
BTC,BUY,0.0129,9200000.000,2024-07-09 02:57:15.626
BTC,BUY,0.0100,9200000.000,2024-07-09 02:57:15.626
BTC,BUY,0.0200,9200000.000,2024-07-09 02:57:15.626
BTC,BUY,0.0088,9200000.000,2024-07-09 02:57:15.626
BTC,BUY,0.0200,9200000.000,2024-07-09 02:57:17.266
BTC,BUY,0.0100,9200000.000,2024-07-09 02:57:18.668
BTC,BUY,0.0200,9200000.000,2024-07-09 02:57:19.361
BTC,BUY,0.0004,9200000.000,2024-07-09 02:57:20.478
BTC,BUY,0.0132,9200000.000,2024-07-09 02:57:20.760
BTC,BUY,0.0010,9200000.000,2024-07-09 02:57:22.195
BTC,BUY,0.0100,9200000.000,2024-07-09 02:57:22.753
BTC,BUY,0.0200,9200000.000,2024-07-09 02:57:25.290
BTC,BUY,0.0100,9200000.000,2024-07-09 02:57:27.815
BTC,BUY,0.0028,9200000.000,2024-07-09 02:57:29.193
BTC,BUY,0.0491,9200000.000,2024-07-09 02:57:30.876
BTC,BUY,0.0100,9200000.000,2024-07-09 02:57:30.904
BTC,BUY,0.0010,9200000.000,2024-07-09 02:57:32.111
BTC,BUY,0.0150,9200000.000,2024-07-09 02:57:32.590
BTC,BUY,0.0184,9200000.000,2024-07-09 02:57:32.936
BTC,BUY,0.0014,9200000.000,2024-07-09 02:57:33.435
BTC,BUY,0.0100,9200000.000,2024-07-09 02:57:33.723
BTC,BUY,0.0200,9200000.000,2024-07-09 02:57:33.877
BTC,BUY,0.0049,9200000.000,2024-07-09 02:57:34.057
BTC,BUY,0.0100,9200000.000,2024-07-09 02:57:35.502
BTC,BUY,0.0400,9200000.000,2024-07-09 02:57:35.892
BTC,BUY,0.0020,9200000.000,2024-07-09 02:57:36.568
BTC,BUY,0.0088,9200000.000,2024-07-09 02:57:36.664
BTC,BUY,0.0100,9200000.000,2024-07-09 02:57:37.417
BTC,BUY,0.0200,9200000.000,2024-07-09 02:57:37.486
BTC,BUY,0.0100,9200000.000,2024-07-09 02:57:37.912
BTC,BUY,0.0800,9200000.000,2024-07-09 02:57:38.422
BTC,BUY,0.0100,9200000.000,2024-07-09 02:57:38.504
BTC,BUY,0.0600,9200000.000,2024-07-09 02:57:39.448
BTC,BUY,0.0032,9200000.000,2024-07-09 02:57:39.933
BTC,BUY,0.0002,9205000.000,2024-07-09 02:57:41.653
BTC,BUY,0.0001,9206034.000,2024-07-09 02:57:41.653
BTC,BUY,0.0001,9207115.000,2024-07-09 02:57:41.653
BTC,BUY,0.0003,9210000.000,2024-07-09 02:57:41.653
BTC,BUY,0.0093,9210000.000,2024-07-09 02:57:41.653
BTC,BUY,0.0010,9210000.000,2024-07-09 02:57:41.723
BTC,BUY,0.0010,9210000.000,2024-07-09 02:57:41.809
BTC,BUY,0.0004,9210000.000,2024-07-09 02:57:41.955
BTC,BUY,0.0010,9210000.000,2024-07-09 02:57:42.293
BTC,BUY,0.0100,9210000.000,2024-07-09 02:57:43.271
BTC,BUY,0.0073,9210000.000,2024-07-09 02:57:43.345
BTC,BUY,0.0010,9215000.000,2024-07-09 02:57:43.345
BTC,BUY,0.0001,9215000.000,2024-07-09 02:57:43.345
BTC,BUY,0.0003,9220000.000,2024-07-09 02:57:43.345
BTC,BUY,0.0012,9220000.000,2024-07-09 02:57:43.345
BTC,BUY,0.0008,9220000.000,2024-07-09 02:57:43.436
BTC,BUY,0.0001,9220000.000,2024-07-09 02:57:43.436
BTC,BUY,0.0001,9222082.000,2024-07-09 02:57:43.436
