symbol,side,size,price,timestamp
ETH,BUY,0.0100,552300.000,2024-07-02 21:00:11.901
ETH,BUY,0.0136,552300.000,2024-07-02 21:03:03.991
ETH,BUY,0.0112,552300.000,2024-07-02 21:03:11.293
ETH,BUY,0.0200,552300.000,2024-07-02 21:03:38.632
ETH,BUY,0.0100,552300.000,2024-07-02 21:04:06.417
ETH,BUY,0.0100,552300.000,2024-07-02 21:04:19.485
ETH,BUY,0.0500,552300.000,2024-07-02 21:04:30.679
ETH,BUY,0.5000,552300.000,2024-07-02 21:05:20.003
ETH,BUY,0.0100,552300.000,2024-07-02 21:05:47.226
ETH,BUY,0.0180,552300.000,2024-07-02 21:05:59.800
ETH,BUY,0.1000,552300.000,2024-07-02 21:07:10.729
ETH,BUY,0.0200,552300.000,2024-07-02 21:07:34.481
ETH,BUY,0.3200,552300.000,2024-07-02 21:07:37.378
ETH,BUY,0.3600,552300.000,2024-07-02 21:07:41.113
ETH,BUY,0.2000,552300.000,2024-07-02 21:09:15.877
ETH,BUY,0.0362,552300.000,2024-07-02 21:15:23.531
ETH,SELL,0.0638,552300.000,2024-07-02 21:15:28.574
ETH,SELL,0.3162,552202.000,2024-07-02 21:15:28.574
ETH,BUY,0.7500,552305.000,2024-07-02 21:16:28.342
ETH,BUY,0.2000,552450.000,2024-07-02 21:16:44.531
ETH,SELL,0.5500,552411.000,2024-07-02 21:17:03.307
ETH,SELL,0.0120,552531.000,2024-07-02 21:17:47.433
ETH,BUY,0.0350,552653.000,2024-07-02 21:23:57.244
ETH,BUY,0.0100,552740.000,2024-07-02 21:24:44.007
ETH,BUY,0.2000,552921.000,2024-07-02 21:25:35.662
ETH,BUY,0.1000,553000.000,2024-07-02 21:28:39.374
ETH,BUY,0.0100,553030.000,2024-07-02 21:28:39.374
ETH,BUY,0.0900,553059.000,2024-07-02 21:28:39.374
ETH,BUY,0.0180,552852.000,2024-07-02 21:30:13.354
ETH,BUY,0.1400,553069.000,2024-07-02 21:35:51.137
ETH,BUY,0.0200,553088.000,2024-07-02 21:35:54.812
ETH,BUY,0.0100,553098.000,2024-07-02 21:37:35.461
ETH,BUY,0.4000,553065.000,2024-07-02 21:38:20.027
ETH,BUY,0.1220,553064.000,2024-07-02 21:38:21.174
ETH,BUY,0.0780,553088.000,2024-07-02 21:38:21.174
ETH,BUY,0.3200,553183.000,2024-07-02 21:38:22.600
ETH,BUY,0.2000,553204.000,2024-07-02 21:40:20.396
ETH,BUY,1.0000,553226.000,2024-07-02 21:41:51.025
ETH,BUY,0.4000,553233.000,2024-07-02 21:41:51.025
ETH,BUY,0.1000,553262.000,2024-07-02 21:41:59.341
ETH,BUY,0.0400,553291.000,2024-07-02 21:42:08.699
ETH,BUY,0.0100,553347.000,2024-07-02 21:42:15.411
ETH,BUY,0.0100,553349.000,2024-07-02 21:42:17.694
ETH,SELL,0.0160,552715.000,2024-07-02 21:42:52.009
ETH,SELL,0.0500,552738.000,2024-07-02 21:43:29.931
ETH,BUY,0.3730,553101.000,2024-07-02 21:45:42.244
ETH,BUY,0.0500,553266.000,2024-07-02 21:47:10.168
ETH,BUY,0.9500,553278.000,2024-07-02 21:47:10.168
ETH,BUY,0.2000,553493.000,2024-07-02 21:47:11.873
ETH,BUY,0.0120,553494.000,2024-07-02 21:48:12.468
ETH,BUY,0.2000,553552.000,2024-07-02 21:49:33.900
ETH,BUY,0.0500,553581.000,2024-07-02 21:50:11.092
ETH,BUY,0.0300,553553.000,2024-07-02 21:56:08.536
ETH,BUY,1.0000,553546.000,2024-07-02 21:56:20.456
ETH,BUY,3.3325,553581.000,2024-07-02 21:56:20.456
ETH,BUY,0.0100,553125.000,2024-07-02 22:00:23.115
ETH,BUY,0.0100,553125.000,2024-07-02 22:00:25.862
ETH,BUY,0.0100,553146.000,2024-07-02 22:00:26.213
ETH,BUY,0.0100,553170.000,2024-07-02 22:00:31.676
ETH,BUY,0.0100,553202.000,2024-07-02 22:05:14.251
ETH,BUY,0.0100,553233.000,2024-07-02 22:05:16.257
ETH,SELL,0.2698,553146.000,2024-07-02 22:08:26.316
ETH,BUY,0.0100,553175.000,2024-07-02 22:09:56.716
ETH,SELL,0.0400,553234.000,2024-07-02 22:14:16.649
ETH,BUY,0.0300,553291.000,2024-07-02 22:19:39.727
ETH,SELL,0.0145,553114.000,2024-07-02 22:25:33.026
ETH,SELL,0.4855,553000.000,2024-07-02 22:25:33.026
ETH,BUY,0.0300,553059.000,2024-07-02 22:27:43.966
ETH,BUY,0.1000,553146.000,2024-07-02 22:31:53.198
ETH,BUY,0.0100,553175.000,2024-07-02 22:32:07.310
ETH,SELL,0.0100,553059.000,2024-07-02 22:35:52.317
ETH,SELL,0.0507,553000.000,2024-07-02 22:36:03.215
ETH,SELL,0.1000,553000.000,2024-07-02 22:36:03.561
ETH,SELL,0.1000,553000.000,2024-07-02 22:36:03.684
ETH,SELL,0.0141,553000.000,2024-07-02 22:36:09.156
ETH,SELL,1.2495,553000.000,2024-07-02 22:36:23.429
ETH,SELL,0.0002,553000.000,2024-07-02 22:36:25.919
ETH,BUY,0.0180,552861.000,2024-07-02 22:37:06.970
ETH,BUY,0.2018,552753.000,2024-07-02 22:38:45.990
ETH,BUY,0.5000,552734.000,2024-07-02 22:41:17.712
ETH,SELL,1.0000,552500.000,2024-07-02 22:42:30.423
ETH,SELL,0.5500,552301.000,2024-07-02 22:42:30.423
ETH,BUY,0.0100,552508.000,2024-07-02 22:44:56.506
ETH,SELL,1.0000,552424.000,2024-07-02 22:50:02.254
ETH,SELL,0.1000,552488.000,2024-07-02 22:51:37.945
ETH,BUY,0.0300,552566.000,2024-07-02 22:54:21.076
ETH,BUY,0.0100,552595.000,2024-07-02 22:54:26.669
ETH,BUY,0.0100,552624.000,2024-07-02 22:55:28.101
ETH,BUY,0.0100,552653.000,2024-07-02 22:56:14.830
ETH,BUY,0.4000,552856.000,2024-07-02 22:57:03.103
ETH,BUY,0.3200,552856.000,2024-07-02 22:57:03.365
ETH,BUY,0.2000,552943.000,2024-07-02 22:57:05.807
ETH,BUY,0.0200,552972.000,2024-07-02 22:58:54.360
ETH,BUY,0.0100,553059.000,2024-07-02 22:59:55.617
ETH,BUY,0.0100,553088.000,2024-07-02 22:59:55.617
ETH,BUY,0.0800,553088.000,2024-07-02 22:59:55.617
ETH,BUY,0.0100,553117.000,2024-07-02 23:00:27.046
ETH,SELL,0.1000,552926.000,2024-07-02 23:00:35.892
ETH,BUY,0.0100,552836.000,2024-07-02 23:00:53.020
ETH,BUY,0.0100,552972.000,2024-07-02 23:00:56.181
ETH,BUY,0.1900,553001.000,2024-07-02 23:02:02.630
ETH,BUY,0.0904,553059.000,2024-07-02 23:05:18.598
ETH,BUY,0.3200,553088.000,2024-07-02 23:07:12.068
ETH,BUY,0.4000,553088.000,2024-07-02 23:07:12.125
ETH,BUY,0.2000,553117.000,2024-07-02 23:07:12.487
ETH,BUY,0.0900,553233.000,2024-07-02 23:08:14.405
ETH,BUY,0.2000,553262.000,2024-07-02 23:08:26.565
ETH,BUY,0.2000,553320.000,2024-07-02 23:13:34.397
ETH,BUY,0.3200,553349.000,2024-07-02 23:13:38.257
ETH,BUY,0.1000,553400.000,2024-07-02 23:13:38.488
ETH,BUY,0.3000,553407.000,2024-07-02 23:13:38.488
ETH,SELL,0.0200,553260.000,2024-07-02 23:14:27.506
ETH,SELL,0.0100,553305.000,2024-07-02 23:18:21.853
ETH,SELL,0.0500,553239.000,2024-07-02 23:18:59.032
ETH,BUY,0.0100,553494.000,2024-07-02 23:21:33.604
ETH,BUY,0.1900,553433.000,2024-07-02 23:22:25.143
ETH,BUY,0.1700,553465.000,2024-07-02 23:23:36.807
ETH,BUY,0.2000,553523.000,2024-07-02 23:27:23.473
ETH,BUY,0.6600,553523.000,2024-07-02 23:27:25.765
ETH,BUY,0.7400,553552.000,2024-07-02 23:27:25.765
ETH,BUY,0.0600,553493.000,2024-07-02 23:27:30.253
ETH,BUY,0.0400,553552.000,2024-07-02 23:27:30.253
ETH,BUY,0.0400,553580.000,2024-07-02 23:27:35.177
ETH,BUY,0.0100,553492.000,2024-07-02 23:27:40.551
ETH,BUY,0.0100,553523.000,2024-07-02 23:31:39.591
ETH,BUY,0.0400,553552.000,2024-07-02 23:34:21.676
ETH,BUY,0.0100,553420.000,2024-07-02 23:34:55.235
ETH,BUY,0.0900,553461.000,2024-07-02 23:34:55.235
ETH,BUY,0.0100,553523.000,2024-07-02 23:34:58.686
ETH,BUY,0.0200,553552.000,2024-07-02 23:37:32.377
ETH,SELL,0.0127,553552.000,2024-07-02 23:47:58.681
ETH,SELL,0.0317,553552.000,2024-07-02 23:48:02.955
ETH,SELL,0.1356,553552.000,2024-07-02 23:48:07.598
ETH,BUY,0.0728,553365.000,2024-07-02 23:51:39.686
ETH,BUY,0.0100,553201.000,2024-07-02 23:52:49.156
ETH,SELL,0.0500,553200.000,2024-07-02 23:54:08.777
ETH,BUY,0.0172,553201.000,2024-07-02 23:55:24.153
ETH,BUY,0.2828,553204.000,2024-07-02 23:55:24.153
ETH,SELL,0.0500,553200.000,2024-07-02 23:57:28.413
ETH,SELL,0.1668,553127.000,2024-07-02 23:57:28.413
ETH,SELL,0.0107,553127.000,2024-07-02 23:59:02.747
ETH,BUY,0.0200,553128.000,2024-07-03 00:02:50.962
ETH,SELL,0.0225,553127.000,2024-07-03 00:03:46.373
ETH,SELL,0.4775,553097.000,2024-07-03 00:03:46.373
ETH,SELL,0.1000,553097.000,2024-07-03 00:03:46.587
ETH,BUY,0.0800,553060.000,2024-07-03 00:03:57.684
ETH,BUY,0.4200,553146.000,2024-07-03 00:03:57.684
ETH,BUY,0.0100,553008.000,2024-07-03 00:04:14.916
ETH,BUY,0.0900,553008.000,2024-07-03 00:05:15.269
ETH,BUY,0.8850,553059.000,2024-07-03 00:05:15.269
ETH,BUY,0.7500,553088.000,2024-07-03 00:08:14.076
ETH,BUY,4.2500,553146.000,2024-07-03 00:08:14.076
ETH,SELL,0.8600,553108.000,2024-07-03 00:09:18.931
ETH,SELL,0.0929,553106.000,2024-07-03 00:09:18.931
ETH,BUY,0.4000,553204.000,2024-07-03 00:10:09.615
ETH,BUY,0.3200,553349.000,2024-07-03 00:10:10.096
ETH,BUY,0.2000,553410.000,2024-07-03 00:10:11.889
ETH,BUY,0.1734,553430.000,2024-07-03 00:11:18.854
ETH,BUY,0.8266,553465.000,2024-07-03 00:11:18.854
ETH,BUY,0.0100,553434.000,2024-07-03 00:12:24.443
ETH,SELL,0.0138,553434.000,2024-07-03 00:15:59.207
ETH,SELL,0.0862,553434.000,2024-07-03 00:16:22.787
ETH,SELL,1.6200,553329.000,2024-07-03 00:16:22.787
ETH,SELL,0.8438,553327.000,2024-07-03 00:16:22.787
ETH,BUY,0.2000,553523.000,2024-07-03 00:16:40.929
ETH,BUY,0.1600,553600.000,2024-07-03 00:17:14.239
ETH,BUY,0.8400,553639.000,2024-07-03 00:17:14.239
ETH,BUY,0.2000,553755.000,2024-07-03 00:18:07.730
ETH,BUY,0.0300,553842.000,2024-07-03 00:18:26.706
ETH,SELL,0.0111,553574.000,2024-07-03 00:20:21.172
ETH,BUY,0.5000,553668.000,2024-07-03 00:22:54.059
ETH,BUY,0.5000,553697.000,2024-07-03 00:23:00.385
ETH,BUY,0.5000,553755.000,2024-07-03 00:23:57.094
ETH,BUY,0.0100,553784.000,2024-07-03 00:24:19.551
ETH,BUY,0.0500,553900.000,2024-07-03 00:25:09.587
ETH,BUY,0.2000,553886.000,2024-07-03 00:25:28.796
ETH,BUY,0.1000,553456.000,2024-07-03 00:25:31.041
ETH,BUY,0.5000,553456.000,2024-07-03 00:25:31.324
ETH,BUY,0.0500,553886.000,2024-07-03 00:25:47.819
ETH,BUY,0.0900,553987.000,2024-07-03 00:26:53.536
ETH,BUY,0.0180,553790.000,2024-07-03 00:27:47.479
ETH,BUY,0.0100,553869.000,2024-07-03 00:29:34.571
ETH,BUY,0.0300,553807.000,2024-07-03 00:30:27.943
ETH,BUY,0.0200,553804.000,2024-07-03 00:30:34.271
ETH,BUY,0.0300,553871.000,2024-07-03 00:33:48.602
ETH,BUY,0.0200,553900.000,2024-07-03 00:33:50.133
ETH,BUY,0.2000,554045.000,2024-07-03 00:35:27.021
ETH,BUY,0.2000,554074.000,2024-07-03 00:37:12.540
ETH,BUY,0.4000,554103.000,2024-07-03 00:37:14.545
ETH,BUY,0.3200,554219.000,2024-07-03 00:37:15.291
ETH,BUY,0.2000,554261.000,2024-07-03 00:37:17.374
ETH,BUY,0.0400,554306.000,2024-07-03 00:37:41.350
ETH,BUY,0.0330,554352.000,2024-07-03 00:39:00.054
ETH,BUY,0.0470,554358.000,2024-07-03 00:39:00.054
ETH,BUY,0.0500,554383.000,2024-07-03 00:39:34.704
ETH,BUY,0.0100,554331.000,2024-07-03 00:39:46.717
ETH,BUY,0.0100,554346.000,2024-07-03 00:40:10.070
ETH,BUY,0.0100,554351.000,2024-07-03 00:40:15.477
ETH,BUY,0.0100,554380.000,2024-07-03 00:43:51.214
ETH,BUY,0.0100,554390.000,2024-07-03 00:45:28.289
ETH,BUY,0.0800,554390.000,2024-07-03 00:46:01.299
ETH,BUY,0.0100,554391.000,2024-07-03 00:46:01.299
ETH,BUY,0.0250,554502.000,2024-07-03 00:46:01.299
ETH,BUY,0.1950,554527.000,2024-07-03 00:46:01.299
ETH,BUY,0.4000,554527.000,2024-07-03 00:46:01.441
ETH,BUY,0.0100,554112.000,2024-07-03 00:51:33.516
ETH,SELL,0.0100,554000.000,2024-07-03 00:51:59.756
ETH,SELL,0.0001,553497.000,2024-07-03 00:51:59.756
ETH,BUY,0.0500,553929.000,2024-07-03 00:52:21.067
ETH,BUY,0.2000,554021.000,2024-07-03 00:52:32.602
ETH,SELL,0.0196,553638.000,2024-07-03 00:57:19.714
ETH,BUY,0.0100,553755.000,2024-07-03 01:02:09.814
ETH,BUY,0.2000,553805.000,2024-07-03 01:02:12.258
ETH,BUY,0.0178,553358.000,2024-07-03 01:04:17.450
ETH,SELL,0.0100,553300.000,2024-07-03 01:05:42.738
ETH,SELL,0.0064,553007.000,2024-07-03 01:05:42.738
ETH,SELL,0.0036,553007.000,2024-07-03 01:05:56.069
ETH,SELL,0.0100,553000.000,2024-07-03 01:05:56.626
ETH,SELL,0.4000,553000.000,2024-07-03 01:05:56.626
ETH,SELL,0.0900,553000.000,2024-07-03 01:05:56.626
ETH,SELL,0.6600,553000.000,2024-07-03 01:05:56.859
ETH,SELL,0.0803,552926.000,2024-07-03 01:06:01.775
ETH,SELL,0.0803,552654.000,2024-07-03 01:06:02.396
ETH,SELL,0.0755,552654.000,2024-07-03 01:06:06.206
ETH,SELL,0.3442,552654.000,2024-07-03 01:06:13.799
ETH,SELL,0.0100,552251.000,2024-07-03 01:06:16.846
ETH,SELL,0.0100,552251.000,2024-07-03 01:06:16.846
ETH,BUY,0.0180,552241.000,2024-07-03 01:06:19.675
ETH,SELL,0.0200,552202.000,2024-07-03 01:06:25.610
ETH,SELL,0.2050,552200.000,2024-07-03 01:06:25.610
ETH,SELL,0.0100,552116.000,2024-07-03 01:06:31.198
ETH,SELL,0.2192,552116.000,2024-07-03 01:06:47.006
ETH,SELL,0.2708,552116.000,2024-07-03 01:06:51.097
ETH,SELL,0.0360,552000.000,2024-07-03 01:07:01.855
ETH,SELL,0.2000,552000.000,2024-07-03 01:07:01.855
ETH,SELL,0.0500,552000.000,2024-07-03 01:07:01.855
ETH,SELL,0.0100,552000.000,2024-07-03 01:07:01.855
ETH,SELL,0.0100,552000.000,2024-07-03 01:07:01.855
ETH,BUY,0.7250,551927.000,2024-07-03 01:07:05.344
ETH,SELL,0.0100,551896.000,2024-07-03 01:07:08.187
ETH,SELL,0.1000,551871.000,2024-07-03 01:07:42.128
ETH,SELL,0.0200,551850.000,2024-07-03 01:08:30.216
ETH,BUY,0.2000,551928.000,2024-07-03 01:09:18.975
ETH,BUY,0.0200,552015.000,2024-07-03 01:10:10.965
ETH,SELL,0.0100,551850.000,2024-07-03 01:11:17.694
ETH,BUY,0.0179,551894.000,2024-07-03 01:13:07.674
ETH,BUY,0.1800,551927.000,2024-07-03 01:13:12.820
ETH,BUY,0.0179,551957.000,2024-07-03 01:13:27.530
ETH,BUY,0.0200,551957.000,2024-07-03 01:13:27.662
ETH,BUY,0.0179,551986.000,2024-07-03 01:13:37.436
ETH,BUY,0.0179,552071.000,2024-07-03 01:13:47.523
ETH,BUY,0.3200,552243.000,2024-07-03 01:14:21.644
ETH,BUY,0.2339,552243.000,2024-07-03 01:14:21.702
ETH,BUY,0.1661,552276.000,2024-07-03 01:14:21.702
ETH,BUY,0.1000,552479.000,2024-07-03 01:14:25.938
ETH,BUY,1.0000,551983.000,2024-07-03 01:14:27.968
ETH,BUY,0.0500,552131.000,2024-07-03 01:17:00.877
ETH,BUY,0.3200,552247.000,2024-07-03 01:17:37.281
ETH,BUY,0.4000,552334.000,2024-07-03 01:17:38.079
ETH,BUY,0.0300,552334.000,2024-07-03 01:17:38.874
ETH,BUY,0.1000,552337.000,2024-07-03 01:18:40.449
ETH,SELL,0.0100,552237.000,2024-07-03 01:20:48.768
ETH,SELL,0.0005,552177.000,2024-07-03 01:20:48.768
ETH,SELL,0.0100,552251.000,2024-07-03 01:21:31.686
ETH,BUY,0.0130,552376.000,2024-07-03 01:21:42.250
ETH,BUY,0.2563,552589.000,2024-07-03 01:21:42.250
ETH,BUY,0.2530,552589.000,2024-07-03 01:21:42.407
ETH,BUY,0.3907,552636.000,2024-07-03 01:22:03.865
ETH,BUY,0.0093,552636.000,2024-07-03 01:22:03.865
ETH,BUY,0.1051,552715.000,2024-07-03 01:22:05.070
ETH,BUY,0.2149,552798.000,2024-07-03 01:22:05.070
ETH,BUY,0.0100,552798.000,2024-07-03 01:22:05.458
ETH,BUY,0.4000,552601.000,2024-07-03 01:22:28.885
ETH,BUY,0.2200,552601.000,2024-07-03 01:22:29.085
ETH,BUY,0.0100,553117.000,2024-07-03 01:22:34.322
ETH,BUY,0.4000,552853.000,2024-07-03 01:23:07.739
ETH,BUY,0.0800,552853.000,2024-07-03 01:23:08.196
ETH,BUY,0.0400,553668.000,2024-07-03 01:23:19.612
ETH,BUY,0.4000,553668.000,2024-07-03 01:23:19.615
ETH,BUY,1.0000,553103.000,2024-07-03 01:23:33.021
ETH,BUY,0.6200,553188.000,2024-07-03 01:23:34.231
ETH,BUY,0.3800,553188.000,2024-07-03 01:23:35.646
ETH,BUY,0.5000,552846.000,2024-07-03 01:24:36.832
ETH,BUY,0.3800,552785.000,2024-07-03 01:25:00.571
ETH,BUY,0.0200,552785.000,2024-07-03 01:25:00.571
ETH,SELL,0.1000,552350.000,2024-07-03 01:25:00.974
ETH,BUY,0.0200,552785.000,2024-07-03 01:25:01.071
ETH,BUY,0.0112,552818.000,2024-07-03 01:26:00.700
ETH,SELL,0.2790,552574.000,2024-07-03 01:27:06.798
ETH,BUY,0.4000,552624.000,2024-07-03 01:28:03.115
ETH,BUY,0.0100,552624.000,2024-07-03 01:28:03.863
ETH,BUY,0.1000,552682.000,2024-07-03 01:28:04.446
ETH,BUY,0.0320,552710.000,2024-07-03 01:28:44.599
ETH,BUY,0.0100,552797.000,2024-07-03 01:31:07.876
ETH,SELL,0.0413,552165.000,2024-07-03 01:34:14.677
ETH,BUY,0.0600,552276.000,2024-07-03 01:34:45.651
ETH,SELL,0.0100,551940.000,2024-07-03 01:35:41.190
ETH,BUY,0.0143,552102.000,2024-07-03 01:37:12.259
ETH,BUY,1.5400,552165.000,2024-07-03 01:37:17.769
ETH,BUY,2.4600,552189.000,2024-07-03 01:37:17.769
ETH,BUY,0.0181,552189.000,2024-07-03 01:38:38.589
ETH,BUY,0.4819,552318.000,2024-07-03 01:38:38.589
ETH,BUY,0.0100,552318.000,2024-07-03 01:38:42.297
ETH,BUY,0.3600,552238.000,2024-07-03 01:40:04.918
ETH,SELL,0.0160,551970.000,2024-07-03 01:40:26.754
ETH,SELL,0.0682,552142.000,2024-07-03 01:41:35.267
ETH,SELL,0.0130,552044.000,2024-07-03 01:42:58.674
ETH,BUY,0.0100,552188.000,2024-07-03 01:42:59.329
ETH,SELL,0.0100,552053.000,2024-07-03 01:43:13.180
ETH,SELL,0.0100,551947.000,2024-07-03 01:43:53.176
ETH,SELL,0.0100,552000.000,2024-07-03 01:44:16.671
ETH,SELL,0.0150,551961.000,2024-07-03 01:46:02.689
ETH,SELL,0.0363,551877.000,2024-07-03 01:46:33.685
ETH,SELL,0.0100,551850.000,2024-07-03 01:46:46.680
ETH,SELL,0.0700,551850.000,2024-07-03 01:46:47.999
ETH,BUY,0.0160,551395.000,2024-07-03 01:46:52.484
ETH,SELL,0.0136,551163.000,2024-07-03 01:48:23.695
ETH,SELL,0.0100,551000.000,2024-07-03 01:48:31.650
ETH,SELL,0.0100,551000.000,2024-07-03 01:48:31.650
ETH,SELL,0.5000,551000.000,2024-07-03 01:48:31.650
ETH,SELL,0.0100,550891.000,2024-07-03 01:49:11.180
ETH,SELL,0.0010,550771.000,2024-07-03 01:49:11.180
ETH,SELL,0.0210,550771.000,2024-07-03 01:50:10.674
ETH,SELL,0.0160,550771.000,2024-07-03 01:50:40.416
ETH,BUY,0.0150,550855.000,2024-07-03 01:51:44.004
ETH,SELL,0.1000,550819.000,2024-07-03 01:51:58.194
ETH,SELL,0.0200,550771.000,2024-07-03 01:52:54.716
ETH,SELL,0.0151,550771.000,2024-07-03 01:53:10.672
ETH,SELL,0.0123,550771.000,2024-07-03 01:53:13.257
ETH,SELL,0.0646,550771.000,2024-07-03 01:53:14.281
ETH,SELL,0.0100,550347.000,2024-07-03 01:55:09.766
ETH,SELL,0.0900,550001.000,2024-07-03 01:55:09.766
ETH,SELL,0.0500,550001.000,2024-07-03 01:55:09.767
ETH,SELL,0.3000,550001.000,2024-07-03 01:55:09.844
ETH,SELL,0.1000,550001.000,2024-07-03 01:55:10.115
ETH,SELL,0.0500,550001.000,2024-07-03 01:55:10.177
ETH,SELL,0.0994,550001.000,2024-07-03 01:55:10.243
ETH,SELL,0.0400,550000.000,2024-07-03 01:55:10.539
ETH,SELL,0.2507,550000.000,2024-07-03 01:55:10.539
ETH,SELL,0.1000,550000.000,2024-07-03 01:55:11.444
ETH,SELL,0.1000,550000.000,2024-07-03 01:55:11.673
ETH,SELL,0.1000,550000.000,2024-07-03 01:55:11.861
ETH,SELL,0.0700,550000.000,2024-07-03 01:55:11.871
ETH,SELL,0.0767,550000.000,2024-07-03 01:55:11.947
ETH,SELL,0.3026,550000.000,2024-07-03 01:55:12.023
ETH,SELL,0.0180,550000.000,2024-07-03 01:55:12.023
ETH,SELL,0.0100,550000.000,2024-07-03 01:55:12.023
ETH,SELL,0.0100,550000.000,2024-07-03 01:55:12.023
ETH,SELL,0.0200,550000.000,2024-07-03 01:55:12.023
ETH,SELL,0.0100,550000.000,2024-07-03 01:55:12.023
ETH,SELL,0.1294,550000.000,2024-07-03 01:55:12.023
ETH,SELL,0.1000,550000.000,2024-07-03 01:55:12.223
ETH,SELL,0.2000,550000.000,2024-07-03 01:55:12.464
ETH,SELL,0.3000,550000.000,2024-07-03 01:55:12.680
ETH,SELL,0.2706,550000.000,2024-07-03 01:55:13.251
ETH,SELL,0.3000,550000.000,2024-07-03 01:55:13.251
ETH,SELL,0.1800,550000.000,2024-07-03 01:55:13.251
ETH,SELL,0.0100,549876.000,2024-07-03 01:55:13.349
ETH,SELL,0.0100,549412.000,2024-07-03 01:55:13.421
ETH,SELL,0.0900,549051.000,2024-07-03 01:55:13.421
ETH,SELL,0.1000,549051.000,2024-07-03 01:55:13.423
ETH,SELL,0.0177,549051.000,2024-07-03 01:55:13.920
ETH,SELL,0.1494,549051.000,2024-07-03 01:55:14.003
ETH,SELL,0.4200,549412.000,2024-07-03 01:55:14.461
ETH,SELL,0.2000,549412.000,2024-07-03 01:55:14.585
ETH,SELL,0.0100,549412.000,2024-07-03 01:55:14.602
ETH,SELL,0.0200,549412.000,2024-07-03 01:55:14.747
ETH,SELL,1.4000,549087.000,2024-07-03 01:55:15.310
ETH,SELL,0.0100,549050.000,2024-07-03 01:55:15.310
ETH,SELL,0.0200,549000.000,2024-07-03 01:55:15.310
ETH,SELL,0.0500,549000.000,2024-07-03 01:55:15.310
ETH,SELL,0.0190,549000.000,2024-07-03 01:55:15.310
ETH,SELL,0.0200,549000.000,2024-07-03 01:55:15.310
ETH,SELL,0.0170,549000.000,2024-07-03 01:55:15.310
ETH,SELL,0.0100,549000.000,2024-07-03 01:55:15.310
ETH,SELL,0.0100,549000.000,2024-07-03 01:55:15.310
ETH,SELL,0.0100,549000.000,2024-07-03 01:55:15.310
ETH,SELL,0.4340,549000.000,2024-07-03 01:55:15.310
ETH,SELL,0.1496,549000.000,2024-07-03 01:55:16.130
ETH,SELL,0.4164,549000.000,2024-07-03 01:55:16.219
ETH,SELL,0.5836,549000.000,2024-07-03 01:55:16.219
ETH,SELL,0.3300,549000.000,2024-07-03 01:55:16.221
ETH,SELL,0.0864,549000.000,2024-07-03 01:55:16.287
ETH,SELL,0.5000,549000.000,2024-07-03 01:55:16.287
ETH,SELL,0.4136,548721.000,2024-07-03 01:55:16.287
ETH,SELL,0.0100,548721.000,2024-07-03 01:55:16.291
ETH,SELL,0.5764,548721.000,2024-07-03 01:55:16.382
ETH,SELL,0.0100,548720.000,2024-07-03 01:55:16.382
ETH,SELL,0.5136,548521.000,2024-07-03 01:55:16.382
ETH,SELL,0.0651,548521.000,2024-07-03 01:55:16.386
ETH,SELL,0.1287,548365.000,2024-07-03 01:55:16.386
ETH,SELL,0.3062,548093.000,2024-07-03 01:55:16.386
ETH,SELL,0.0700,548093.000,2024-07-03 01:55:16.613
ETH,SELL,0.0300,548093.000,2024-07-03 01:55:16.615
ETH,SELL,0.2904,548093.000,2024-07-03 01:55:16.735
ETH,SELL,0.3034,548093.000,2024-07-03 01:55:16.999
ETH,SELL,0.0100,548000.000,2024-07-03 01:55:17.096
ETH,SELL,0.0260,548000.000,2024-07-03 01:55:17.182
ETH,SELL,0.0040,548000.000,2024-07-03 01:55:17.182
ETH,BUY,0.5000,548912.000,2024-07-03 01:55:17.368
ETH,SELL,0.0110,548000.000,2024-07-03 01:55:17.812
ETH,SELL,0.0100,548000.000,2024-07-03 01:55:17.812
ETH,SELL,0.1756,548000.000,2024-07-03 01:55:17.812
ETH,SELL,0.4350,548001.000,2024-07-03 01:55:18.905
ETH,BUY,0.0507,548215.000,2024-07-03 01:55:20.230
ETH,BUY,0.5000,548066.000,2024-07-03 01:55:20.821
ETH,BUY,0.0794,548066.000,2024-07-03 01:55:21.408
ETH,BUY,0.1972,548214.000,2024-07-03 01:55:21.408
ETH,BUY,0.3000,548214.000,2024-07-03 01:55:21.807
ETH,BUY,0.1000,548214.000,2024-07-03 01:55:21.954
ETH,BUY,0.4000,548213.000,2024-07-03 01:55:22.668
ETH,BUY,0.4200,548213.000,2024-07-03 01:55:23.207
ETH,BUY,0.1500,548213.000,2024-07-03 01:55:23.365
ETH,BUY,0.0300,548213.000,2024-07-03 01:55:23.612
ETH,BUY,0.3200,548816.000,2024-07-03 01:55:23.871
ETH,BUY,0.0500,548815.000,2024-07-03 01:55:24.253
ETH,BUY,0.0100,548815.000,2024-07-03 01:55:24.254
ETH,BUY,0.4000,548815.000,2024-07-03 01:55:24.320
ETH,BUY,0.1187,548815.000,2024-07-03 01:55:25.020
ETH,BUY,0.1493,549250.000,2024-07-03 01:55:25.020
ETH,BUY,0.1348,549254.000,2024-07-03 01:55:25.020
ETH,BUY,0.1000,549254.000,2024-07-03 01:55:25.082
ETH,BUY,0.0100,549254.000,2024-07-03 01:55:25.084
ETH,BUY,0.4000,549254.000,2024-07-03 01:55:25.086
ETH,BUY,0.3200,549254.000,2024-07-03 01:55:25.148
ETH,BUY,0.5467,548548.000,2024-07-03 01:55:28.156
ETH,BUY,0.3187,548548.000,2024-07-03 01:55:29.801
ETH,BUY,0.1000,548548.000,2024-07-03 01:55:30.008
ETH,BUY,0.0100,548548.000,2024-07-03 01:55:30.998
ETH,BUY,0.1768,549114.000,2024-07-03 01:55:31.737
ETH,BUY,0.3143,549114.000,2024-07-03 01:55:32.103
ETH,BUY,0.2357,549115.000,2024-07-03 01:55:32.103
ETH,BUY,0.4000,549115.000,2024-07-03 01:55:32.112
ETH,BUY,0.0100,549115.000,2024-07-03 01:55:32.142
ETH,BUY,0.0100,549270.000,2024-07-03 01:55:32.736
ETH,BUY,0.0200,549434.000,2024-07-03 01:55:32.746
ETH,BUY,0.3300,549434.000,2024-07-03 01:55:33.193
ETH,BUY,0.1700,549463.000,2024-07-03 01:55:33.193
ETH,BUY,0.3900,549463.000,2024-07-03 01:55:33.316
ETH,BUY,0.1000,549388.000,2024-07-03 01:55:41.936
ETH,SELL,0.0100,548595.000,2024-07-03 01:55:45.186
ETH,SELL,0.0100,548595.000,2024-07-03 01:55:45.590
ETH,SELL,0.0100,548595.000,2024-07-03 01:55:45.974
ETH,SELL,0.0100,548187.000,2024-07-03 01:55:46.404
ETH,SELL,0.0100,548557.000,2024-07-03 01:55:46.796
ETH,SELL,0.0100,548548.000,2024-07-03 01:55:47.213
ETH,SELL,0.1300,548548.000,2024-07-03 01:55:47.569
ETH,SELL,0.0100,548548.000,2024-07-03 01:55:47.668
ETH,SELL,0.0100,548188.000,2024-07-03 01:55:48.063
ETH,SELL,0.0100,548188.000,2024-07-03 01:55:48.203
ETH,SELL,0.0100,548188.000,2024-07-03 01:55:48.390
ETH,SELL,0.0419,548188.000,2024-07-03 01:55:48.672
ETH,BUY,1.6300,548182.000,2024-07-03 01:55:52.922
ETH,SELL,0.2704,548000.000,2024-07-03 01:55:53.686
ETH,SELL,0.0940,548000.000,2024-07-03 01:55:54.361
ETH,SELL,1.4000,547956.000,2024-07-03 01:55:54.361
ETH,SELL,0.5060,547396.000,2024-07-03 01:55:54.361
ETH,BUY,0.1000,547549.000,2024-07-03 01:55:57.009
ETH,BUY,0.1087,547607.000,2024-07-03 01:55:57.831
ETH,BUY,0.1000,547607.000,2024-07-03 01:55:58.115
ETH,BUY,0.1000,547694.000,2024-07-03 01:56:00.102
ETH,BUY,0.0414,547694.000,2024-07-03 01:56:00.185
ETH,BUY,0.0700,547839.000,2024-07-03 01:56:01.023
ETH,BUY,0.3200,547839.000,2024-07-03 01:56:01.375
ETH,BUY,0.4000,547955.000,2024-07-03 01:56:01.661
ETH,BUY,0.0100,547955.000,2024-07-03 01:56:02.203
ETH,BUY,0.1000,547984.000,2024-07-03 01:56:03.209
ETH,BUY,0.1000,547984.000,2024-07-03 01:56:03.286
ETH,BUY,0.1000,548100.000,2024-07-03 01:56:06.317
ETH,BUY,0.0182,548166.000,2024-07-03 01:56:07.593
ETH,BUY,0.1000,548215.000,2024-07-03 01:56:09.269
ETH,BUY,0.1000,548149.000,2024-07-03 01:56:12.010
ETH,BUY,0.0182,547935.000,2024-07-03 01:56:17.510
ETH,BUY,1.5387,547975.000,2024-07-03 01:56:26.569
ETH,BUY,1.2613,547980.000,2024-07-03 01:56:26.569
ETH,BUY,0.0100,547955.000,2024-07-03 01:56:26.656
ETH,BUY,0.3500,547898.000,2024-07-03 01:56:36.026
ETH,BUY,0.0700,547984.000,2024-07-03 01:56:47.434
ETH,BUY,0.0182,548013.000,2024-07-03 01:56:47.598
ETH,BUY,0.1600,548013.000,2024-07-03 01:56:48.086
ETH,BUY,0.0100,548013.000,2024-07-03 01:56:48.151
ETH,BUY,0.4000,548013.000,2024-07-03 01:56:48.626
ETH,BUY,0.0600,548042.000,2024-07-03 01:56:56.687
ETH,BUY,0.0182,548158.000,2024-07-03 01:56:57.629
ETH,BUY,0.0182,548506.000,2024-07-03 01:57:07.846
ETH,BUY,0.0287,548680.000,2024-07-03 01:57:09.357
ETH,BUY,0.0272,548782.000,2024-07-03 01:57:12.763
ETH,BUY,0.6000,548999.000,2024-07-03 01:57:15.931
ETH,BUY,0.4000,549144.000,2024-07-03 01:57:17.582
ETH,BUY,0.1176,549202.000,2024-07-03 01:57:19.211
ETH,SELL,0.1000,549204.000,2024-07-03 01:57:24.173
ETH,SELL,0.4427,548762.000,2024-07-03 01:57:24.970
ETH,BUY,0.0100,549085.000,2024-07-03 01:57:30.131
ETH,BUY,0.0900,548935.000,2024-07-03 01:57:44.456
ETH,BUY,0.0100,548999.000,2024-07-03 01:58:00.159
ETH,BUY,0.0100,549115.000,2024-07-03 01:58:00.628
ETH,BUY,0.0100,549115.000,2024-07-03 01:58:00.991
ETH,BUY,0.0100,549115.000,2024-07-03 01:58:01.375
ETH,BUY,0.0100,549114.000,2024-07-03 01:58:01.765
ETH,BUY,0.0100,549114.000,2024-07-03 01:58:02.183
ETH,BUY,0.0100,549113.000,2024-07-03 01:58:02.560
ETH,BUY,0.0100,549110.000,2024-07-03 01:58:02.884
ETH,BUY,0.0100,549112.000,2024-07-03 01:58:03.237
ETH,SELL,0.0300,548658.000,2024-07-03 01:58:12.190
ETH,SELL,0.0120,548358.000,2024-07-03 01:58:41.693
ETH,SELL,0.0110,548590.000,2024-07-03 01:59:11.216
ETH,BUY,0.3241,548758.000,2024-07-03 01:59:11.505
ETH,BUY,0.0759,548825.000,2024-07-03 01:59:11.505
ETH,BUY,0.0175,548854.000,2024-07-03 02:00:24.026
ETH,BUY,0.0375,548941.000,2024-07-03 02:00:49.256
ETH,BUY,0.0100,548970.000,2024-07-03 02:01:32.934
ETH,SELL,0.0458,548220.000,2024-07-03 02:01:52.831
ETH,BUY,0.0900,548303.000,2024-07-03 02:01:55.501
ETH,BUY,0.0182,548419.000,2024-07-03 02:01:57.548
ETH,SELL,0.0798,548430.000,2024-07-03 02:02:07.190
ETH,BUY,0.0261,548593.000,2024-07-03 02:02:11.438
ETH,BUY,0.1000,548680.000,2024-07-03 02:03:14.387
ETH,BUY,0.0900,548630.000,2024-07-03 02:03:22.045
ETH,SELL,0.0250,548499.000,2024-07-03 02:03:42.697
ETH,SELL,0.0020,548082.000,2024-07-03 02:03:42.697
ETH,BUY,0.0500,548100.000,2024-07-03 02:04:10.194
ETH,SELL,0.1000,547864.000,2024-07-03 02:04:53.305
ETH,SELL,0.0425,547781.000,2024-07-03 02:04:59.820
ETH,SELL,0.1453,547521.000,2024-07-03 02:05:35.492
ETH,BUY,0.0100,547540.000,2024-07-03 02:05:43.907
ETH,BUY,0.0200,547564.000,2024-07-03 02:05:55.365
ETH,SELL,0.1600,547370.000,2024-07-03 02:06:00.899
ETH,SELL,0.0400,547370.000,2024-07-03 02:06:05.387
ETH,SELL,0.1000,547014.000,2024-07-03 02:06:05.387
ETH,SELL,0.1600,547014.000,2024-07-03 02:06:05.387
ETH,BUY,0.1000,547490.000,2024-07-03 02:06:15.162
ETH,BUY,0.3000,547515.000,2024-07-03 02:06:15.162
ETH,BUY,0.3037,547515.000,2024-07-03 02:06:15.433
ETH,BUY,0.6963,547578.000,2024-07-03 02:06:15.433
ETH,BUY,0.2000,548010.000,2024-07-03 02:06:47.591
ETH,BUY,0.2000,548013.000,2024-07-03 02:06:47.591
ETH,BUY,0.0100,548040.000,2024-07-03 02:07:56.826
ETH,BUY,0.0900,548070.000,2024-07-03 02:09:52.835
ETH,BUY,0.1000,548157.000,2024-07-03 02:10:01.714
ETH,BUY,0.0910,547881.000,2024-07-03 02:13:08.624
ETH,BUY,0.9172,547955.000,2024-07-03 02:13:25.205
ETH,BUY,0.4000,548216.000,2024-07-03 02:15:07.409
ETH,BUY,0.1000,548245.000,2024-07-03 02:15:09.338
ETH,SELL,0.2000,548020.000,2024-07-03 02:15:34.518
ETH,SELL,1.0000,548017.000,2024-07-03 02:15:34.518
ETH,SELL,0.0910,547563.000,2024-07-03 02:15:34.518
ETH,SELL,0.2590,547562.000,2024-07-03 02:15:34.518
ETH,BUY,0.1000,547604.000,2024-07-03 02:15:40.565
ETH,BUY,0.1000,547604.000,2024-07-03 02:15:40.749
ETH,BUY,0.8000,547604.000,2024-07-03 02:15:41.187
ETH,BUY,0.3000,547666.000,2024-07-03 02:15:43.574
ETH,BUY,0.7000,547666.000,2024-07-03 02:15:43.762
ETH,BUY,0.7000,548245.000,2024-07-03 02:15:45.378
ETH,BUY,1.0000,547763.000,2024-07-03 02:15:49.541
ETH,SELL,0.6400,547765.000,2024-07-03 02:15:50.004
ETH,SELL,0.3600,547762.000,2024-07-03 02:15:50.004
ETH,BUY,0.1900,548000.000,2024-07-03 02:15:50.073
ETH,BUY,0.1100,548361.000,2024-07-03 02:15:50.073
ETH,BUY,0.1000,548365.000,2024-07-03 02:15:51.500
ETH,BUY,0.0404,548419.000,2024-07-03 02:15:51.784
ETH,BUY,0.0183,548340.000,2024-07-03 02:17:51.433
ETH,SELL,0.0102,547952.000,2024-07-03 02:18:13.761
ETH,BUY,0.0182,547876.000,2024-07-03 02:21:17.506
ETH,BUY,0.0182,547925.000,2024-07-03 02:21:27.572
ETH,BUY,0.0182,547952.000,2024-07-03 02:21:37.523
ETH,BUY,0.0100,547984.000,2024-07-03 02:22:17.637
ETH,BUY,0.0082,548042.000,2024-07-03 02:22:17.637
ETH,BUY,0.0453,548099.000,2024-07-03 02:22:24.978
ETH,BUY,0.0547,548100.000,2024-07-03 02:22:24.978
ETH,BUY,0.0182,548104.000,2024-07-03 02:22:27.552
ETH,BUY,0.0100,548129.000,2024-07-03 02:23:08.799
ETH,SELL,0.0175,547932.000,2024-07-03 02:23:22.264
ETH,BUY,0.4000,547955.000,2024-07-03 02:26:01.560
ETH,BUY,0.0182,548013.000,2024-07-03 02:27:17.554
ETH,BUY,0.0182,548119.000,2024-07-03 02:27:37.510
ETH,BUY,0.4000,548066.000,2024-07-03 02:27:49.573
ETH,BUY,0.0200,548186.000,2024-07-03 02:28:13.258
ETH,BUY,0.0100,548216.000,2024-07-03 02:28:23.112
ETH,BUY,0.0100,548303.000,2024-07-03 02:28:28.166
ETH,BUY,0.4000,548267.000,2024-07-03 02:30:01.503
ETH,BUY,0.4000,548419.000,2024-07-03 02:30:10.555
ETH,SELL,0.0110,548259.000,2024-07-03 02:30:35.264
ETH,BUY,1.0000,548419.000,2024-07-03 02:31:28.089
ETH,BUY,0.4000,548419.000,2024-07-03 02:31:28.111
ETH,BUY,0.1081,548419.000,2024-07-03 02:31:45.738
ETH,BUY,0.2919,548593.000,2024-07-03 02:31:45.738
ETH,BUY,0.0179,548680.000,2024-07-03 02:33:47.733
ETH,SELL,0.0110,548327.000,2024-07-03 02:36:03.083
ETH,BUY,0.1300,548001.000,2024-07-03 02:38:04.189
ETH,SELL,0.0100,548000.000,2024-07-03 02:38:22.262
ETH,SELL,0.0100,547741.000,2024-07-03 02:38:30.801
ETH,SELL,0.0100,547722.000,2024-07-03 02:38:41.158
ETH,BUY,0.9321,547261.000,2024-07-03 02:39:00.835
ETH,BUY,0.0182,547375.000,2024-07-03 02:39:07.798
ETH,BUY,0.0182,547210.000,2024-07-03 02:39:17.512
ETH,BUY,0.1000,547176.000,2024-07-03 02:39:55.588
ETH,BUY,0.0182,547201.000,2024-07-03 02:39:57.548
ETH,BUY,0.1000,547201.000,2024-07-03 02:39:57.844
ETH,BUY,0.1000,547148.000,2024-07-03 02:40:00.838
ETH,BUY,0.1000,547148.000,2024-07-03 02:40:04.180
ETH,BUY,0.0182,547148.000,2024-07-03 02:40:07.537
ETH,SELL,0.0131,547001.000,2024-07-03 02:40:22.746
ETH,BUY,0.0182,547026.000,2024-07-03 02:40:27.531
ETH,SELL,0.0331,547000.000,2024-07-03 02:40:44.167
ETH,SELL,0.0130,547000.000,2024-07-03 02:40:54.402
ETH,BUY,0.0385,547008.000,2024-07-03 02:40:59.410
ETH,BUY,0.2002,547009.000,2024-07-03 02:40:59.410
ETH,BUY,0.8965,547055.000,2024-07-03 02:40:59.410
ETH,SELL,0.0119,547055.000,2024-07-03 02:41:01.932
ETH,BUY,0.9929,547085.000,2024-07-03 02:41:05.527
ETH,SELL,0.0539,547000.000,2024-07-03 02:41:12.026
ETH,SELL,0.0100,547000.000,2024-07-03 02:41:12.026
ETH,SELL,0.0200,547000.000,2024-07-03 02:41:12.026
ETH,SELL,0.0100,547000.000,2024-07-03 02:41:12.026
ETH,SELL,0.0100,547000.000,2024-07-03 02:41:12.026
ETH,SELL,0.0137,547000.000,2024-07-03 02:41:12.026
ETH,SELL,0.0233,547000.000,2024-07-03 02:41:16.208
ETH,SELL,0.1677,547000.000,2024-07-03 02:41:16.722
ETH,SELL,0.0654,547000.000,2024-07-03 02:41:23.034
ETH,SELL,0.5000,547000.000,2024-07-03 02:41:23.574
ETH,SELL,0.2299,547000.000,2024-07-03 02:41:23.608
ETH,SELL,0.0100,546940.000,2024-07-03 02:41:23.608
ETH,SELL,0.0370,546800.000,2024-07-03 02:41:23.608
ETH,SELL,0.4431,546514.000,2024-07-03 02:41:23.608
ETH,SELL,0.2000,546514.000,2024-07-03 02:41:24.021
ETH,SELL,0.9311,546160.000,2024-07-03 02:41:25.212
ETH,BUY,0.0182,546273.000,2024-07-03 02:41:27.826
ETH,BUY,0.1000,546302.000,2024-07-03 02:41:55.076
ETH,SELL,1.0000,546008.000,2024-07-03 02:43:40.529
ETH,SELL,0.2889,546041.000,2024-07-03 02:44:37.614
ETH,BUY,1.0000,546065.000,2024-07-03 02:44:38.948
ETH,BUY,1.7111,546070.000,2024-07-03 02:44:38.948
ETH,SELL,0.5000,546006.000,2024-07-03 02:44:43.325
ETH,SELL,0.2886,546006.000,2024-07-03 02:44:54.308
ETH,SELL,0.0864,546006.000,2024-07-03 02:45:02.718
ETH,SELL,0.1000,546000.000,2024-07-03 02:45:03.104
ETH,SELL,0.0100,546000.000,2024-07-03 02:45:03.104
ETH,SELL,0.5000,545599.000,2024-07-03 02:45:03.172
ETH,SELL,0.1580,545599.000,2024-07-03 02:45:03.181
ETH,SELL,0.2000,545599.000,2024-07-03 02:45:04.213
ETH,BUY,0.0510,545751.000,2024-07-03 02:45:18.534
ETH,BUY,0.0100,545751.000,2024-07-03 02:45:18.770
ETH,SELL,0.0136,545665.000,2024-07-03 02:45:22.187
ETH,BUY,0.1000,545809.000,2024-07-03 02:45:28.358
ETH,BUY,0.2000,545838.000,2024-07-03 02:45:36.959
ETH,BUY,0.1000,545838.000,2024-07-03 02:45:37.514
ETH,BUY,0.1000,546070.000,2024-07-03 02:45:38.339
ETH,BUY,0.0150,546273.000,2024-07-03 02:45:55.658
ETH,SELL,0.0110,546107.000,2024-07-03 02:46:20.184
ETH,BUY,0.0180,546053.000,2024-07-03 02:47:11.073
ETH,SELL,0.0166,545799.000,2024-07-03 02:47:16.679
ETH,BUY,0.0182,545896.000,2024-07-03 02:47:17.596
ETH,SELL,0.1000,545953.000,2024-07-03 02:47:33.079
ETH,SELL,0.2000,545896.000,2024-07-03 02:47:33.079
ETH,SELL,0.0200,545699.000,2024-07-03 02:48:08.685
ETH,BUY,0.4000,546157.000,2024-07-03 02:48:27.275
ETH,SELL,0.0494,546079.000,2024-07-03 02:49:11.178
ETH,BUY,0.4000,546244.000,2024-07-03 02:49:11.606
ETH,SELL,0.0111,546082.000,2024-07-03 02:49:16.693
ETH,SELL,0.2000,545898.000,2024-07-03 02:49:43.077
ETH,BUY,0.0182,546041.000,2024-07-03 02:49:57.678
ETH,SELL,0.0100,545965.000,2024-07-03 02:50:07.191
ETH,BUY,0.0182,546041.000,2024-07-03 02:50:07.656
ETH,BUY,0.0182,546099.000,2024-07-03 02:50:17.632
ETH,BUY,0.0182,546447.000,2024-07-03 02:53:17.606
ETH,BUY,0.0182,546500.000,2024-07-03 02:53:27.577
ETH,BUY,0.0182,546500.000,2024-07-03 02:53:57.474
ETH,SELL,0.0130,546349.000,2024-07-03 02:54:42.668
ETH,BUY,0.2000,546500.000,2024-07-03 02:54:47.016
ETH,SELL,0.0100,546353.000,2024-07-03 02:54:48.182
ETH,BUY,0.0300,546500.000,2024-07-03 02:54:51.423
ETH,SELL,0.0100,546361.000,2024-07-03 02:55:01.225
ETH,BUY,0.0182,546500.000,2024-07-03 02:55:07.914
ETH,BUY,0.0182,546500.000,2024-07-03 02:55:17.617
ETH,BUY,0.3700,546500.000,2024-07-03 02:55:21.091
ETH,BUY,0.0182,546500.000,2024-07-03 02:55:27.513
ETH,BUY,0.0182,546500.000,2024-07-03 02:55:37.541
ETH,BUY,0.1000,546500.000,2024-07-03 02:55:55.352
ETH,BUY,0.1000,546500.000,2024-07-03 02:55:55.463
ETH,BUY,0.0898,546500.000,2024-07-03 02:56:01.564
ETH,BUY,0.0102,546938.000,2024-07-03 02:56:01.564
ETH,BUY,0.0668,546938.000,2024-07-03 02:56:01.676
ETH,BUY,0.1332,546940.000,2024-07-03 02:56:01.676
ETH,BUY,0.0200,546940.000,2024-07-03 02:56:02.160
ETH,SELL,0.1000,546597.000,2024-07-03 02:57:55.573
ETH,BUY,0.0300,546924.000,2024-07-03 02:58:18.613
ETH,BUY,0.1700,546936.000,2024-07-03 02:58:22.873
ETH,BUY,0.0193,546940.000,2024-07-03 02:58:22.873
ETH,BUY,0.1593,546936.000,2024-07-03 02:58:24.798
ETH,BUY,0.0100,546969.000,2024-07-03 02:59:28.112
ETH,BUY,0.0100,546998.000,2024-07-03 02:59:41.194
ETH,BUY,0.0183,547027.000,2024-07-03 03:00:07.875
ETH,BUY,0.0100,546862.000,2024-07-03 03:01:11.122
ETH,BUY,0.1810,546675.000,2024-07-03 03:03:26.798
ETH,BUY,0.0182,546671.000,2024-07-03 03:03:57.527
ETH,BUY,0.3503,546667.000,2024-07-03 03:04:11.611
ETH,BUY,0.0497,546853.000,2024-07-03 03:04:11.611
ETH,BUY,0.0100,546940.000,2024-07-03 03:04:27.861
ETH,BUY,0.0182,547027.000,2024-07-03 03:04:46.572
ETH,SELL,0.0100,546518.000,2024-07-03 03:05:59.254
ETH,BUY,0.0700,546621.000,2024-07-03 03:06:33.055
ETH,SELL,0.2871,546500.000,2024-07-03 03:07:34.238
ETH,SELL,0.0212,546500.000,2024-07-03 03:07:42.181
ETH,SELL,0.0573,546500.000,2024-07-03 03:07:45.747
ETH,BUY,0.0100,546500.000,2024-07-03 03:07:46.457
ETH,SELL,0.0151,546020.000,2024-07-03 03:07:47.687
ETH,BUY,0.0182,546041.000,2024-07-03 03:07:57.719
ETH,BUY,0.0181,546037.000,2024-07-03 03:08:07.946
ETH,BUY,0.0182,546031.000,2024-07-03 03:08:17.618
ETH,BUY,0.0182,546066.000,2024-07-03 03:08:27.591
ETH,BUY,0.0182,546099.000,2024-07-03 03:08:37.567
ETH,SELL,0.2859,546000.000,2024-07-03 03:09:53.659
ETH,SELL,0.0397,546000.000,2024-07-03 03:09:54.687
ETH,SELL,0.0301,546000.000,2024-07-03 03:10:00.199
ETH,BUY,0.0100,546012.000,2024-07-03 03:10:33.080
ETH,BUY,0.1000,546012.000,2024-07-03 03:10:34.420
ETH,BUY,0.0182,546040.000,2024-07-03 03:10:37.502
ETH,SELL,0.0700,546000.000,2024-07-03 03:10:51.215
ETH,SELL,0.2756,546000.000,2024-07-03 03:10:51.507
ETH,SELL,0.1000,546000.000,2024-07-03 03:10:53.026
ETH,SELL,0.1283,546000.000,2024-07-03 03:11:11.214
ETH,SELL,0.0500,546000.000,2024-07-03 03:11:11.928
ETH,SELL,0.1000,546000.000,2024-07-03 03:11:12.051
ETH,SELL,0.0500,546000.000,2024-07-03 03:11:12.052
ETH,SELL,0.0500,546000.000,2024-07-03 03:11:12.182
ETH,SELL,0.0500,546000.000,2024-07-03 03:11:12.457
ETH,SELL,0.0283,546000.000,2024-07-03 03:11:12.540
ETH,SELL,0.1000,546000.000,2024-07-03 03:11:13.081
ETH,SELL,0.1421,546000.000,2024-07-03 03:11:13.648
ETH,SELL,0.0200,545900.000,2024-07-03 03:11:14.441
ETH,SELL,0.0379,545600.000,2024-07-03 03:11:14.441
ETH,SELL,0.0021,545600.000,2024-07-03 03:11:14.670
ETH,SELL,0.0979,545599.000,2024-07-03 03:11:14.670
ETH,SELL,0.0200,545599.000,2024-07-03 03:11:15.003
ETH,SELL,0.0241,545599.000,2024-07-03 03:11:19.051
ETH,SELL,0.0100,545511.000,2024-07-03 03:11:21.627
ETH,SELL,0.0141,545500.000,2024-07-03 03:11:21.627
ETH,SELL,0.0100,545500.000,2024-07-03 03:11:23.811
ETH,SELL,0.0100,545500.000,2024-07-03 03:11:23.870
ETH,SELL,0.0300,545500.000,2024-07-03 03:11:23.987
ETH,SELL,0.0359,545500.000,2024-07-03 03:11:24.344
ETH,SELL,0.1000,545212.000,2024-07-03 03:11:24.523
ETH,SELL,0.0500,545212.000,2024-07-03 03:11:24.722
ETH,SELL,0.1000,545001.000,2024-07-03 03:11:25.092
ETH,SELL,0.0100,545000.000,2024-07-03 03:11:25.595
ETH,SELL,0.0400,545000.000,2024-07-03 03:11:25.595
ETH,SELL,0.0600,545000.000,2024-07-03 03:11:25.666
ETH,SELL,0.0100,545000.000,2024-07-03 03:11:25.666
ETH,SELL,0.0300,545000.000,2024-07-03 03:11:25.666
ETH,SELL,0.1000,545000.000,2024-07-03 03:11:27.547
ETH,SELL,0.0800,545000.000,2024-07-03 03:11:27.547
ETH,SELL,0.0100,545000.000,2024-07-03 03:11:27.547
ETH,SELL,0.0100,545000.000,2024-07-03 03:11:27.547
ETH,SELL,0.0430,545000.000,2024-07-03 03:11:27.547
ETH,SELL,0.0100,545000.000,2024-07-03 03:11:27.547
ETH,SELL,0.1950,545000.000,2024-07-03 03:11:27.547
ETH,SELL,0.0110,545000.000,2024-07-03 03:11:27.547
ETH,SELL,0.0100,545000.000,2024-07-03 03:11:27.547
ETH,SELL,0.0100,545000.000,2024-07-03 03:11:27.547
ETH,SELL,0.1000,545000.000,2024-07-03 03:11:27.547
ETH,SELL,1.0000,545000.000,2024-07-03 03:11:27.547
ETH,SELL,0.0100,545000.000,2024-07-03 03:11:27.547
ETH,SELL,0.2000,545000.000,2024-07-03 03:11:27.547
ETH,SELL,0.0100,545000.000,2024-07-03 03:11:27.547
ETH,SELL,0.0100,545000.000,2024-07-03 03:11:27.547
ETH,SELL,0.1000,545000.000,2024-07-03 03:11:27.547
ETH,SELL,0.0100,544479.000,2024-07-03 03:11:29.396
ETH,SELL,0.5059,544029.000,2024-07-03 03:11:29.396
ETH,SELL,0.0497,544049.000,2024-07-03 03:11:30.728
ETH,SELL,0.3503,544049.000,2024-07-03 03:11:31.828
ETH,SELL,0.2497,544028.000,2024-07-03 03:11:31.828
ETH,BUY,0.0638,544154.000,2024-07-03 03:11:41.880
ETH,BUY,0.1000,544010.000,2024-07-03 03:12:31.679
ETH,SELL,0.0124,544001.000,2024-07-03 03:12:37.710
ETH,SELL,0.0800,544001.000,2024-07-03 03:12:43.766
ETH,SELL,0.0076,544001.000,2024-07-03 03:12:44.662
ETH,SELL,0.1924,544000.000,2024-07-03 03:12:44.662
ETH,SELL,0.0173,544000.000,2024-07-03 03:12:47.700
ETH,SELL,0.9899,544000.000,2024-07-03 03:12:49.316
ETH,SELL,0.3004,544000.000,2024-07-03 03:12:50.416
ETH,SELL,1.0000,544000.000,2024-07-03 03:12:50.416
ETH,SELL,0.1000,544000.000,2024-07-03 03:12:50.416
ETH,SELL,0.0400,544000.000,2024-07-03 03:12:50.416
ETH,SELL,0.0190,544000.000,2024-07-03 03:12:50.416
ETH,SELL,0.0100,544000.000,2024-07-03 03:12:50.416
ETH,SELL,0.0100,544000.000,2024-07-03 03:12:50.416
ETH,SELL,0.0098,544000.000,2024-07-03 03:12:50.416
ETH,SELL,0.0002,544000.000,2024-07-03 03:12:52.199
ETH,BUY,0.1900,543990.000,2024-07-03 03:13:03.700
ETH,SELL,0.6100,543990.000,2024-07-03 03:13:05.343
ETH,SELL,0.0360,543962.000,2024-07-03 03:13:06.342
ETH,SELL,0.0169,543700.000,2024-07-03 03:13:11.185
ETH,SELL,0.0159,543700.000,2024-07-03 03:13:16.735
ETH,BUY,0.1495,543712.000,2024-07-03 03:13:24.555
ETH,BUY,3.7500,543721.000,2024-07-03 03:13:24.555
ETH,BUY,2.1005,543750.000,2024-07-03 03:13:24.555
ETH,BUY,0.1000,543777.000,2024-07-03 03:13:30.491
ETH,SELL,0.0042,543700.000,2024-07-03 03:14:08.820
ETH,SELL,0.0958,543216.000,2024-07-03 03:14:08.820
ETH,SELL,0.4042,543216.000,2024-07-03 03:14:09.541
ETH,SELL,0.0353,543200.000,2024-07-03 03:14:10.005
ETH,SELL,0.9647,543200.000,2024-07-03 03:14:11.141
ETH,SELL,0.0128,543001.000,2024-07-03 03:14:16.188
ETH,SELL,0.1072,543001.000,2024-07-03 03:14:26.466
ETH,SELL,0.1000,543000.000,2024-07-03 03:14:26.466
ETH,SELL,0.1000,543000.000,2024-07-03 03:14:26.466
ETH,SELL,0.0100,543000.000,2024-07-03 03:14:26.466
ETH,SELL,0.6000,543000.000,2024-07-03 03:14:26.466
ETH,SELL,0.0100,543000.000,2024-07-03 03:14:26.466
ETH,SELL,0.0100,543000.000,2024-07-03 03:14:26.466
ETH,SELL,1.8398,543000.000,2024-07-03 03:14:26.466
ETH,SELL,0.5000,542659.000,2024-07-03 03:14:26.466
ETH,SELL,1.0000,542538.000,2024-07-03 03:14:26.466
ETH,SELL,1.0045,542481.000,2024-07-03 03:14:26.466
ETH,SELL,0.0280,542393.000,2024-07-03 03:14:26.466
ETH,SELL,0.1000,542156.000,2024-07-03 03:14:26.466
ETH,SELL,0.1864,542155.000,2024-07-03 03:14:26.466
ETH,SELL,0.4041,542142.000,2024-07-03 03:14:26.466
ETH,BUY,0.2000,542213.000,2024-07-03 03:14:28.524
ETH,BUY,1.6500,542184.000,2024-07-03 03:14:29.145
ETH,BUY,1.6500,542184.000,2024-07-03 03:14:29.593
ETH,BUY,0.2000,542242.000,2024-07-03 03:14:29.896
ETH,BUY,0.2000,542270.000,2024-07-03 03:14:32.576
ETH,BUY,0.2000,542268.000,2024-07-03 03:14:35.555
ETH,BUY,0.2000,542238.000,2024-07-03 03:14:38.096
ETH,SELL,0.0999,542111.000,2024-07-03 03:14:38.743
ETH,SELL,0.0931,542111.000,2024-07-03 03:14:41.775
ETH,SELL,0.0336,542111.000,2024-07-03 03:14:41.777
ETH,SELL,2.0000,542111.000,2024-07-03 03:14:43.174
ETH,SELL,0.0505,542111.000,2024-07-03 03:14:44.249
ETH,SELL,2.0000,542111.000,2024-07-03 03:14:44.678
ETH,SELL,1.6500,542111.000,2024-07-03 03:14:44.745
ETH,SELL,1.4500,542111.000,2024-07-03 03:14:48.061
ETH,SELL,0.5000,542111.000,2024-07-03 03:14:52.095
ETH,BUY,0.0700,542213.000,2024-07-03 03:15:20.365
ETH,BUY,1.6500,542155.000,2024-07-03 03:15:21.162
ETH,BUY,1.6600,542155.000,2024-07-03 03:15:21.632
ETH,BUY,0.0100,542242.000,2024-07-03 03:15:22.238
ETH,BUY,0.2000,542329.000,2024-07-03 03:15:23.526
ETH,BUY,0.2000,542356.000,2024-07-03 03:15:33.787
ETH,BUY,0.0100,542352.000,2024-07-03 03:15:40.789
ETH,BUY,0.0100,542358.000,2024-07-03 03:16:06.635
ETH,SELL,0.0163,542300.000,2024-07-03 03:16:15.208
ETH,SELL,0.0237,542300.000,2024-07-03 03:16:16.000
ETH,SELL,2.0000,542111.000,2024-07-03 03:16:17.457
ETH,SELL,0.2000,542111.000,2024-07-03 03:16:18.005
ETH,SELL,0.0858,542111.000,2024-07-03 03:16:18.209
ETH,SELL,2.0000,542111.000,2024-07-03 03:16:18.494
ETH,SELL,2.0000,542111.000,2024-07-03 03:16:19.511
ETH,SELL,0.8371,542111.000,2024-07-03 03:16:23.131
ETH,SELL,1.0000,542100.000,2024-07-03 03:16:24.384
ETH,SELL,0.0100,542029.000,2024-07-03 03:16:26.595
ETH,SELL,0.0130,542001.000,2024-07-03 03:16:26.693
ETH,SELL,0.0870,542001.000,2024-07-03 03:16:26.802
ETH,SELL,0.0100,542000.000,2024-07-03 03:16:26.802
ETH,SELL,0.1030,542000.000,2024-07-03 03:16:26.802
ETH,SELL,0.0070,542000.000,2024-07-03 03:16:27.364
ETH,SELL,0.0630,542000.000,2024-07-03 03:16:27.364
ETH,SELL,0.8370,542000.000,2024-07-03 03:16:27.366
ETH,SELL,0.0720,542000.000,2024-07-03 03:16:27.366
ETH,SELL,0.0100,542000.000,2024-07-03 03:16:27.366
ETH,SELL,0.1000,542000.000,2024-07-03 03:16:27.366
ETH,SELL,0.0180,541836.000,2024-07-03 03:16:28.047
ETH,SELL,0.1300,541800.000,2024-07-03 03:16:28.047
ETH,SELL,0.0450,541751.000,2024-07-03 03:16:28.047
ETH,SELL,0.0070,541234.000,2024-07-03 03:16:28.047
ETH,SELL,0.0030,541234.000,2024-07-03 03:16:28.504
ETH,SELL,0.5000,541231.000,2024-07-03 03:16:28.504
ETH,SELL,0.1000,541200.000,2024-07-03 03:16:28.684
ETH,SELL,0.2000,541200.000,2024-07-03 03:16:29.093
ETH,SELL,0.1970,541200.000,2024-07-03 03:16:29.167
ETH,SELL,0.0030,541200.000,2024-07-03 03:16:29.331
ETH,SELL,0.2009,541125.000,2024-07-03 03:16:29.331
ETH,SELL,0.0100,541125.000,2024-07-03 03:16:29.535
ETH,SELL,0.0300,541125.000,2024-07-03 03:16:29.614
ETH,SELL,0.0400,541119.000,2024-07-03 03:16:30.105
ETH,SELL,0.6000,541119.000,2024-07-03 03:16:30.394
ETH,SELL,0.0700,541093.000,2024-07-03 03:16:32.451
ETH,SELL,0.0100,541069.000,2024-07-03 03:16:32.452
ETH,SELL,0.1200,541001.000,2024-07-03 03:16:32.452
ETH,SELL,0.0100,541000.000,2024-07-03 03:16:32.452
ETH,SELL,0.0170,541000.000,2024-07-03 03:16:32.452
ETH,SELL,0.2430,541000.000,2024-07-03 03:16:32.452
ETH,SELL,0.2570,541000.000,2024-07-03 03:16:33.148
ETH,SELL,0.5000,541000.000,2024-07-03 03:16:33.148
ETH,SELL,0.0200,541000.000,2024-07-03 03:16:33.148
ETH,SELL,0.0200,541000.000,2024-07-03 03:16:33.148
ETH,SELL,0.5000,541000.000,2024-07-03 03:16:33.148
ETH,SELL,0.0500,540800.000,2024-07-03 03:16:33.319
ETH,SELL,0.0100,540735.000,2024-07-03 03:16:33.869
ETH,SELL,0.0257,540053.000,2024-07-03 03:16:33.869
ETH,SELL,0.7000,540053.000,2024-07-03 03:16:33.873
ETH,SELL,0.1278,540053.000,2024-07-03 03:16:34.241
ETH,SELL,0.0100,540053.000,2024-07-03 03:16:34.675
ETH,SELL,0.0300,540053.000,2024-07-03 03:16:34.677
ETH,SELL,0.3200,540053.000,2024-07-03 03:16:35.116
ETH,SELL,0.0100,540053.000,2024-07-03 03:16:35.118
ETH,SELL,0.4600,540053.000,2024-07-03 03:16:35.120
ETH,SELL,0.0100,540053.000,2024-07-03 03:16:35.173
ETH,BUY,0.0100,540125.000,2024-07-03 03:16:35.458
ETH,BUY,0.1600,540066.000,2024-07-03 03:16:37.901
ETH,BUY,0.0100,540066.000,2024-07-03 03:16:38.029
ETH,BUY,0.0700,540066.000,2024-07-03 03:16:38.040
ETH,BUY,0.0300,540066.000,2024-07-03 03:16:38.176
ETH,BUY,0.4000,540066.000,2024-07-03 03:16:38.478
ETH,BUY,1.0235,540066.000,2024-07-03 03:16:38.553
ETH,BUY,0.3065,540066.000,2024-07-03 03:16:38.553
ETH,BUY,0.0100,540066.000,2024-07-03 03:16:38.681
ETH,BUY,1.0000,540212.000,2024-07-03 03:16:39.381
ETH,BUY,0.1958,540212.000,2024-07-03 03:16:39.680
ETH,BUY,0.4000,540271.000,2024-07-03 03:16:40.606
ETH,BUY,0.1000,540271.000,2024-07-03 03:16:41.051
ETH,BUY,0.1400,540357.000,2024-07-03 03:16:41.408
ETH,BUY,0.0600,540386.000,2024-07-03 03:16:41.408
ETH,BUY,0.0100,540338.000,2024-07-03 03:16:50.482
ETH,BUY,0.0484,540338.000,2024-07-03 03:16:50.574
ETH,BUY,0.0100,540386.000,2024-07-03 03:16:53.922
ETH,BUY,0.0100,540386.000,2024-07-03 03:16:54.059
ETH,BUY,0.4000,540386.000,2024-07-03 03:16:54.166
ETH,BUY,0.0792,540386.000,2024-07-03 03:16:54.432
ETH,BUY,0.0800,540386.000,2024-07-03 03:16:54.501
ETH,BUY,0.0100,540386.000,2024-07-03 03:16:54.633
ETH,BUY,0.1000,540618.000,2024-07-03 03:16:55.378
ETH,BUY,0.0100,540676.000,2024-07-03 03:16:59.940
ETH,BUY,0.4000,540761.000,2024-07-03 03:17:06.826
ETH,BUY,0.2577,540761.000,2024-07-03 03:17:06.972
ETH,BUY,0.1000,540820.000,2024-07-03 03:17:12.596
ETH,BUY,0.1462,540820.000,2024-07-03 03:17:12.827
ETH,BUY,0.7538,540820.000,2024-07-03 03:17:12.869
ETH,BUY,0.1462,541082.000,2024-07-03 03:17:13.468
ETH,BUY,0.3900,541119.000,2024-07-03 03:17:17.890
ETH,BUY,0.0100,541227.000,2024-07-03 03:17:17.890
ETH,BUY,0.0100,541227.000,2024-07-03 03:17:18.575
ETH,BUY,0.1000,541118.000,2024-07-03 03:17:19.917
ETH,BUY,0.1000,541285.000,2024-07-03 03:17:20.184
ETH,BUY,0.4000,541314.000,2024-07-03 03:17:29.480
ETH,BUY,0.1000,541546.000,2024-07-03 03:17:31.606
ETH,BUY,0.4000,541749.000,2024-07-03 03:17:35.755
ETH,BUY,0.0200,541749.000,2024-07-03 03:17:35.938
ETH,BUY,0.0700,541807.000,2024-07-03 03:17:42.604
ETH,BUY,0.0400,541923.000,2024-07-03 03:17:46.135
ETH,BUY,0.0869,542001.000,2024-07-03 03:17:47.591
ETH,BUY,0.2731,542010.000,2024-07-03 03:17:47.591
ETH,BUY,0.1000,542242.000,2024-07-03 03:17:48.307
ETH,BUY,0.0200,542329.000,2024-07-03 03:17:58.555
ETH,BUY,0.7800,542358.000,2024-07-03 03:18:03.482
ETH,BUY,0.0200,542416.000,2024-07-03 03:18:06.123
ETH,BUY,0.0200,542474.000,2024-07-03 03:18:16.083
ETH,BUY,0.2100,542474.000,2024-07-03 03:18:40.686
ETH,BUY,0.1000,542648.000,2024-07-03 03:18:56.145
ETH,BUY,0.1000,542585.000,2024-07-03 03:19:10.132
ETH,BUY,0.1600,542636.000,2024-07-03 03:19:10.132
ETH,BUY,0.0100,542641.000,2024-07-03 03:19:10.670
ETH,BUY,2.0000,542677.000,2024-07-03 03:19:11.947
ETH,BUY,0.5000,541853.000,2024-07-03 03:19:15.178
ETH,BUY,0.1000,541853.000,2024-07-03 03:19:15.384
ETH,BUY,0.4000,541853.000,2024-07-03 03:19:15.606
ETH,BUY,0.0500,542329.000,2024-07-03 03:19:16.015
ETH,BUY,0.2000,542329.000,2024-07-03 03:19:16.247
ETH,BUY,0.0790,542030.000,2024-07-03 03:19:23.092
ETH,SELL,0.3000,542057.000,2024-07-03 03:19:33.020
ETH,BUY,0.0600,542329.000,2024-07-03 03:19:34.096
ETH,BUY,0.4000,542329.000,2024-07-03 03:19:34.357
ETH,BUY,0.4000,542329.000,2024-07-03 03:19:34.526
ETH,BUY,0.0200,542561.000,2024-07-03 03:19:35.192
ETH,BUY,0.1000,542561.000,2024-07-03 03:19:35.411
ETH,BUY,0.2200,542648.000,2024-07-03 03:19:35.903
ETH,BUY,0.0100,542764.000,2024-07-03 03:19:50.615
ETH,BUY,1.2000,542793.000,2024-07-03 03:19:51.918
ETH,BUY,0.0100,542822.000,2024-07-03 03:19:59.134
ETH,SELL,0.0393,542475.000,2024-07-03 03:20:15.755
ETH,BUY,0.0280,542473.000,2024-07-03 03:20:29.696
ETH,SELL,0.0310,541882.000,2024-07-03 03:20:54.201
ETH,BUY,3.0000,542155.000,2024-07-03 03:21:39.990
ETH,BUY,0.0600,542213.000,2024-07-03 03:21:54.119
ETH,BUY,0.1000,542242.000,2024-07-03 03:21:55.553
ETH,BUY,0.0100,542213.000,2024-07-03 03:21:56.326
ETH,BUY,0.0500,542242.000,2024-07-03 03:22:15.282
ETH,BUY,0.0700,542242.000,2024-07-03 03:22:15.344
ETH,BUY,0.0200,542242.000,2024-07-03 03:22:15.346
ETH,BUY,0.1000,542242.000,2024-07-03 03:22:15.694
ETH,BUY,0.0400,542502.000,2024-07-03 03:22:16.097
ETH,BUY,0.4000,542502.000,2024-07-03 03:22:16.363
ETH,BUY,0.2000,542523.000,2024-07-03 03:22:16.695
ETH,BUY,0.0184,542648.000,2024-07-03 03:22:17.633
ETH,BUY,0.1000,542706.000,2024-07-03 03:22:22.632
ETH,BUY,0.6000,542289.000,2024-07-03 03:22:26.049
ETH,BUY,0.1000,542289.000,2024-07-03 03:22:26.642
ETH,BUY,0.1000,542289.000,2024-07-03 03:22:26.918
ETH,BUY,0.0184,542289.000,2024-07-03 03:22:27.436
ETH,BUY,0.1748,542289.000,2024-07-03 03:22:27.835
ETH,BUY,0.1000,542706.000,2024-07-03 03:22:28.686
ETH,BUY,0.1000,542365.000,2024-07-03 03:22:47.411
ETH,BUY,0.0184,542365.000,2024-07-03 03:22:47.564
ETH,BUY,0.2000,542365.000,2024-07-03 03:22:47.614
ETH,BUY,0.1000,542365.000,2024-07-03 03:22:48.305
ETH,BUY,0.0893,542365.000,2024-07-03 03:22:48.367
ETH,BUY,0.4923,542365.000,2024-07-03 03:22:48.606
ETH,BUY,0.2077,542880.000,2024-07-03 03:22:48.606
ETH,BUY,0.1000,542368.000,2024-07-03 03:22:49.254
ETH,BUY,0.1000,542368.000,2024-07-03 03:22:50.831
ETH,BUY,0.0500,542429.000,2024-07-03 03:22:52.023
ETH,BUY,0.8500,542429.000,2024-07-03 03:22:52.122
ETH,BUY,0.1000,542429.000,2024-07-03 03:22:52.782
ETH,BUY,0.2000,542880.000,2024-07-03 03:22:52.782
ETH,BUY,0.5527,542880.000,2024-07-03 03:22:52.841
ETH,BUY,0.0900,542967.000,2024-07-03 03:22:54.743
ETH,BUY,0.0100,543107.000,2024-07-03 03:22:54.743
ETH,BUY,1.0000,542444.000,2024-07-03 03:23:00.077
ETH,BUY,0.0900,543152.000,2024-07-03 03:23:00.077
ETH,BUY,0.5765,543153.000,2024-07-03 03:23:00.077
ETH,BUY,1.4500,543154.000,2024-07-03 03:23:00.077
ETH,BUY,2.8835,543199.000,2024-07-03 03:23:00.077
ETH,BUY,0.0184,542473.000,2024-07-03 03:23:07.546
ETH,BUY,0.0900,542793.000,2024-07-03 03:23:21.227
ETH,BUY,0.1500,542909.000,2024-07-03 03:23:26.526
ETH,BUY,0.0320,543054.000,2024-07-03 03:23:53.687
ETH,BUY,0.0153,543112.000,2024-07-03 03:24:13.188
ETH,BUY,0.0600,543257.000,2024-07-03 03:24:32.464
ETH,BUY,0.0204,543266.000,2024-07-03 03:25:32.208
ETH,BUY,0.0100,543286.000,2024-07-03 03:26:18.089
ETH,BUY,0.0100,543315.000,2024-07-03 03:27:07.468
ETH,BUY,0.2000,543335.000,2024-07-03 03:27:07.468
ETH,BUY,0.2900,543338.000,2024-07-03 03:27:07.468
ETH,BUY,0.0192,543336.000,2024-07-03 03:27:13.778
ETH,BUY,0.0876,543337.000,2024-07-03 03:27:20.696
ETH,BUY,0.0448,543337.000,2024-07-03 03:27:26.203
ETH,BUY,0.0363,543401.000,2024-07-03 03:27:42.203
ETH,BUY,0.0329,543375.000,2024-07-03 03:28:19.197
ETH,BUY,0.4000,543261.000,2024-07-03 03:28:43.088
ETH,SELL,0.0300,543220.000,2024-07-03 03:29:23.541
ETH,SELL,0.1000,543000.000,2024-07-03 03:30:26.778
ETH,SELL,0.2000,542905.000,2024-07-03 03:30:28.907
ETH,SELL,0.3898,542900.000,2024-07-03 03:30:29.767
ETH,BUY,0.0500,542929.000,2024-07-03 03:30:53.451
ETH,BUY,0.1000,542938.000,2024-07-03 03:32:02.091
ETH,BUY,0.0100,543083.000,2024-07-03 03:32:20.438
ETH,BUY,0.0100,543344.000,2024-07-03 03:32:32.349
ETH,BUY,0.4000,543460.000,2024-07-03 03:32:56.484
ETH,BUY,0.2000,543460.000,2024-07-03 03:32:56.619
ETH,BUY,0.0493,543460.000,2024-07-03 03:32:56.899
ETH,BUY,0.1800,543518.000,2024-07-03 03:32:57.389
ETH,BUY,0.1000,543518.000,2024-07-03 03:32:57.996
ETH,BUY,0.0700,543605.000,2024-07-03 03:34:44.325
ETH,BUY,0.0100,543692.000,2024-07-03 03:35:03.720
ETH,SELL,0.0177,543575.000,2024-07-03 03:35:21.685
ETH,BUY,0.0500,543605.000,2024-07-03 03:35:38.236
ETH,SELL,0.0331,543550.000,2024-07-03 03:36:27.180
ETH,BUY,0.0600,543576.000,2024-07-03 03:36:30.367
ETH,BUY,0.1000,543605.000,2024-07-03 03:36:37.800
ETH,BUY,0.0500,543634.000,2024-07-03 03:36:46.936
ETH,BUY,0.1000,543663.000,2024-07-03 03:38:44.337
ETH,BUY,0.0100,543721.000,2024-07-03 03:39:24.131
ETH,BUY,0.2000,543835.000,2024-07-03 03:39:58.091
ETH,BUY,0.2000,543837.000,2024-07-03 03:39:58.091
ETH,BUY,0.1000,543837.000,2024-07-03 03:39:58.123
ETH,BUY,0.0294,543982.000,2024-07-03 03:40:04.254
ETH,BUY,0.3000,544040.000,2024-07-03 03:40:48.398
ETH,BUY,0.5771,544069.000,2024-07-03 03:40:56.384
ETH,BUY,0.0200,544098.000,2024-07-03 03:41:02.324
ETH,BUY,0.0100,544127.000,2024-07-03 03:41:14.098
ETH,BUY,0.0312,544156.000,2024-07-03 03:41:17.254
ETH,BUY,0.0100,544243.000,2024-07-03 03:41:29.629
ETH,BUY,0.0408,544272.000,2024-07-03 03:41:55.678
ETH,BUY,0.0407,544301.000,2024-07-03 03:42:07.178
ETH,BUY,0.0300,544330.000,2024-07-03 03:42:57.456
ETH,BUY,0.0100,544359.000,2024-07-03 03:43:07.250
ETH,BUY,0.0313,544388.000,2024-07-03 03:43:12.721
ETH,BUY,0.3900,544417.000,2024-07-03 03:43:18.093
ETH,BUY,0.1900,544417.000,2024-07-03 03:44:13.481
ETH,SELL,0.0100,543925.000,2024-07-03 03:44:42.002
ETH,BUY,1.0000,543946.000,2024-07-03 03:46:30.935
ETH,BUY,0.3111,543948.000,2024-07-03 03:46:30.935
ETH,BUY,1.7029,543953.000,2024-07-03 03:46:30.935
ETH,BUY,0.1000,543974.000,2024-07-03 03:46:39.202
ETH,BUY,0.1000,543976.000,2024-07-03 03:47:32.829
ETH,SELL,0.0500,543801.000,2024-07-03 03:47:58.943
ETH,SELL,0.0200,543721.000,2024-07-03 03:47:58.943
ETH,SELL,0.1300,543715.000,2024-07-03 03:47:58.943
ETH,BUY,0.0500,543750.000,2024-07-03 03:48:03.765
ETH,SELL,0.2000,543711.000,2024-07-03 03:48:26.053
ETH,BUY,0.7379,543717.000,2024-07-03 03:48:34.422
ETH,BUY,0.2621,543750.000,2024-07-03 03:48:34.422
ETH,SELL,0.2000,543711.000,2024-07-03 03:48:40.934
ETH,SELL,0.0183,543711.000,2024-07-03 03:49:00.270
ETH,SELL,0.2000,543711.000,2024-07-03 03:49:04.372
ETH,SELL,0.3800,543711.000,2024-07-03 03:49:16.980
ETH,SELL,0.0017,543711.000,2024-07-03 03:49:17.334
ETH,BUY,0.0100,543720.000,2024-07-03 03:49:36.842
ETH,BUY,0.1000,543808.000,2024-07-03 03:51:59.716
ETH,SELL,0.0100,543970.000,2024-07-03 03:54:46.944
ETH,BUY,0.0500,543982.000,2024-07-03 03:54:57.787
ETH,BUY,0.0100,544011.000,2024-07-03 03:56:45.111
ETH,BUY,0.0300,544069.000,2024-07-03 03:57:55.390
ETH,BUY,0.0200,544090.000,2024-07-03 03:59:08.280
ETH,SELL,0.0200,543936.000,2024-07-03 03:59:10.284
ETH,BUY,0.0100,543953.000,2024-07-03 03:59:42.948
ETH,BUY,0.0100,543982.000,2024-07-03 04:00:07.571
ETH,BUY,0.1000,543894.000,2024-07-03 04:01:56.596
ETH,BUY,0.2000,543915.000,2024-07-03 04:01:56.596
ETH,BUY,0.5000,543920.000,2024-07-03 04:01:56.596
ETH,BUY,0.2000,543998.000,2024-07-03 04:01:56.596
ETH,SELL,0.2000,542991.000,2024-07-03 04:02:37.516
ETH,SELL,0.0100,542865.000,2024-07-03 04:02:57.522
ETH,SELL,0.0150,542797.000,2024-07-03 04:02:57.522
ETH,SELL,0.0500,542695.000,2024-07-03 04:02:57.522
ETH,SELL,0.1250,542693.000,2024-07-03 04:02:57.522
ETH,SELL,0.0200,542700.000,2024-07-03 04:04:00.000
ETH,BUY,0.4000,542706.000,2024-07-03 04:04:52.103
ETH,BUY,1.0129,542735.000,2024-07-03 04:06:22.972
ETH,BUY,0.0303,542851.000,2024-07-03 04:06:47.262
ETH,BUY,1.6500,542880.000,2024-07-03 04:06:51.375
ETH,BUY,0.0404,542909.000,2024-07-03 04:07:01.683
ETH,BUY,0.0371,542938.000,2024-07-03 04:07:10.180
ETH,BUY,1.6500,542967.000,2024-07-03 04:07:25.509
ETH,BUY,0.0439,543054.000,2024-07-03 04:07:36.685
ETH,BUY,0.0280,543141.000,2024-07-03 04:07:42.177
ETH,BUY,0.2000,543228.000,2024-07-03 04:07:55.368
ETH,BUY,0.0372,543228.000,2024-07-03 04:07:59.693
ETH,BUY,0.0367,543257.000,2024-07-03 04:09:00.695
ETH,BUY,0.0348,543344.000,2024-07-03 04:09:07.685
ETH,SELL,0.1000,543372.000,2024-07-03 04:12:09.786
ETH,BUY,0.0500,543402.000,2024-07-03 04:13:40.862
ETH,BUY,0.1000,543484.000,2024-07-03 04:14:40.293
ETH,BUY,0.0150,543467.000,2024-07-03 04:15:15.189
ETH,BUY,0.0100,543373.000,2024-07-03 04:15:37.648
ETH,SELL,0.2000,543372.000,2024-07-03 04:15:41.727
ETH,BUY,0.3000,543370.000,2024-07-03 04:15:42.104
ETH,BUY,0.0400,542895.000,2024-07-03 04:15:54.247
ETH,BUY,0.0200,543025.000,2024-07-03 04:16:03.043
ETH,BUY,0.0900,542879.000,2024-07-03 04:16:16.548
ETH,BUY,0.1500,542909.000,2024-07-03 04:16:27.533
ETH,BUY,0.0400,542967.000,2024-07-03 04:16:29.340
ETH,BUY,0.0400,543083.000,2024-07-03 04:16:31.103
ETH,BUY,0.0300,543112.000,2024-07-03 04:16:32.557
ETH,BUY,0.0333,543198.000,2024-07-03 04:17:35.784
ETH,BUY,0.0327,542921.000,2024-07-03 04:19:12.752
ETH,BUY,0.0100,542922.000,2024-07-03 04:19:14.605
ETH,BUY,0.0329,542879.000,2024-07-03 04:19:28.681
ETH,BUY,0.0723,542912.000,2024-07-03 04:20:01.188
ETH,BUY,0.0611,542967.000,2024-07-03 04:20:06.683
ETH,BUY,0.0380,543083.000,2024-07-03 04:20:13.691
ETH,BUY,0.1208,543112.000,2024-07-03 04:20:19.189
ETH,BUY,0.0304,543194.000,2024-07-03 04:20:29.177
ETH,BUY,0.0441,543228.000,2024-07-03 04:20:34.697
ETH,BUY,0.5000,542816.000,2024-07-03 04:20:42.800
ETH,BUY,0.5000,542816.000,2024-07-03 04:20:43.366
ETH,BUY,0.2000,543344.000,2024-07-03 04:20:45.399
ETH,BUY,0.1000,542892.000,2024-07-03 04:20:50.990
ETH,BUY,0.9000,542892.000,2024-07-03 04:20:51.320
ETH,BUY,0.9996,543431.000,2024-07-03 04:20:51.966
ETH,BUY,0.0356,543460.000,2024-07-03 04:21:16.199
ETH,BUY,0.0286,543663.000,2024-07-03 04:21:35.190
ETH,BUY,0.0380,543692.000,2024-07-03 04:21:42.188
ETH,BUY,0.0970,543570.000,2024-07-03 04:22:38.684
ETH,BUY,0.0917,543589.000,2024-07-03 04:22:40.340
ETH,BUY,0.0083,543590.000,2024-07-03 04:22:40.340
ETH,SELL,0.1800,543495.000,2024-07-03 04:22:43.768
ETH,BUY,0.1718,543493.000,2024-07-03 04:22:44.200
ETH,BUY,0.0737,543326.000,2024-07-03 04:22:52.681
ETH,BUY,0.0500,543431.000,2024-07-03 04:23:20.089
ETH,BUY,0.1228,543518.000,2024-07-03 04:23:55.204
ETH,BUY,0.0913,543576.000,2024-07-03 04:24:00.703
ETH,BUY,0.0957,543657.000,2024-07-03 04:24:07.690
ETH,BUY,0.2216,543660.000,2024-07-03 04:24:13.177
ETH,BUY,0.3500,543607.000,2024-07-03 04:24:21.567
ETH,BUY,0.0300,543607.000,2024-07-03 04:24:24.518
ETH,BUY,0.8386,543607.000,2024-07-03 04:24:28.159
ETH,BUY,0.0900,543660.000,2024-07-03 04:24:28.159
ETH,BUY,0.0714,543663.000,2024-07-03 04:24:28.159
ETH,BUY,0.0874,543705.000,2024-07-03 04:25:33.687
ETH,BUY,0.0500,543750.000,2024-07-03 04:25:35.300
ETH,BUY,0.1315,543779.000,2024-07-03 04:25:39.177
ETH,BUY,0.1000,543654.000,2024-07-03 04:25:55.429
ETH,BUY,0.0100,543779.000,2024-07-03 04:26:21.493
ETH,BUY,0.0100,543808.000,2024-07-03 04:26:23.097
ETH,BUY,0.2500,543837.000,2024-07-03 04:26:35.307
ETH,BUY,0.0100,543866.000,2024-07-03 04:26:42.418
ETH,BUY,0.4900,543895.000,2024-07-03 04:26:42.418
ETH,BUY,0.0903,543924.000,2024-07-03 04:27:02.685
ETH,BUY,0.0501,543982.000,2024-07-03 04:27:36.683
ETH,BUY,0.0838,544010.000,2024-07-03 04:27:42.184
ETH,BUY,0.0501,544010.000,2024-07-03 04:27:55.174
ETH,BUY,0.0661,544010.000,2024-07-03 04:28:00.710
ETH,BUY,0.0832,544011.000,2024-07-03 04:28:00.710
ETH,BUY,0.0475,544040.000,2024-07-03 04:28:48.179
ETH,BUY,0.0341,544127.000,2024-07-03 04:29:37.183
ETH,BUY,0.0347,544156.000,2024-07-03 04:29:56.181
ETH,BUY,0.0310,544185.000,2024-07-03 04:30:15.176
ETH,BUY,0.0307,544035.000,2024-07-03 04:31:35.686
ETH,BUY,0.0180,544036.000,2024-07-03 04:31:43.737
ETH,BUY,0.1000,543602.000,2024-07-03 04:32:28.043
ETH,BUY,0.1000,543663.000,2024-07-03 04:32:30.066
ETH,BUY,0.1000,543612.000,2024-07-03 04:32:38.164
ETH,BUY,0.1000,543642.000,2024-07-03 04:32:40.432
ETH,BUY,0.1000,543601.000,2024-07-03 04:32:43.194
ETH,BUY,0.0180,543750.000,2024-07-03 04:33:08.291
ETH,BUY,0.1600,543895.000,2024-07-03 04:34:00.301
ETH,BUY,0.0310,543982.000,2024-07-03 04:34:06.707
ETH,SELL,0.0100,543680.000,2024-07-03 04:35:18.754
ETH,BUY,0.0100,543721.000,2024-07-03 04:35:23.942
ETH,BUY,3.0160,543750.000,2024-07-03 04:37:41.227
ETH,SELL,1.4800,543731.000,2024-07-03 04:45:51.887
ETH,SELL,1.6500,543731.000,2024-07-03 04:45:51.887
ETH,SELL,0.1900,543730.000,2024-07-03 04:45:51.887
ETH,SELL,1.0000,543631.000,2024-07-03 04:45:51.887
ETH,SELL,1.0031,543630.000,2024-07-03 04:45:51.887
ETH,SELL,0.0100,543500.000,2024-07-03 04:45:51.887
ETH,SELL,0.1000,543201.000,2024-07-03 04:45:51.887
ETH,SELL,0.0100,543200.000,2024-07-03 04:45:51.887
ETH,SELL,0.1650,543159.000,2024-07-03 04:45:51.887
ETH,SELL,0.3000,543142.000,2024-07-03 04:45:51.887
ETH,SELL,0.0919,543034.000,2024-07-03 04:45:51.887
ETH,BUY,0.0380,543344.000,2024-07-03 04:46:58.761
ETH,BUY,0.0600,543431.000,2024-07-03 04:47:43.087
ETH,BUY,0.0100,543547.000,2024-07-03 04:47:49.786
ETH,BUY,0.0100,543576.000,2024-07-03 04:47:54.883
ETH,SELL,0.0100,543517.000,2024-07-03 04:47:58.772
ETH,BUY,0.0200,543110.000,2024-07-03 04:49:36.816
ETH,SELL,1.0000,543091.000,2024-07-03 04:51:00.374
ETH,SELL,0.2000,543090.000,2024-07-03 04:51:00.374
ETH,SELL,0.2000,543066.000,2024-07-03 04:51:00.374
ETH,SELL,0.0350,543004.000,2024-07-03 04:51:00.374
ETH,SELL,0.0100,543000.000,2024-07-03 04:51:00.374
ETH,SELL,0.0100,543000.000,2024-07-03 04:51:00.374
ETH,SELL,0.0100,543000.000,2024-07-03 04:51:00.374
ETH,SELL,0.1000,542901.000,2024-07-03 04:51:00.374
ETH,SELL,0.0100,542900.000,2024-07-03 04:51:00.374
ETH,SELL,0.2383,542867.000,2024-07-03 04:51:00.374
ETH,SELL,0.5526,542853.000,2024-07-03 04:51:00.374
ETH,SELL,1.0000,542759.000,2024-07-03 04:51:00.374
ETH,SELL,0.5887,542646.000,2024-07-03 04:51:00.374
ETH,SELL,0.5851,542645.000,2024-07-03 04:51:00.374
ETH,SELL,0.2000,542500.000,2024-07-03 04:51:00.374
ETH,SELL,0.0100,542500.000,2024-07-03 04:51:00.374
ETH,SELL,0.0100,542500.000,2024-07-03 04:51:00.374
ETH,SELL,0.1000,542276.000,2024-07-03 04:51:00.374
ETH,SELL,0.0280,542246.000,2024-07-03 04:51:00.374
ETH,SELL,0.0800,542156.000,2024-07-03 04:51:00.374
ETH,SELL,1.4923,542012.000,2024-07-03 04:51:00.374
ETH,SELL,0.0100,543097.000,2024-07-03 04:51:10.778
ETH,SELL,0.1000,542996.000,2024-07-03 04:51:10.778
ETH,SELL,0.5525,542891.000,2024-07-03 04:51:10.778
ETH,SELL,0.1000,542876.000,2024-07-03 04:51:10.778
ETH,SELL,0.2000,542735.000,2024-07-03 04:51:10.778
ETH,SELL,1.0000,542731.000,2024-07-03 04:51:10.778
ETH,SELL,1.0000,542730.000,2024-07-03 04:51:10.778
ETH,SELL,0.5892,542239.000,2024-07-03 04:51:10.778
ETH,SELL,0.2383,542238.000,2024-07-03 04:51:10.778
ETH,SELL,1.0000,542010.000,2024-07-03 04:51:10.778
ETH,SELL,0.3077,542001.000,2024-07-03 04:51:10.778
ETH,SELL,0.9023,542000.000,2024-07-03 04:51:10.778
ETH,BUY,1.0000,543217.000,2024-07-03 04:51:18.303
ETH,BUY,1.8000,543343.000,2024-07-03 04:51:18.303
ETH,BUY,3.2000,543344.000,2024-07-03 04:51:18.303
ETH,BUY,0.2000,543431.000,2024-07-03 04:51:24.929
ETH,SELL,0.0200,543107.000,2024-07-03 04:51:33.802
ETH,SELL,1.0000,543106.000,2024-07-03 04:51:33.802
ETH,SELL,0.4000,543104.000,2024-07-03 04:51:33.802
ETH,SELL,0.1000,543069.000,2024-07-03 04:51:33.802
ETH,SELL,0.2275,542916.000,2024-07-03 04:51:33.802
ETH,SELL,1.0000,542869.000,2024-07-03 04:51:33.802
ETH,SELL,1.8000,542251.000,2024-07-03 04:51:33.802
ETH,SELL,0.2000,542250.000,2024-07-03 04:51:33.802
ETH,SELL,0.5903,542246.000,2024-07-03 04:51:33.802
ETH,SELL,0.2382,542243.000,2024-07-03 04:51:33.802
ETH,SELL,0.4240,542126.000,2024-07-03 04:51:33.802
ETH,BUY,0.2000,542908.000,2024-07-03 04:51:37.263
ETH,SELL,1.0000,542914.000,2024-07-03 04:51:40.604
ETH,SELL,1.0000,542913.000,2024-07-03 04:51:40.604
ETH,SELL,0.0900,542907.000,2024-07-03 04:51:40.604
ETH,SELL,0.3465,542844.000,2024-07-03 04:51:40.604
ETH,SELL,0.5896,542156.000,2024-07-03 04:51:40.604
ETH,SELL,2.9739,542155.000,2024-07-03 04:51:40.604
ETH,BUY,0.0184,543007.000,2024-07-03 04:51:47.421
ETH,BUY,0.0541,543019.000,2024-07-03 04:51:50.678
ETH,BUY,0.1500,543230.000,2024-07-03 04:53:09.436
ETH,BUY,0.0100,543245.000,2024-07-03 04:53:16.550
ETH,BUY,0.1000,543399.000,2024-07-03 04:55:53.249
ETH,BUY,0.2200,543490.000,2024-07-03 04:55:53.249
ETH,BUY,0.4000,543490.000,2024-07-03 04:55:53.284
ETH,BUY,0.3900,543399.000,2024-07-03 04:55:53.475
ETH,BUY,0.1995,543490.000,2024-07-03 04:55:53.945
ETH,SELL,0.1500,543244.000,2024-07-03 04:55:54.148
ETH,BUY,0.2000,543490.000,2024-07-03 04:55:54.628
ETH,BUY,0.0100,543490.000,2024-07-03 04:56:00.682
ETH,BUY,0.0900,543490.000,2024-07-03 04:56:13.529
ETH,BUY,0.3000,543490.000,2024-07-03 04:56:13.529
ETH,BUY,0.0287,543490.000,2024-07-03 04:56:13.641
ETH,BUY,0.2913,543502.000,2024-07-03 04:56:13.641
ETH,BUY,0.2000,543501.000,2024-07-03 04:56:14.487
ETH,BUY,0.4000,543608.000,2024-07-03 04:56:47.733
ETH,BUY,0.0800,543608.000,2024-07-03 04:56:48.099
ETH,BUY,0.2000,543614.000,2024-07-03 04:56:49.248
ETH,BUY,0.3005,543764.000,2024-07-03 04:57:06.874
ETH,BUY,0.0995,543771.000,2024-07-03 04:57:06.874
ETH,BUY,0.2000,543774.000,2024-07-03 04:57:07.629
ETH,BUY,0.0200,543814.000,2024-07-03 04:57:24.315
ETH,BUY,0.4000,543814.000,2024-07-03 04:57:24.548
ETH,BUY,0.2000,543822.000,2024-07-03 04:57:30.158
ETH,BUY,0.4000,543837.000,2024-07-03 04:57:35.294
ETH,BUY,0.6003,543866.000,2024-07-03 04:58:04.428
ETH,BUY,0.0182,543859.000,2024-07-03 04:58:09.269
ETH,SELL,0.0459,543834.000,2024-07-03 04:58:32.737
ETH,BUY,0.0370,543899.000,2024-07-03 04:58:39.612
ETH,BUY,0.0100,543845.000,2024-07-03 04:59:27.180
ETH,BUY,0.0109,543777.000,2024-07-03 05:00:27.919
ETH,BUY,0.4000,543897.000,2024-07-03 05:01:16.175
ETH,BUY,0.0400,543950.000,2024-07-03 05:01:44.569
ETH,BUY,0.0600,543953.000,2024-07-03 05:01:44.569
ETH,BUY,0.2000,544006.000,2024-07-03 05:01:45.885
ETH,BUY,0.1800,543794.000,2024-07-03 05:01:56.045
ETH,BUY,0.0300,543837.000,2024-07-03 05:02:50.100
ETH,BUY,0.1500,543837.000,2024-07-03 05:02:55.519
ETH,BUY,0.0100,543830.000,2024-07-03 05:04:24.104
ETH,BUY,0.0500,543830.000,2024-07-03 05:04:24.894
ETH,BUY,0.5000,543812.000,2024-07-03 05:05:03.553
ETH,BUY,0.0118,543812.000,2024-07-03 05:05:23.250
ETH,BUY,0.1000,543833.000,2024-07-03 05:05:48.808
ETH,BUY,0.5714,543833.000,2024-07-03 05:05:48.808
ETH,BUY,0.5118,543833.000,2024-07-03 05:05:48.808
ETH,BUY,0.1000,543833.000,2024-07-03 05:05:48.808
ETH,BUY,0.4391,543837.000,2024-07-03 05:06:24.462
ETH,BUY,0.2000,543923.000,2024-07-03 05:06:49.248
ETH,BUY,1.0000,544097.000,2024-07-03 05:07:52.266
ETH,BUY,0.2814,544098.000,2024-07-03 05:07:52.266
ETH,BUY,0.0250,544164.000,2024-07-03 05:07:58.436
ETH,BUY,0.0895,544198.000,2024-07-03 05:08:03.226
ETH,BUY,0.2000,544350.000,2024-07-03 05:08:33.664
ETH,BUY,0.0400,544350.000,2024-07-03 05:08:49.683
ETH,BUY,0.1600,544350.000,2024-07-03 05:09:29.980
ETH,BUY,0.0100,544468.000,2024-07-03 05:09:55.483
ETH,BUY,0.0676,544468.000,2024-07-03 05:09:55.483
ETH,BUY,0.6480,544678.000,2024-07-03 05:09:55.483
ETH,BUY,0.0100,544678.000,2024-07-03 05:09:55.671
ETH,BUY,0.2323,544707.000,2024-07-03 05:09:58.127
ETH,SELL,0.4550,544678.000,2024-07-03 05:09:59.188
ETH,SELL,0.4550,544679.000,2024-07-03 05:10:00.217
ETH,SELL,0.0800,544773.000,2024-07-03 05:10:11.474
ETH,BUY,0.0750,544823.000,2024-07-03 05:11:38.885
ETH,BUY,0.0100,544881.000,2024-07-03 05:11:50.891
ETH,BUY,0.1000,544908.000,2024-07-03 05:11:58.832
ETH,BUY,0.0300,544967.000,2024-07-03 05:11:58.832
ETH,BUY,0.2000,544897.000,2024-07-03 05:12:21.978
ETH,BUY,0.3345,544897.000,2024-07-03 05:12:26.401
ETH,BUY,0.0155,544898.000,2024-07-03 05:12:26.401
ETH,SELL,0.2000,544796.000,2024-07-03 05:12:57.839
ETH,BUY,0.0500,544881.000,2024-07-03 05:14:43.761
ETH,BUY,0.1375,544923.000,2024-07-03 05:15:45.309
ETH,BUY,0.0100,544938.000,2024-07-03 05:16:09.674
ETH,SELL,0.3200,544795.000,2024-07-03 05:16:56.642
ETH,BUY,0.0900,544506.000,2024-07-03 05:17:04.798
ETH,BUY,0.1300,544507.000,2024-07-03 05:17:04.798
ETH,SELL,0.0100,544160.000,2024-07-03 05:17:22.149
ETH,BUY,0.6700,544533.000,2024-07-03 05:19:54.394
ETH,SELL,0.3000,544236.000,2024-07-03 05:21:11.847
ETH,BUY,0.0183,544301.000,2024-07-03 05:21:55.509
ETH,BUY,0.0100,544678.000,2024-07-03 05:23:06.999
ETH,BUY,1.5300,544680.000,2024-07-03 05:23:48.044
ETH,BUY,0.7343,544685.000,2024-07-03 05:23:48.044
ETH,BUY,0.2000,544705.000,2024-07-03 05:24:16.250
ETH,BUY,0.7500,544707.000,2024-07-03 05:24:16.250
ETH,BUY,0.2484,544720.000,2024-07-03 05:24:16.250
ETH,BUY,0.1373,544736.000,2024-07-03 05:24:16.250
ETH,SELL,0.2901,544736.000,2024-07-03 05:25:10.412
ETH,SELL,0.2901,544736.000,2024-07-03 05:25:10.501
ETH,SELL,0.0296,544736.000,2024-07-03 05:25:10.581
ETH,SELL,0.2901,544736.000,2024-07-03 05:25:10.627
ETH,BUY,0.0101,544759.000,2024-07-03 05:25:11.875
ETH,BUY,0.1000,544688.000,2024-07-03 05:30:57.657
ETH,BUY,0.9000,544689.000,2024-07-03 05:30:57.657
ETH,BUY,0.0100,544707.000,2024-07-03 05:37:31.706
ETH,BUY,0.1000,544601.000,2024-07-03 05:40:29.975
ETH,BUY,0.2000,544735.000,2024-07-03 05:40:29.975
ETH,BUY,1.3500,544736.000,2024-07-03 05:40:29.975
ETH,SELL,0.0550,544707.000,2024-07-03 05:40:50.958
ETH,SELL,0.0200,544600.000,2024-07-03 05:42:30.988
ETH,BUY,1.6500,544649.000,2024-07-03 05:45:58.029
ETH,BUY,0.1100,544678.000,2024-07-03 05:46:46.557
ETH,BUY,0.0900,544765.000,2024-07-03 05:47:12.190
ETH,BUY,0.1700,544765.000,2024-07-03 05:47:12.616
ETH,BUY,0.3200,544765.000,2024-07-03 05:47:13.114
ETH,BUY,0.2300,544794.000,2024-07-03 05:47:17.649
ETH,BUY,0.1600,544794.000,2024-07-03 05:47:18.106
ETH,BUY,0.2380,544799.000,2024-07-03 05:47:29.559
ETH,BUY,0.1620,544823.000,2024-07-03 05:47:29.559
ETH,BUY,0.0600,544852.000,2024-07-03 05:47:32.131
ETH,BUY,0.0200,544881.000,2024-07-03 05:47:34.276
ETH,BUY,0.4000,544910.000,2024-07-03 05:47:42.459
ETH,BUY,0.0183,544910.000,2024-07-03 05:48:29.191
ETH,BUY,0.0300,544939.000,2024-07-03 05:49:32.920
ETH,BUY,0.0600,544968.000,2024-07-03 05:49:39.997
ETH,BUY,0.0100,545020.000,2024-07-03 05:51:48.339
ETH,SELL,0.1000,544976.000,2024-07-03 05:52:42.263
ETH,BUY,0.0400,545020.000,2024-07-03 05:53:23.343
ETH,BUY,0.2000,545020.000,2024-07-03 05:53:24.869
ETH,BUY,0.0200,545020.000,2024-07-03 05:53:29.085
ETH,SELL,0.1200,545019.000,2024-07-03 05:55:41.483
ETH,SELL,0.2000,544976.000,2024-07-03 05:55:41.483
ETH,SELL,0.2000,544965.000,2024-07-03 05:55:41.483
ETH,SELL,0.0300,544961.000,2024-07-03 05:55:41.483
ETH,BUY,0.4000,545020.000,2024-07-03 05:56:08.352
ETH,BUY,0.0100,545020.000,2024-07-03 05:57:38.853
ETH,BUY,0.1800,545020.000,2024-07-03 05:57:47.041
ETH,BUY,0.0100,545020.000,2024-07-03 05:58:13.073
ETH,BUY,0.3300,545020.000,2024-07-03 05:58:25.183
ETH,BUY,0.0690,545020.000,2024-07-03 05:58:25.183
ETH,BUY,0.0450,545020.000,2024-07-03 05:58:25.183
ETH,BUY,0.4532,545258.000,2024-07-03 05:58:25.183
ETH,BUY,0.2000,545490.000,2024-07-03 05:59:00.297
ETH,BUY,0.0242,545519.000,2024-07-03 05:59:26.998
ETH,BUY,0.0300,545614.000,2024-07-03 06:00:07.879
ETH,BUY,0.0204,545653.000,2024-07-03 06:00:29.063
ETH,BUY,0.0183,545664.000,2024-07-03 06:01:41.432
ETH,SELL,0.2000,545565.000,2024-07-03 06:02:59.721
ETH,SELL,0.0650,545433.000,2024-07-03 06:02:59.721
ETH,BUY,0.0377,545519.000,2024-07-03 06:04:14.789
ETH,BUY,0.0100,545664.000,2024-07-03 06:04:25.408
ETH,BUY,0.1900,545780.000,2024-07-03 06:04:25.408
ETH,BUY,0.0100,545838.000,2024-07-03 06:04:32.188
ETH,BUY,0.0244,545950.000,2024-07-03 06:04:32.188
ETH,BUY,0.0281,545960.000,2024-07-03 06:04:37.693
ETH,BUY,0.2000,546029.000,2024-07-03 06:04:54.590
ETH,BUY,0.0344,546070.000,2024-07-03 06:05:08.680
ETH,BUY,0.0100,546099.000,2024-07-03 06:05:29.909
ETH,BUY,0.1840,546100.000,2024-07-03 06:05:42.153
ETH,BUY,1.0000,546128.000,2024-07-03 06:06:24.888
ETH,BUY,0.2000,546148.000,2024-07-03 06:06:26.157
ETH,BUY,0.0166,546105.000,2024-07-03 06:07:26.264
ETH,BUY,0.0170,546142.000,2024-07-03 06:09:17.874
ETH,BUY,0.0129,546071.000,2024-07-03 06:09:21.263
ETH,BUY,0.8788,546128.000,2024-07-03 06:09:46.221
ETH,BUY,0.2000,546186.000,2024-07-03 06:09:47.896
ETH,BUY,0.2000,546215.000,2024-07-03 06:10:18.854
ETH,BUY,0.0400,546244.000,2024-07-03 06:10:20.710
ETH,BUY,0.1000,546302.000,2024-07-03 06:10:24.949
ETH,BUY,0.0237,546331.000,2024-07-03 06:10:33.695
ETH,BUY,0.0821,546259.000,2024-07-03 06:11:30.134
ETH,BUY,0.9296,546284.000,2024-07-03 06:11:30.134
ETH,BUY,0.2883,546302.000,2024-07-03 06:12:39.153
ETH,BUY,0.0100,546302.000,2024-07-03 06:13:39.918
ETH,BUY,0.1900,546331.000,2024-07-03 06:13:39.918
ETH,BUY,1.7000,546360.000,2024-07-03 06:14:03.371
ETH,SELL,0.5000,546169.000,2024-07-03 06:20:05.879
ETH,BUY,0.2000,546186.000,2024-07-03 06:22:12.156
ETH,BUY,0.1500,546273.000,2024-07-03 06:22:58.144
ETH,BUY,0.0100,546302.000,2024-07-03 06:23:02.314
ETH,BUY,0.0100,546331.000,2024-07-03 06:23:08.162
ETH,BUY,0.2000,546278.000,2024-07-03 06:25:20.148
ETH,SELL,0.0341,546000.000,2024-07-03 06:27:34.759
ETH,BUY,0.5000,546070.000,2024-07-03 06:27:36.076
ETH,BUY,0.0500,546099.000,2024-07-03 06:27:47.496
ETH,BUY,0.1000,546186.000,2024-07-03 06:28:55.841
ETH,BUY,0.1000,546244.000,2024-07-03 06:29:02.308
ETH,SELL,0.0400,546250.000,2024-07-03 06:31:56.781
ETH,BUY,0.0300,546273.000,2024-07-03 06:32:56.068
ETH,BUY,0.0900,546300.000,2024-07-03 06:33:44.526
ETH,BUY,0.2000,546330.000,2024-07-03 06:39:09.199
ETH,BUY,0.1000,546331.000,2024-07-03 06:39:09.199
ETH,BUY,0.0600,546350.000,2024-07-03 06:39:21.961
ETH,SELL,0.0227,546023.000,2024-07-03 06:40:56.807
ETH,BUY,0.0600,546041.000,2024-07-03 06:41:01.476
ETH,BUY,0.0900,546070.000,2024-07-03 06:41:03.346
ETH,BUY,0.0700,546128.000,2024-07-03 06:41:08.272
ETH,BUY,0.2500,546186.000,2024-07-03 06:41:13.280
ETH,BUY,0.0100,546215.000,2024-07-03 06:41:18.517
ETH,BUY,0.0600,546215.000,2024-07-03 06:41:19.092
ETH,BUY,0.0706,546244.000,2024-07-03 06:41:35.561
ETH,BUY,0.1866,546273.000,2024-07-03 06:42:00.160
ETH,BUY,0.0502,546302.000,2024-07-03 06:42:20.474
ETH,BUY,0.0214,546331.000,2024-07-03 06:42:25.256
ETH,SELL,0.0100,546029.000,2024-07-03 06:42:49.412
ETH,SELL,0.1773,546023.000,2024-07-03 06:42:49.412
ETH,SELL,0.6627,546000.000,2024-07-03 06:42:49.412
ETH,SELL,0.0173,546000.000,2024-07-03 06:45:08.289
ETH,SELL,0.0178,546000.000,2024-07-03 06:45:13.704
ETH,BUY,0.3010,546012.000,2024-07-03 06:48:01.163
ETH,BUY,0.1000,546041.000,2024-07-03 06:48:35.977
ETH,BUY,0.5990,546070.000,2024-07-03 06:48:44.145
ETH,BUY,0.0100,546070.000,2024-07-03 06:48:44.384
ETH,BUY,1.0000,546093.000,2024-07-03 06:49:05.204
ETH,BUY,0.3200,546099.000,2024-07-03 06:49:05.355
ETH,BUY,0.3200,546128.000,2024-07-03 06:49:08.069
ETH,SELL,0.0324,546000.000,2024-07-03 06:50:14.676
ETH,BUY,0.0350,546004.000,2024-07-03 06:52:41.363
ETH,BUY,0.4000,546012.000,2024-07-03 06:57:08.111
ETH,BUY,0.1600,546070.000,2024-07-03 06:58:25.329
ETH,SELL,0.9989,546001.000,2024-07-03 06:58:46.085
ETH,SELL,0.1357,546000.000,2024-07-03 06:58:46.085
ETH,SELL,0.2954,546000.000,2024-07-03 06:58:46.085
ETH,BUY,0.0100,546041.000,2024-07-03 07:04:47.320
ETH,BUY,0.0100,546099.000,2024-07-03 07:04:49.265
ETH,BUY,0.0100,546100.000,2024-07-03 07:07:48.195
ETH,SELL,0.2000,546001.000,2024-07-03 07:09:39.931
ETH,SELL,0.0307,546000.000,2024-07-03 07:13:00.215
ETH,SELL,0.0258,546000.000,2024-07-03 07:15:05.258
ETH,SELL,0.0195,546000.000,2024-07-03 07:15:33.767
ETH,SELL,0.0180,546000.000,2024-07-03 07:15:35.188
ETH,SELL,0.0195,545432.000,2024-07-03 07:15:35.188
ETH,BUY,0.0164,545461.000,2024-07-03 07:15:46.632
ETH,BUY,0.0422,545519.000,2024-07-03 07:16:01.770
ETH,SELL,0.0216,545407.000,2024-07-03 07:16:12.249
ETH,BUY,0.0195,545549.000,2024-07-03 07:17:38.409
ETH,BUY,0.9805,545550.000,2024-07-03 07:17:38.409
ETH,BUY,0.0600,545554.000,2024-07-03 07:18:15.506
ETH,SELL,0.0290,545300.000,2024-07-03 07:18:50.797
ETH,SELL,0.3400,545300.000,2024-07-03 07:19:36.621
ETH,SELL,0.0010,545300.000,2024-07-03 07:22:33.306
ETH,SELL,0.0107,545000.000,2024-07-03 07:23:02.280
ETH,SELL,0.0400,545000.000,2024-07-03 07:23:07.358
ETH,SELL,0.0189,545000.000,2024-07-03 07:25:26.979
ETH,SELL,0.0304,545000.000,2024-07-03 07:25:30.237
ETH,SELL,0.0100,545000.000,2024-07-03 07:25:30.237
ETH,SELL,0.7795,545000.000,2024-07-03 07:25:30.237
ETH,SELL,0.9719,545000.000,2024-07-03 07:25:33.215
ETH,SELL,1.1198,545000.000,2024-07-03 07:25:34.724
ETH,SELL,0.1288,545000.000,2024-07-03 07:25:36.261
ETH,SELL,0.0370,545000.000,2024-07-03 07:25:36.261
ETH,SELL,0.0634,545000.000,2024-07-03 07:25:36.389
ETH,SELL,0.0100,545000.000,2024-07-03 07:25:41.986
ETH,SELL,0.7030,545000.000,2024-07-03 07:25:44.195
ETH,SELL,0.0518,545000.000,2024-07-03 07:25:59.235
ETH,SELL,0.0347,545000.000,2024-07-03 07:26:05.448
ETH,SELL,0.1000,545000.000,2024-07-03 07:26:05.838
ETH,SELL,0.0001,545000.000,2024-07-03 07:26:05.994
ETH,SELL,0.0342,544236.000,2024-07-03 07:26:05.994
ETH,SELL,1.3300,544273.000,2024-07-03 07:26:20.055
ETH,SELL,0.6700,544272.000,2024-07-03 07:26:20.055
ETH,BUY,0.0342,544329.000,2024-07-03 07:26:32.231
ETH,SELL,0.0300,544040.000,2024-07-03 07:26:43.809
ETH,BUY,0.0300,544097.000,2024-07-03 07:26:47.253
ETH,BUY,0.6800,544098.000,2024-07-03 07:26:47.253
ETH,BUY,0.0183,544127.000,2024-07-03 07:27:25.546
ETH,BUY,0.1000,544156.000,2024-07-03 07:29:19.820
ETH,SELL,0.0100,544156.000,2024-07-03 07:30:04.753
ETH,SELL,0.0016,544000.000,2024-07-03 07:30:04.753
ETH,SELL,0.0274,544000.000,2024-07-03 07:33:07.182
ETH,SELL,0.0410,544000.000,2024-07-03 07:33:11.002
ETH,SELL,0.1000,544000.000,2024-07-03 07:33:11.002
ETH,BUY,0.3200,544040.000,2024-07-03 07:34:46.347
ETH,BUY,0.4000,544040.000,2024-07-03 07:34:47.114
ETH,BUY,0.3200,544069.000,2024-07-03 07:35:10.326
ETH,BUY,0.4000,544151.000,2024-07-03 07:35:11.484
ETH,BUY,2.0000,544185.000,2024-07-03 07:36:33.244
ETH,BUY,0.0200,544243.000,2024-07-03 07:39:01.452
ETH,BUY,0.0100,544270.000,2024-07-03 07:42:57.840
ETH,BUY,0.0100,544251.000,2024-07-03 07:43:46.905
ETH,SELL,0.0100,544185.000,2024-07-03 07:44:09.773
ETH,SELL,0.0100,543610.000,2024-07-03 07:44:09.773
ETH,BUY,0.0600,543721.000,2024-07-03 07:45:13.336
ETH,BUY,0.0500,543779.000,2024-07-03 07:45:14.025
ETH,BUY,0.2600,543808.000,2024-07-03 07:45:15.252
ETH,BUY,0.3500,543895.000,2024-07-03 07:45:16.593
ETH,SELL,0.2268,543396.000,2024-07-03 07:47:39.346
ETH,SELL,0.0600,543430.000,2024-07-03 07:48:59.601
ETH,BUY,0.2000,543518.000,2024-07-03 07:50:08.360
ETH,BUY,0.0700,543576.000,2024-07-03 07:50:49.169
ETH,SELL,0.3100,543582.000,2024-07-03 07:51:46.959
ETH,SELL,1.0000,543573.000,2024-07-03 07:52:51.890
ETH,SELL,0.1400,543554.000,2024-07-03 07:52:51.890
ETH,SELL,0.1900,543546.000,2024-07-03 07:52:51.890
ETH,SELL,0.0100,543518.000,2024-07-03 07:52:51.890
ETH,SELL,0.1000,543469.000,2024-07-03 07:52:51.890
ETH,SELL,0.0180,543396.000,2024-07-03 07:52:51.890
ETH,SELL,0.1000,543086.000,2024-07-03 07:52:51.890
ETH,SELL,0.1900,543085.000,2024-07-03 07:52:51.890
ETH,SELL,0.5524,543082.000,2024-07-03 07:52:51.890
ETH,SELL,0.8996,543000.000,2024-07-03 07:52:51.890
ETH,SELL,0.1000,543343.000,2024-07-03 07:53:42.594
ETH,BUY,0.0181,543460.000,2024-07-03 07:53:45.581
ETH,BUY,0.0181,543576.000,2024-07-03 07:53:55.534
ETH,BUY,0.0181,543576.000,2024-07-03 07:54:05.529
ETH,BUY,0.0181,543576.000,2024-07-03 07:54:15.508
ETH,BUY,0.0181,543619.000,2024-07-03 07:54:35.478
ETH,BUY,0.3000,543622.000,2024-07-03 07:54:44.695
ETH,BUY,0.0181,543525.000,2024-07-03 07:55:15.528
ETH,BUY,0.0181,543451.000,2024-07-03 07:55:25.544
ETH,BUY,0.0500,543515.000,2024-07-03 07:59:41.092
ETH,SELL,0.0139,543292.000,2024-07-03 08:00:03.257
ETH,SELL,0.0861,543292.000,2024-07-03 08:02:59.500
ETH,SELL,0.0869,543006.000,2024-07-03 08:02:59.500
ETH,SELL,0.0343,543111.000,2024-07-03 08:04:11.755
ETH,SELL,0.0999,543000.000,2024-07-03 08:05:45.248
ETH,SELL,0.0100,543000.000,2024-07-03 08:06:00.677
ETH,SELL,0.3740,543000.000,2024-07-03 08:06:02.179
ETH,SELL,0.0200,543000.000,2024-07-03 08:06:36.924
ETH,SELL,1.3537,543000.000,2024-07-03 08:06:38.318
ETH,SELL,1.6522,543000.000,2024-07-03 08:06:43.864
ETH,SELL,0.5905,543000.000,2024-07-03 08:06:48.444
ETH,SELL,0.0001,543000.000,2024-07-03 08:08:07.714
ETH,SELL,0.0100,542925.000,2024-07-03 08:08:07.714
ETH,SELL,0.0465,542073.000,2024-07-03 08:08:07.714
ETH,BUY,0.0500,542212.000,2024-07-03 08:08:11.096
ETH,BUY,0.0182,542210.000,2024-07-03 08:08:15.557
ETH,BUY,0.0182,542270.000,2024-07-03 08:08:25.533
ETH,SELL,0.0100,542053.000,2024-07-03 08:08:30.118
ETH,BUY,0.0182,542068.000,2024-07-03 08:08:35.527
ETH,BUY,0.5010,542126.000,2024-07-03 08:08:43.656
ETH,BUY,0.0182,542242.000,2024-07-03 08:08:45.537
ETH,BUY,0.0183,542095.000,2024-07-03 08:09:15.568
ETH,SELL,0.0106,542094.000,2024-07-03 08:09:20.772
ETH,BUY,0.0183,542095.000,2024-07-03 08:09:25.535
ETH,BUY,0.0183,542088.000,2024-07-03 08:09:35.510
ETH,BUY,0.0100,542086.000,2024-07-03 08:09:39.464
ETH,BUY,0.0183,542097.000,2024-07-03 08:09:45.620
ETH,BUY,0.0200,542126.000,2024-07-03 08:09:49.934
ETH,SELL,0.0100,542018.000,2024-07-03 08:09:57.683
ETH,SELL,0.0068,542000.000,2024-07-03 08:09:57.683
ETH,BUY,0.4000,542068.000,2024-07-03 08:11:23.820
ETH,BUY,0.3200,542068.000,2024-07-03 08:11:24.334
ETH,BUY,0.0100,542126.000,2024-07-03 08:11:29.976
ETH,BUY,0.4000,542155.000,2024-07-03 08:12:38.982
ETH,BUY,0.3200,542242.000,2024-07-03 08:12:40.096
ETH,BUY,0.0130,542329.000,2024-07-03 08:13:33.510
ETH,SELL,1.0900,542061.000,2024-07-03 08:15:01.217
ETH,BUY,0.3200,542184.000,2024-07-03 08:15:48.140
ETH,BUY,1.0000,542184.000,2024-07-03 08:15:48.260
ETH,BUY,0.4000,542184.000,2024-07-03 08:15:48.557
ETH,BUY,0.0100,542213.000,2024-07-03 08:15:53.374
ETH,BUY,0.0182,542271.000,2024-07-03 08:16:05.496
ETH,BUY,0.4600,542329.000,2024-07-03 08:16:31.770
ETH,BUY,0.0385,542735.000,2024-07-03 08:17:52.147
ETH,BUY,0.5400,542822.000,2024-07-03 08:17:53.904
ETH,BUY,0.4531,542909.000,2024-07-03 08:18:14.082
ETH,BUY,0.1864,542938.000,2024-07-03 08:18:15.933
ETH,BUY,0.0100,542996.000,2024-07-03 08:18:56.926
ETH,BUY,0.0200,543083.000,2024-07-03 08:19:11.632
ETH,BUY,0.0150,543083.000,2024-07-03 08:19:12.195
ETH,BUY,0.4000,543112.000,2024-07-03 08:20:39.691
ETH,BUY,0.3200,543112.000,2024-07-03 08:20:39.839
ETH,BUY,0.1000,543139.000,2024-07-03 08:21:53.004
ETH,BUY,0.4000,543140.000,2024-07-03 08:21:53.004
ETH,BUY,0.0100,543169.000,2024-07-03 08:25:52.025
ETH,BUY,0.0200,543333.000,2024-07-03 08:28:10.468
ETH,BUY,0.1200,543333.000,2024-07-03 08:28:23.654
ETH,BUY,0.0400,543333.000,2024-07-03 08:29:16.028
ETH,BUY,0.3200,543333.000,2024-07-03 08:29:31.944
ETH,BUY,0.2400,543333.000,2024-07-03 08:29:32.545
ETH,BUY,0.0500,543333.000,2024-07-03 08:30:09.335
ETH,BUY,0.0400,543333.000,2024-07-03 08:30:11.242
ETH,BUY,0.2740,543333.000,2024-07-03 08:30:57.828
ETH,BUY,0.0300,543402.000,2024-07-03 08:31:19.097
ETH,BUY,0.4600,543431.000,2024-07-03 08:31:54.371
ETH,BUY,0.0100,543444.000,2024-07-03 08:32:13.422
ETH,SELL,0.7260,543400.000,2024-07-03 08:32:56.704
ETH,SELL,0.0100,543330.000,2024-07-03 08:33:39.690
ETH,SELL,0.1120,543300.000,2024-07-03 08:33:39.690
ETH,SELL,0.9247,543300.000,2024-07-03 08:33:41.705
ETH,SELL,0.0107,543300.000,2024-07-03 08:33:45.262
ETH,SELL,0.5521,543300.000,2024-07-03 08:33:47.266
ETH,SELL,0.1000,543300.000,2024-07-03 08:34:28.115
ETH,SELL,0.2000,543300.000,2024-07-03 08:34:52.268
ETH,SELL,0.1000,543300.000,2024-07-03 08:34:52.953
ETH,SELL,0.1000,543300.000,2024-07-03 08:35:06.914
ETH,SELL,1.0323,543300.000,2024-07-03 08:35:06.972
ETH,SELL,1.9998,543300.000,2024-07-03 08:35:11.674
ETH,SELL,0.9799,543300.000,2024-07-03 08:35:15.709
ETH,SELL,0.5869,543300.000,2024-07-03 08:35:19.201
ETH,SELL,0.4189,543300.000,2024-07-03 08:35:26.319
ETH,SELL,0.5976,543300.000,2024-07-03 08:35:28.456
ETH,SELL,0.2771,543300.000,2024-07-03 08:35:28.517
ETH,SELL,0.1000,543300.000,2024-07-03 08:35:28.555
ETH,SELL,0.0310,543300.000,2024-07-03 08:35:28.692
ETH,SELL,0.1000,543300.000,2024-07-03 08:35:28.762
ETH,SELL,0.1000,543300.000,2024-07-03 08:35:28.767
ETH,SELL,0.5000,543300.000,2024-07-03 08:35:29.056
ETH,SELL,1.2978,543300.000,2024-07-03 08:35:29.066
ETH,SELL,0.1000,543300.000,2024-07-03 08:35:29.133
ETH,SELL,0.2000,543300.000,2024-07-03 08:35:29.374
ETH,SELL,0.5000,543300.000,2024-07-03 08:35:29.527
ETH,SELL,0.2000,543300.000,2024-07-03 08:35:29.760
ETH,SELL,0.8000,543300.000,2024-07-03 08:35:29.938
ETH,SELL,0.0794,543300.000,2024-07-03 08:35:30.396
ETH,SELL,0.1000,543300.000,2024-07-03 08:35:30.715
ETH,SELL,0.1000,543300.000,2024-07-03 08:35:31.172
ETH,SELL,0.5000,543300.000,2024-07-03 08:35:31.391
ETH,SELL,0.1000,543300.000,2024-07-03 08:35:31.436
ETH,SELL,0.1000,543300.000,2024-07-03 08:35:31.949
ETH,SELL,0.9000,543300.000,2024-07-03 08:35:32.184
ETH,SELL,0.6000,543300.000,2024-07-03 08:35:33.169
ETH,SELL,0.0500,543300.000,2024-07-03 08:35:33.979
ETH,SELL,0.4000,543300.000,2024-07-03 08:35:34.171
ETH,SELL,0.0300,543300.000,2024-07-03 08:35:34.213
ETH,SELL,0.0296,543300.000,2024-07-03 08:35:35.082
ETH,SELL,0.2000,543300.000,2024-07-03 08:35:35.527
ETH,SELL,0.2000,543300.000,2024-07-03 08:35:36.541
ETH,SELL,0.1000,543300.000,2024-07-03 08:35:38.766
ETH,SELL,0.1000,543300.000,2024-07-03 08:35:38.904
ETH,SELL,0.5996,543300.000,2024-07-03 08:35:39.021
ETH,SELL,0.0300,543300.000,2024-07-03 08:35:40.021
ETH,SELL,0.0100,543300.000,2024-07-03 08:35:40.039
ETH,SELL,0.0300,543300.000,2024-07-03 08:35:40.067
ETH,SELL,0.2300,543300.000,2024-07-03 08:35:40.094
ETH,SELL,0.0700,543300.000,2024-07-03 08:35:40.128
ETH,SELL,0.0100,543300.000,2024-07-03 08:35:40.834
ETH,SELL,0.5000,543300.000,2024-07-03 08:35:41.080
ETH,SELL,0.0100,543300.000,2024-07-03 08:35:44.741
ETH,SELL,0.5000,543300.000,2024-07-03 08:35:45.066
ETH,SELL,0.0900,543300.000,2024-07-03 08:35:45.093
ETH,SELL,0.0100,543300.000,2024-07-03 08:35:45.523
ETH,SELL,0.0100,543300.000,2024-07-03 08:35:45.567
ETH,SELL,0.0300,543300.000,2024-07-03 08:35:45.686
ETH,SELL,0.1000,543300.000,2024-07-03 08:35:45.728
ETH,BUY,0.0100,543301.000,2024-07-03 08:35:48.083
ETH,SELL,0.0153,543300.000,2024-07-03 08:35:57.680
ETH,SELL,0.0100,543300.000,2024-07-03 08:35:59.153
ETH,SELL,0.5000,543300.000,2024-07-03 08:35:59.293
ETH,SELL,0.0700,543300.000,2024-07-03 08:35:59.294
ETH,SELL,0.0100,543300.000,2024-07-03 08:35:59.435
ETH,SELL,0.0100,543300.000,2024-07-03 08:35:59.561
ETH,SELL,0.0300,543300.000,2024-07-03 08:35:59.681
ETH,SELL,0.2500,543300.000,2024-07-03 08:36:00.120
ETH,SELL,0.5000,543300.000,2024-07-03 08:36:10.503
ETH,SELL,0.0100,543300.000,2024-07-03 08:36:10.505
ETH,BUY,0.0700,543301.000,2024-07-03 08:36:10.506
ETH,BUY,0.0400,543301.000,2024-07-03 08:36:10.506
ETH,SELL,0.0300,543300.000,2024-07-03 08:36:10.714
ETH,SELL,0.1900,543300.000,2024-07-03 08:36:10.780
ETH,SELL,0.0100,543300.000,2024-07-03 08:36:10.800
ETH,SELL,0.0700,543300.000,2024-07-03 08:36:10.863
ETH,SELL,0.0700,543300.000,2024-07-03 08:36:12.093
ETH,SELL,0.0100,543300.000,2024-07-03 08:36:17.643
ETH,SELL,0.4753,543300.000,2024-07-03 08:36:17.644
ETH,SELL,0.0100,543300.000,2024-07-03 08:36:17.644
ETH,SELL,0.0147,543140.000,2024-07-03 08:36:17.644
ETH,SELL,0.0593,543140.000,2024-07-03 08:36:17.679
ETH,SELL,0.0100,543000.000,2024-07-03 08:36:17.679
ETH,SELL,0.0007,542512.000,2024-07-03 08:36:17.679
ETH,SELL,0.2600,542512.000,2024-07-03 08:36:17.791
ETH,SELL,0.0300,542512.000,2024-07-03 08:36:18.123
ETH,SELL,0.0100,542512.000,2024-07-03 08:36:18.546
ETH,BUY,0.0100,542561.000,2024-07-03 08:38:10.307
ETH,BUY,0.0700,542619.000,2024-07-03 08:39:34.200
ETH,SELL,0.0200,542161.000,2024-07-03 08:44:33.133
ETH,SELL,0.3000,542212.000,2024-07-03 08:44:55.339
ETH,BUY,0.1850,542242.000,2024-07-03 08:45:44.534
ETH,BUY,0.0100,542300.000,2024-07-03 08:52:58.977
ETH,BUY,0.0550,542532.000,2024-07-03 08:53:21.313
ETH,BUY,0.0700,542590.000,2024-07-03 08:53:29.252
ETH,BUY,0.0100,542252.000,2024-07-03 08:53:51.633
ETH,SELL,0.0100,542210.000,2024-07-03 08:53:56.694
ETH,SELL,0.1000,542008.000,2024-07-03 08:53:58.832
ETH,SELL,0.0032,542000.000,2024-07-03 08:53:59.746
ETH,SELL,0.1967,542000.000,2024-07-03 08:53:59.746
ETH,SELL,0.1000,542000.000,2024-07-03 08:54:01.130
ETH,SELL,0.0473,542000.000,2024-07-03 08:54:03.212
ETH,SELL,0.0377,542000.000,2024-07-03 08:54:08.694
ETH,SELL,0.0402,542000.000,2024-07-03 08:54:13.804
ETH,SELL,0.0994,542000.000,2024-07-03 08:54:14.032
ETH,SELL,0.3200,542000.000,2024-07-03 08:54:14.480
ETH,SELL,0.5000,542000.000,2024-07-03 08:54:14.547
ETH,SELL,0.0100,542000.000,2024-07-03 08:54:14.550
ETH,SELL,0.0700,542000.000,2024-07-03 08:54:14.773
ETH,SELL,0.0787,542000.000,2024-07-03 08:54:14.843
ETH,SELL,0.1213,541956.000,2024-07-03 08:54:14.843
ETH,SELL,0.0287,541956.000,2024-07-03 08:54:15.106
ETH,SELL,0.0213,541800.000,2024-07-03 08:54:15.106
ETH,SELL,0.0100,541800.000,2024-07-03 08:54:15.108
ETH,SELL,0.0187,541800.000,2024-07-03 08:54:15.172
ETH,SELL,0.0113,541500.000,2024-07-03 08:54:15.172
ETH,SELL,0.0247,541500.000,2024-07-03 08:54:17.360
ETH,SELL,0.0753,541500.000,2024-07-03 08:54:17.360
ETH,SELL,0.0149,541500.000,2024-07-03 08:54:21.731
ETH,SELL,0.2000,541500.000,2024-07-03 08:54:22.721
ETH,SELL,0.0148,541500.000,2024-07-03 08:54:27.172
ETH,SELL,0.0291,541500.000,2024-07-03 08:54:28.778
ETH,SELL,0.2000,541500.000,2024-07-03 08:54:28.947
ETH,SELL,0.0700,541500.000,2024-07-03 08:54:29.375
ETH,SELL,0.1000,541500.000,2024-07-03 08:54:31.299
ETH,SELL,0.0700,541500.000,2024-07-03 08:54:31.948
ETH,SELL,0.0700,541500.000,2024-07-03 08:54:35.553
ETH,SELL,0.0300,541500.000,2024-07-03 08:54:36.395
ETH,BUY,0.0100,541501.000,2024-07-03 08:55:04.142
ETH,SELL,0.0100,541500.000,2024-07-03 08:57:11.673
ETH,SELL,0.0159,541500.000,2024-07-03 08:57:47.170
ETH,BUY,0.5000,541546.000,2024-07-03 08:58:00.075
ETH,SELL,0.5000,541500.000,2024-07-03 08:58:06.734
ETH,SELL,0.0158,541500.000,2024-07-03 08:59:24.173
ETH,SELL,0.0700,541500.000,2024-07-03 08:59:51.899
ETH,SELL,0.0313,541500.000,2024-07-03 08:59:52.430
ETH,SELL,0.2000,541500.000,2024-07-03 08:59:53.946
ETH,SELL,0.1000,541500.000,2024-07-03 09:00:14.615
ETH,BUY,0.0700,541505.000,2024-07-03 09:01:02.259
ETH,BUY,0.0700,541807.000,2024-07-03 09:01:18.364
ETH,BUY,0.0700,542039.000,2024-07-03 09:01:55.612
ETH,BUY,1.6600,542039.000,2024-07-03 09:06:16.035
ETH,BUY,1.6500,542039.000,2024-07-03 09:06:16.188
ETH,BUY,0.0700,542039.000,2024-07-03 09:06:33.690
ETH,BUY,0.0700,542039.000,2024-07-03 09:06:34.079
ETH,BUY,0.0519,542039.000,2024-07-03 09:06:34.966
ETH,BUY,0.1682,542039.000,2024-07-03 09:06:46.969
ETH,BUY,0.0100,542039.000,2024-07-03 09:06:47.546
ETH,BUY,0.0300,542039.000,2024-07-03 09:06:47.551
ETH,BUY,0.0100,542039.000,2024-07-03 09:06:47.618
ETH,BUY,0.2000,542039.000,2024-07-03 09:06:47.712
ETH,BUY,0.0700,542039.000,2024-07-03 09:06:47.955
ETH,BUY,0.0099,542039.000,2024-07-03 09:06:47.970
ETH,BUY,0.9901,542126.000,2024-07-03 09:06:47.970
ETH,BUY,0.4000,542126.000,2024-07-03 09:06:48.111
ETH,BUY,0.0100,542126.000,2024-07-03 09:06:48.935
ETH,BUY,0.3200,542242.000,2024-07-03 09:06:49.096
ETH,BUY,0.1000,542242.000,2024-07-03 09:06:49.339
ETH,BUY,0.0100,542474.000,2024-07-03 09:10:40.245
ETH,BUY,0.0300,542474.000,2024-07-03 09:10:40.370
ETH,BUY,0.0100,542474.000,2024-07-03 09:10:40.469
ETH,BUY,0.4000,542561.000,2024-07-03 09:10:41.093
ETH,BUY,0.3200,542561.000,2024-07-03 09:10:41.329
ETH,BUY,0.2000,542648.000,2024-07-03 09:10:43.222
ETH,BUY,0.1600,542850.000,2024-07-03 09:13:07.346
ETH,SELL,0.0178,542628.000,2024-07-03 09:14:14.177
ETH,BUY,0.2900,542463.000,2024-07-03 09:14:43.078
ETH,BUY,0.0100,542474.000,2024-07-03 09:15:03.153
ETH,BUY,0.0190,542438.000,2024-07-03 09:16:16.655
ETH,SELL,0.0110,542100.000,2024-07-03 09:18:00.272
ETH,BUY,0.0200,542101.000,2024-07-03 09:18:08.727
ETH,BUY,0.0100,542101.000,2024-07-03 09:19:03.021
ETH,BUY,0.0100,542101.000,2024-07-03 09:19:03.888
ETH,BUY,0.1400,542101.000,2024-07-03 09:20:15.212
ETH,BUY,0.0100,542101.000,2024-07-03 09:20:16.989
ETH,BUY,0.0100,542101.000,2024-07-03 09:20:16.990
ETH,BUY,0.4000,542101.000,2024-07-03 09:20:17.043
ETH,BUY,0.0300,542101.000,2024-07-03 09:20:17.138
ETH,BUY,0.3100,542101.000,2024-07-03 09:20:17.395
ETH,BUY,0.0100,542101.000,2024-07-03 09:20:18.482
ETH,SELL,0.0140,542100.000,2024-07-03 09:20:38.187
ETH,SELL,0.0750,542100.000,2024-07-03 09:20:38.829
ETH,BUY,0.0100,541625.000,2024-07-03 09:21:20.015
ETH,SELL,0.0100,541503.000,2024-07-03 09:21:28.706
ETH,BUY,0.0300,541575.000,2024-07-03 09:22:10.806
ETH,BUY,0.0100,541633.000,2024-07-03 09:22:11.483
ETH,BUY,0.4000,541633.000,2024-07-03 09:22:11.589
ETH,BUY,0.0100,541633.000,2024-07-03 09:22:11.907
ETH,BUY,0.3200,541633.000,2024-07-03 09:22:12.088
ETH,BUY,0.0200,541778.000,2024-07-03 09:22:34.167
ETH,BUY,0.0100,541836.000,2024-07-03 09:22:35.512
ETH,BUY,0.0100,541950.000,2024-07-03 09:23:34.159
ETH,BUY,0.0370,541981.000,2024-07-03 09:25:06.011
ETH,BUY,0.0100,542010.000,2024-07-03 09:25:42.898
ETH,BUY,0.2000,542010.000,2024-07-03 09:26:43.952
ETH,BUY,0.4000,542213.000,2024-07-03 09:27:46.548
ETH,BUY,0.0100,542213.000,2024-07-03 09:27:46.858
ETH,BUY,0.0100,542213.000,2024-07-03 09:27:47.089
ETH,BUY,0.0100,542213.000,2024-07-03 09:27:47.127
ETH,BUY,0.3200,542213.000,2024-07-03 09:27:47.324
ETH,BUY,0.4000,542358.000,2024-07-03 09:28:47.060
ETH,BUY,0.0100,542358.000,2024-07-03 09:28:47.143
ETH,BUY,0.0100,542358.000,2024-07-03 09:28:47.407
ETH,BUY,0.1600,542445.000,2024-07-03 09:28:48.089
ETH,BUY,0.2000,542561.000,2024-07-03 09:28:48.894
ETH,BUY,0.0922,542619.000,2024-07-03 09:29:13.240
ETH,BUY,0.0800,542654.000,2024-07-03 09:29:21.410
ETH,BUY,0.4000,542654.000,2024-07-03 09:29:21.514
ETH,BUY,0.0100,542659.000,2024-07-03 09:29:22.115
ETH,BUY,0.2000,542764.000,2024-07-03 09:29:25.085
ETH,SELL,0.0146,542357.000,2024-07-03 09:30:17.793
ETH,BUY,0.0500,542373.000,2024-07-03 09:30:44.466
ETH,BUY,0.2000,542416.000,2024-07-03 09:32:27.959
ETH,BUY,0.0700,542474.000,2024-07-03 09:34:28.467
ETH,BUY,0.0500,542452.000,2024-07-03 09:35:35.990
ETH,SELL,0.0100,542325.000,2024-07-03 09:35:39.696
ETH,SELL,0.0031,542299.000,2024-07-03 09:35:39.696
ETH,BUY,0.2000,542357.000,2024-07-03 09:44:05.156
ETH,BUY,0.0300,542355.000,2024-07-03 09:44:22.317
ETH,BUY,0.2000,542301.000,2024-07-03 09:46:04.704
ETH,SELL,0.0980,542299.000,2024-07-03 09:48:01.141
ETH,SELL,0.0108,542299.000,2024-07-03 09:48:48.252
ETH,SELL,0.0003,542126.000,2024-07-03 09:48:48.252
ETH,BUY,0.0185,542186.000,2024-07-03 09:50:37.731
ETH,BUY,0.2000,542182.000,2024-07-03 09:50:38.916
ETH,BUY,0.0200,542199.000,2024-07-03 09:50:59.450
ETH,BUY,0.0200,542213.000,2024-07-03 09:52:01.707
ETH,BUY,0.0100,542199.000,2024-07-03 09:52:35.944
ETH,BUY,0.0100,542240.000,2024-07-03 09:53:41.320
ETH,SELL,0.0702,542150.000,2024-07-03 09:54:37.569
ETH,BUY,0.0340,542151.000,2024-07-03 09:56:25.330
ETH,SELL,0.0599,542150.000,2024-07-03 09:56:46.171
ETH,SELL,0.2000,542150.000,2024-07-03 09:56:50.164
ETH,SELL,0.5999,542150.000,2024-07-03 09:56:58.590
ETH,SELL,0.0097,542126.000,2024-07-03 09:56:59.355
ETH,BUY,0.0550,541916.000,2024-07-03 09:57:33.454
ETH,BUY,0.0200,541901.000,2024-07-03 09:58:04.005
ETH,BUY,0.1000,541901.000,2024-07-03 09:58:14.194
ETH,BUY,0.1785,542003.000,2024-07-03 09:58:34.079
ETH,SELL,0.0110,541900.000,2024-07-03 09:58:57.676
ETH,BUY,0.5000,541999.000,2024-07-03 09:58:58.254
ETH,SELL,0.0289,541900.000,2024-07-03 09:59:03.197
ETH,SELL,0.0200,541900.000,2024-07-03 09:59:52.194
ETH,BUY,0.0100,541981.000,2024-07-03 10:04:29.527
ETH,SELL,0.0162,541900.000,2024-07-03 10:04:44.268
ETH,SELL,0.0239,541900.000,2024-07-03 10:04:51.742
ETH,SELL,0.0100,541900.000,2024-07-03 10:04:51.742
ETH,SELL,0.0200,541900.000,2024-07-03 10:04:51.742
ETH,SELL,0.1854,541783.000,2024-07-03 10:04:51.742
ETH,SELL,0.0100,541725.000,2024-07-03 10:04:55.685
ETH,SELL,0.0032,541500.000,2024-07-03 10:04:55.685
ETH,SELL,0.0126,541500.000,2024-07-03 10:05:10.195
ETH,SELL,0.4906,541500.000,2024-07-03 10:05:20.447
ETH,SELL,0.1765,541500.000,2024-07-03 10:05:20.522
ETH,SELL,0.2300,541500.000,2024-07-03 10:05:20.522
ETH,SELL,0.0100,541421.000,2024-07-03 10:05:45.688
ETH,BUY,0.2400,541102.000,2024-07-03 10:06:11.444
ETH,BUY,0.6600,541102.000,2024-07-03 10:06:11.444
ETH,BUY,0.0900,541102.000,2024-07-03 10:06:36.647
ETH,BUY,0.0100,541102.000,2024-07-03 10:06:46.330
ETH,BUY,0.0100,541102.000,2024-07-03 10:07:31.955
ETH,SELL,0.0100,541101.000,2024-07-03 10:07:35.582
ETH,SELL,0.0058,541101.000,2024-07-03 10:07:35.582
ETH,SELL,0.0092,541101.000,2024-07-03 10:07:35.621
ETH,SELL,0.0100,541000.000,2024-07-03 10:07:35.621
ETH,SELL,0.0179,541000.000,2024-07-03 10:07:35.621
ETH,SELL,0.2000,541000.000,2024-07-03 10:07:36.872
ETH,BUY,0.1000,541001.000,2024-07-03 10:07:54.710
ETH,BUY,0.0850,541001.000,2024-07-03 10:07:54.710
ETH,BUY,0.0600,541001.000,2024-07-03 10:07:55.988
ETH,SELL,0.0100,541000.000,2024-07-03 10:07:57.196
ETH,BUY,0.0370,541001.000,2024-07-03 10:08:11.774
ETH,SELL,0.5000,541000.000,2024-07-03 10:08:12.423
ETH,SELL,0.0700,541000.000,2024-07-03 10:08:12.425
ETH,SELL,0.2021,541000.000,2024-07-03 10:08:12.491
ETH,SELL,0.5965,541000.000,2024-07-03 10:08:12.491
ETH,SELL,0.0400,541000.000,2024-07-03 10:08:12.491
ETH,SELL,0.0100,540816.000,2024-07-03 10:08:12.572
ETH,SELL,0.0150,540557.000,2024-07-03 10:08:12.572
ETH,SELL,0.0750,540208.000,2024-07-03 10:08:12.572
ETH,SELL,0.0500,540208.000,2024-07-03 10:08:12.650
ETH,SELL,0.0500,540208.000,2024-07-03 10:08:12.745
ETH,SELL,0.0820,540208.000,2024-07-03 10:08:12.748
ETH,SELL,0.1000,540208.000,2024-07-03 10:08:12.870
ETH,SELL,0.0500,540208.000,2024-07-03 10:08:13.056
ETH,SELL,0.0500,540208.000,2024-07-03 10:08:13.158
ETH,SELL,0.1000,540208.000,2024-07-03 10:08:13.177
ETH,SELL,0.0500,540200.000,2024-07-03 10:08:13.240
ETH,SELL,0.1000,540123.000,2024-07-03 10:08:13.631
ETH,SELL,0.0995,540100.000,2024-07-03 10:08:13.699
ETH,SELL,0.2000,540100.000,2024-07-03 10:08:13.785
ETH,SELL,0.0500,540100.000,2024-07-03 10:08:13.856
ETH,SELL,0.1000,540100.000,2024-07-03 10:08:13.937
ETH,SELL,0.1000,540100.000,2024-07-03 10:08:14.029
ETH,SELL,0.0497,540100.000,2024-07-03 10:08:14.115
ETH,SELL,0.0500,540100.000,2024-07-03 10:08:14.192
ETH,SELL,0.2594,540100.000,2024-07-03 10:08:14.286
ETH,SELL,0.0500,540100.000,2024-07-03 10:08:14.492
ETH,SELL,0.1200,540100.000,2024-07-03 10:08:14.631
ETH,SELL,0.0914,540100.000,2024-07-03 10:08:14.633
ETH,SELL,0.0100,540050.000,2024-07-03 10:08:14.634
ETH,SELL,0.0100,540050.000,2024-07-03 10:08:14.634
ETH,SELL,0.0500,540010.000,2024-07-03 10:08:14.634
ETH,SELL,0.0400,540005.000,2024-07-03 10:08:14.634
ETH,SELL,0.0100,540005.000,2024-07-03 10:08:14.757
ETH,SELL,0.0300,540005.000,2024-07-03 10:08:14.757
ETH,SELL,0.0600,540001.000,2024-07-03 10:08:14.757
ETH,SELL,0.1000,540001.000,2024-07-03 10:08:14.853
ETH,SELL,0.0700,540001.000,2024-07-03 10:08:15.326
ETH,SELL,0.7000,540001.000,2024-07-03 10:08:15.713
ETH,SELL,0.0185,540001.000,2024-07-03 10:08:15.824
ETH,SELL,0.0700,540001.000,2024-07-03 10:08:16.243
ETH,SELL,0.0100,540001.000,2024-07-03 10:08:16.851
ETH,SELL,0.4738,540001.000,2024-07-03 10:08:17.158
ETH,SELL,0.1000,540001.000,2024-07-03 10:08:17.265
ETH,SELL,14.8400,540001.000,2024-07-03 10:08:17.266
ETH,SELL,0.1000,540001.000,2024-07-03 10:08:18.099
ETH,SELL,0.2000,540001.000,2024-07-03 10:08:18.155
ETH,SELL,0.0177,540001.000,2024-07-03 10:08:18.259
ETH,SELL,0.0320,540001.000,2024-07-03 10:08:18.506
ETH,SELL,0.7000,540001.000,2024-07-03 10:08:18.789
ETH,SELL,0.0751,540001.000,2024-07-03 10:08:18.791
ETH,SELL,0.0500,540001.000,2024-07-03 10:08:18.896
ETH,SELL,2.0000,540001.000,2024-07-03 10:08:19.039
ETH,SELL,0.1000,540001.000,2024-07-03 10:08:19.196
ETH,SELL,0.0200,540001.000,2024-07-03 10:08:19.199
ETH,SELL,0.0187,540001.000,2024-07-03 10:08:19.530
ETH,SELL,0.5176,540001.000,2024-07-03 10:08:19.657
ETH,SELL,0.2266,540001.000,2024-07-03 10:08:19.728
ETH,SELL,0.1000,540000.000,2024-07-03 10:08:19.728
ETH,SELL,0.0200,540000.000,2024-07-03 10:08:19.728
ETH,SELL,0.0440,540000.000,2024-07-03 10:08:19.728
ETH,SELL,0.0560,540000.000,2024-07-03 10:08:20.180
ETH,SELL,0.0100,540000.000,2024-07-03 10:08:20.180
ETH,SELL,1.0000,540000.000,2024-07-03 10:08:20.180
ETH,SELL,0.0100,540000.000,2024-07-03 10:08:20.180
ETH,SELL,0.0200,540000.000,2024-07-03 10:08:20.180
ETH,SELL,0.0100,540000.000,2024-07-03 10:08:20.180
