symbol,side,size,price,timestamp
BTC,BUY,0.0050,9172516.000,2024-07-11 21:00:01.771
BTC,BUY,0.0010,9172339.000,2024-07-11 21:00:25.693
BTC,SELL,0.0014,9172338.000,2024-07-11 21:00:38.718
BTC,SELL,0.0100,9170590.000,2024-07-11 21:00:41.167
BTC,SELL,0.0200,9170590.000,2024-07-11 21:00:42.438
BTC,SELL,0.0056,9170590.000,2024-07-11 21:00:48.798
BTC,SELL,0.0044,9170590.000,2024-07-11 21:00:48.798
BTC,SELL,0.0200,9170590.000,2024-07-11 21:00:54.315
BTC,BUY,0.0001,9170591.000,2024-07-11 21:01:05.787
BTC,SELL,0.1000,9170590.000,2024-07-11 21:01:15.235
BTC,SELL,0.1000,9170590.000,2024-07-11 21:01:16.254
BTC,SELL,0.0316,9170590.000,2024-07-11 21:01:17.294
BTC,SELL,0.0005,9170580.000,2024-07-11 21:01:20.831
BTC,BUY,0.0005,9171028.000,2024-07-11 21:03:07.156
BTC,BUY,0.0004,9171996.000,2024-07-11 21:04:02.909
BTC,BUY,0.0001,9172180.000,2024-07-11 21:04:02.909
BTC,BUY,0.0001,9171974.000,2024-07-11 21:05:56.925
BTC,BUY,0.0002,9172308.000,2024-07-11 21:07:19.870
BTC,BUY,0.0005,9172030.000,2024-07-11 21:08:43.295
BTC,SELL,0.0020,9170937.000,2024-07-11 21:09:20.799
BTC,BUY,0.0001,9171649.000,2024-07-11 21:09:22.884
BTC,BUY,0.0001,9172088.000,2024-07-11 21:09:34.997
BTC,BUY,0.0001,9173240.000,2024-07-11 21:09:42.010
BTC,BUY,0.0100,9174026.000,2024-07-11 21:10:29.152
BTC,BUY,0.0050,9174800.000,2024-07-11 21:11:27.679
BTC,BUY,0.0100,9174358.000,2024-07-11 21:11:53.468
BTC,SELL,0.0005,9173240.000,2024-07-11 21:12:13.247
BTC,SELL,0.0002,9170580.000,2024-07-11 21:12:23.825
BTC,SELL,0.0001,9170580.000,2024-07-11 21:12:27.999
BTC,SELL,0.0005,9165036.000,2024-07-11 21:13:04.380
BTC,SELL,0.0010,9165000.000,2024-07-11 21:13:04.380
BTC,SELL,0.0085,9165000.000,2024-07-11 21:13:04.380
BTC,BUY,0.0020,9165001.000,2024-07-11 21:13:23.590
BTC,BUY,0.0100,9165001.000,2024-07-11 21:13:23.590
BTC,BUY,0.0200,9165001.000,2024-07-11 21:13:23.590
BTC,BUY,0.0200,9165001.000,2024-07-11 21:13:23.590
BTC,BUY,0.0422,9165037.000,2024-07-11 21:13:23.590
BTC,BUY,0.0299,9165037.000,2024-07-11 21:13:23.590
BTC,BUY,0.0300,9165037.000,2024-07-11 21:13:23.590
BTC,BUY,0.0075,9173280.000,2024-07-11 21:13:23.590
BTC,BUY,0.0400,9173317.000,2024-07-11 21:13:23.590
BTC,BUY,0.0002,9175000.000,2024-07-11 21:13:23.590
BTC,SELL,0.0100,9175000.000,2024-07-11 21:13:24.173
BTC,SELL,0.0400,9175000.000,2024-07-11 21:13:24.178
BTC,SELL,0.0602,9175000.000,2024-07-11 21:13:24.222
BTC,SELL,0.0050,9165000.000,2024-07-11 21:13:24.526
BTC,SELL,0.0173,9166696.000,2024-07-11 21:13:24.627
BTC,SELL,0.0365,9165000.000,2024-07-11 21:13:24.627
BTC,SELL,0.0007,9160646.000,2024-07-11 21:13:24.627
BTC,BUY,0.0001,9162456.000,2024-07-11 21:13:59.693
BTC,BUY,0.0001,9162548.000,2024-07-11 21:13:59.693
BTC,BUY,0.1564,9162640.000,2024-07-11 21:13:59.693
BTC,BUY,0.2000,9162640.000,2024-07-11 21:13:59.785
BTC,BUY,0.0200,9166899.000,2024-07-11 21:14:35.748
BTC,BUY,0.0226,9166900.000,2024-07-11 21:14:35.748
BTC,BUY,0.0005,9166550.000,2024-07-11 21:14:42.858
BTC,BUY,0.0010,9166499.000,2024-07-11 21:14:46.520
BTC,BUY,0.0774,9166400.000,2024-07-11 21:14:47.873
BTC,BUY,0.0556,9166400.000,2024-07-11 21:14:47.873
BTC,BUY,0.0439,9166400.000,2024-07-11 21:14:48.307
BTC,BUY,0.0347,9166500.000,2024-07-11 21:14:48.307
BTC,BUY,0.0050,9165650.000,2024-07-11 21:15:09.907
BTC,BUY,0.0897,9165550.000,2024-07-11 21:15:12.211
BTC,BUY,0.0103,9165550.000,2024-07-11 21:15:12.312
BTC,BUY,0.0794,9165550.000,2024-07-11 21:15:12.312
BTC,SELL,0.0005,9165550.000,2024-07-11 21:16:36.100
BTC,SELL,0.1000,9163000.000,2024-07-11 21:16:36.723
BTC,SELL,0.1000,9163000.000,2024-07-11 21:16:37.789
BTC,BUY,0.0110,9165459.000,2024-07-11 21:16:38.722
BTC,SELL,0.0800,9163000.000,2024-07-11 21:16:39.272
BTC,SELL,0.0020,9162640.000,2024-07-11 21:16:40.793
BTC,BUY,0.0100,9160003.000,2024-07-11 21:17:39.635
BTC,BUY,0.0200,9160306.000,2024-07-11 21:17:39.635
BTC,SELL,0.0050,9160587.000,2024-07-11 21:17:43.159
BTC,SELL,0.0001,9160000.000,2024-07-11 21:17:46.490
BTC,SELL,0.0001,9160000.000,2024-07-11 21:19:18.895
BTC,SELL,0.0006,9160000.000,2024-07-11 21:19:18.895
BTC,SELL,0.0001,9160000.000,2024-07-11 21:19:18.895
BTC,SELL,0.0020,9160000.000,2024-07-11 21:19:19.608
BTC,SELL,0.0002,9160000.000,2024-07-11 21:19:23.293
BTC,BUY,0.0100,9156001.000,2024-07-11 21:20:13.016
BTC,BUY,0.0400,9156001.000,2024-07-11 21:20:13.016
BTC,BUY,0.0300,9156001.000,2024-07-11 21:20:23.877
BTC,BUY,0.0004,9155900.000,2024-07-11 21:20:25.995
BTC,SELL,0.0001,9154001.000,2024-07-11 21:20:39.719
BTC,SELL,0.0002,9153902.000,2024-07-11 21:20:39.719
BTC,BUY,0.0200,9155399.000,2024-07-11 21:21:27.964
BTC,BUY,0.0200,9155599.000,2024-07-11 21:21:27.964
BTC,BUY,0.0007,9156726.000,2024-07-11 21:21:27.964
BTC,BUY,0.0093,9158096.000,2024-07-11 21:21:27.964
BTC,BUY,0.0002,9156658.000,2024-07-11 21:22:13.159
BTC,BUY,0.0010,9155743.000,2024-07-11 21:23:25.641
BTC,SELL,0.0001,9155742.000,2024-07-11 21:24:23.714
BTC,SELL,0.0002,9150000.000,2024-07-11 21:24:39.825
BTC,SELL,0.0048,9150000.000,2024-07-11 21:24:39.825
BTC,SELL,0.0052,9150000.000,2024-07-11 21:24:56.626
BTC,SELL,0.0002,9150000.000,2024-07-11 21:24:56.626
BTC,SELL,0.0011,9150000.000,2024-07-11 21:24:56.626
BTC,SELL,0.0006,9149390.000,2024-07-11 21:24:59.290
BTC,SELL,0.0001,9146001.000,2024-07-11 21:24:59.290
BTC,SELL,0.0043,9143000.000,2024-07-11 21:24:59.290
BTC,BUY,0.0109,9143560.000,2024-07-11 21:26:59.868
BTC,BUY,0.0038,9144900.000,2024-07-11 21:27:48.948
BTC,BUY,0.0001,9145550.000,2024-07-11 21:28:57.783
BTC,BUY,0.0010,9147800.000,2024-07-11 21:31:00.015
BTC,BUY,0.0171,9148231.000,2024-07-11 21:33:01.852
BTC,BUY,0.0004,9149390.000,2024-07-11 21:33:01.852
BTC,BUY,0.0003,9150250.000,2024-07-11 21:33:52.236
BTC,BUY,0.0012,9145001.000,2024-07-11 21:34:15.143
BTC,SELL,0.0002,9145000.000,2024-07-11 21:35:23.810
BTC,SELL,0.0005,9145000.000,2024-07-11 21:35:23.810
BTC,SELL,0.0002,9145000.000,2024-07-11 21:35:23.810
BTC,SELL,0.0001,9144900.000,2024-07-11 21:35:23.810
BTC,SELL,0.0040,9143000.000,2024-07-11 21:35:23.810
BTC,BUY,0.0010,9143001.000,2024-07-11 21:36:26.225
BTC,BUY,0.0020,9143560.000,2024-07-11 21:41:43.069
BTC,BUY,0.0001,9146015.000,2024-07-11 21:42:04.529
BTC,BUY,0.0097,9146388.000,2024-07-11 21:42:04.529
BTC,BUY,0.0010,9145001.000,2024-07-11 21:43:22.704
BTC,BUY,0.0020,9145001.000,2024-07-11 21:44:12.740
BTC,BUY,0.0004,9147931.000,2024-07-11 21:44:52.242
BTC,BUY,0.0002,9148482.000,2024-07-11 21:44:52.242
BTC,BUY,0.0004,9148610.000,2024-07-11 21:44:52.242
BTC,BUY,0.0001,9147215.000,2024-07-11 21:46:26.922
BTC,BUY,0.0001,9147751.000,2024-07-11 21:46:31.993
BTC,BUY,0.0001,9149981.000,2024-07-11 21:47:04.711
BTC,BUY,0.0001,9150165.000,2024-07-11 21:47:10.270
BTC,BUY,0.0015,9149797.000,2024-07-11 21:47:14.621
BTC,BUY,0.0085,9150717.000,2024-07-11 21:47:14.621
BTC,BUY,0.0002,9147380.000,2024-07-11 21:48:33.936
BTC,BUY,0.0045,9147928.000,2024-07-11 21:50:18.372
BTC,BUY,0.0455,9151632.000,2024-07-11 21:50:18.372
BTC,BUY,0.0005,9151388.000,2024-07-11 21:50:56.541
BTC,SELL,0.0002,9145000.000,2024-07-11 21:52:03.398
BTC,SELL,0.0100,9145000.000,2024-07-11 21:52:03.398
BTC,BUY,0.0100,9144501.000,2024-07-11 21:52:22.368
BTC,BUY,0.0100,9144501.000,2024-07-11 21:52:22.368
BTC,BUY,0.0015,9144501.000,2024-07-11 21:52:34.168
BTC,SELL,0.0030,9144500.000,2024-07-11 21:52:41.958
BTC,BUY,0.0011,9143001.000,2024-07-11 21:52:47.292
BTC,BUY,0.0006,9143001.000,2024-07-11 21:52:58.243
BTC,BUY,0.0001,9143001.000,2024-07-11 21:53:45.771
BTC,SELL,0.0002,9143000.000,2024-07-11 21:54:17.989
BTC,BUY,0.0002,9143001.000,2024-07-11 21:54:43.197
BTC,BUY,0.0007,9143001.000,2024-07-11 21:54:54.436
BTC,SELL,0.0300,9144619.000,2024-07-11 21:55:11.359
BTC,SELL,0.0050,9144510.000,2024-07-11 21:55:11.359
BTC,SELL,0.0028,9143083.000,2024-07-11 21:55:11.359
BTC,BUY,0.0010,9144620.000,2024-07-11 21:55:13.830
BTC,BUY,0.0002,9144825.000,2024-07-11 21:55:20.024
BTC,BUY,0.0002,9145680.000,2024-07-11 21:55:43.651
BTC,SELL,0.0010,9144050.000,2024-07-11 21:55:49.456
BTC,BUY,0.0200,9144620.000,2024-07-11 21:55:52.536
BTC,SELL,0.0500,9147090.000,2024-07-11 21:56:25.106
BTC,BUY,0.0002,9149390.000,2024-07-11 21:56:27.217
BTC,BUY,0.0200,9151510.000,2024-07-11 21:56:33.366
BTC,BUY,0.0050,9153100.000,2024-07-11 21:56:36.075
BTC,BUY,0.0100,9157870.000,2024-07-11 21:56:41.498
BTC,SELL,0.0002,9161120.000,2024-07-11 21:57:23.417
BTC,BUY,0.0004,9160894.000,2024-07-11 21:57:27.527
BTC,BUY,0.0001,9154060.000,2024-07-11 21:58:25.594
BTC,BUY,0.0980,9158400.000,2024-07-11 21:59:27.546
BTC,BUY,0.0001,9158400.000,2024-07-11 21:59:27.548
BTC,BUY,0.0010,9158930.000,2024-07-11 21:59:33.670
BTC,BUY,0.0023,9162110.000,2024-07-11 21:59:41.736
BTC,BUY,0.0009,9160091.000,2024-07-11 22:00:03.976
BTC,BUY,0.0001,9160091.000,2024-07-11 22:00:08.589
BTC,BUY,0.0003,9160091.000,2024-07-11 22:00:30.361
BTC,BUY,0.0087,9160091.000,2024-07-11 22:00:39.222
BTC,BUY,0.0023,9160091.000,2024-07-11 22:00:39.222
BTC,BUY,0.0001,9160091.000,2024-07-11 22:01:18.523
BTC,BUY,0.0099,9160091.000,2024-07-11 22:01:34.244
BTC,BUY,0.0002,9160091.000,2024-07-11 22:01:34.244
BTC,BUY,0.0050,9160452.000,2024-07-11 22:01:34.244
BTC,BUY,0.0099,9161967.000,2024-07-11 22:01:34.244
BTC,SELL,0.0004,9160090.000,2024-07-11 22:01:40.887
BTC,SELL,0.0200,9154060.000,2024-07-11 22:01:52.497
BTC,BUY,0.0002,9150001.000,2024-07-11 22:02:00.851
BTC,BUY,0.0050,9152040.000,2024-07-11 22:02:12.721
BTC,BUY,0.1000,9152570.000,2024-07-11 22:02:16.549
BTC,BUY,0.0543,9153630.000,2024-07-11 22:02:17.449
BTC,BUY,0.0050,9157870.000,2024-07-11 22:02:18.926
BTC,BUY,0.0831,9159990.000,2024-07-11 22:02:20.934
BTC,BUY,0.0100,9158930.000,2024-07-11 22:02:56.599
BTC,BUY,0.0002,9158930.000,2024-07-11 22:03:04.969
BTC,BUY,0.0001,9159460.000,2024-07-11 22:03:18.648
BTC,BUY,0.0004,9160090.000,2024-07-11 22:03:34.309
BTC,BUY,0.0046,9162110.000,2024-07-11 22:03:34.309
BTC,BUY,0.0100,9164230.000,2024-07-11 22:03:43.683
BTC,BUY,0.0010,9167940.000,2024-07-11 22:04:37.231
BTC,BUY,0.0250,9173240.000,2024-07-11 22:06:21.826
BTC,BUY,0.0040,9173245.000,2024-07-11 22:06:49.677
BTC,BUY,0.0030,9173240.000,2024-07-11 22:07:14.920
BTC,SELL,0.0020,9170082.000,2024-07-11 22:07:24.782
BTC,BUY,0.0030,9172710.000,2024-07-11 22:08:25.329
BTC,BUY,0.0001,9173333.000,2024-07-11 22:08:27.779
BTC,BUY,0.0039,9173333.000,2024-07-11 22:08:47.632
BTC,BUY,0.0361,9174300.000,2024-07-11 22:08:47.632
BTC,BUY,0.0400,9178010.000,2024-07-11 22:09:27.688
BTC,BUY,0.0400,9178010.000,2024-07-11 22:09:27.691
BTC,BUY,0.0400,9179600.000,2024-07-11 22:09:29.658
BTC,BUY,0.0150,9179600.000,2024-07-11 22:09:30.067
BTC,BUY,0.0003,9180000.000,2024-07-11 22:09:31.807
BTC,BUY,0.0001,9180000.000,2024-07-11 22:09:39.105
BTC,BUY,0.0999,9182780.000,2024-07-11 22:09:39.105
BTC,BUY,0.0020,9185430.000,2024-07-11 22:09:51.480
BTC,SELL,0.0010,9185794.000,2024-07-11 22:10:06.969
BTC,BUY,0.0100,9183451.000,2024-07-11 22:10:23.400
BTC,BUY,0.0005,9186490.000,2024-07-11 22:10:43.825
BTC,SELL,0.0069,9186489.000,2024-07-11 22:11:02.293
BTC,SELL,0.0013,9185680.000,2024-07-11 22:11:02.293
BTC,SELL,0.0001,9184960.000,2024-07-11 22:11:07.023
BTC,BUY,0.0002,9184081.000,2024-07-11 22:11:22.430
BTC,BUY,0.0001,9185311.000,2024-07-11 22:11:22.430
BTC,BUY,0.0047,9185600.000,2024-07-11 22:11:22.430
BTC,BUY,0.0001,9184081.000,2024-07-11 22:11:31.062
BTC,BUY,0.0002,9184081.000,2024-07-11 22:11:37.283
BTC,BUY,0.0008,9185760.000,2024-07-11 22:11:37.283
BTC,BUY,0.0010,9184081.000,2024-07-11 22:11:44.417
BTC,BUY,0.0001,9184112.000,2024-07-11 22:11:52.337
BTC,BUY,0.0009,9185540.000,2024-07-11 22:11:52.337
BTC,SELL,0.0500,9184000.000,2024-07-11 22:11:55.099
BTC,BUY,0.0100,9180001.000,2024-07-11 22:12:03.416
BTC,BUY,0.0912,9182290.000,2024-07-11 22:12:03.416
BTC,BUY,0.1000,9183450.000,2024-07-11 22:12:03.416
BTC,BUY,0.0001,9183494.000,2024-07-11 22:12:03.416
BTC,BUY,0.0487,9183550.000,2024-07-11 22:12:03.416
BTC,BUY,0.0006,9180001.000,2024-07-11 22:12:22.943
BTC,BUY,0.0002,9180001.000,2024-07-11 22:12:24.706
BTC,SELL,0.0001,9180000.000,2024-07-11 22:12:27.952
BTC,SELL,0.0002,9180000.000,2024-07-11 22:12:32.278
BTC,BUY,0.0020,9179720.000,2024-07-11 22:12:39.008
BTC,BUY,0.0001,9179720.000,2024-07-11 22:12:39.626
BTC,BUY,0.0001,9178008.000,2024-07-11 22:13:07.513
BTC,BUY,0.0100,9176870.000,2024-07-11 22:13:20.688
BTC,BUY,0.0001,9170001.000,2024-07-11 22:13:47.774
BTC,SELL,0.0002,9170000.000,2024-07-11 22:14:07.044
BTC,BUY,0.0005,9170001.000,2024-07-11 22:14:07.274
BTC,BUY,0.0094,9170001.000,2024-07-11 22:14:08.332
BTC,BUY,0.0176,9170001.000,2024-07-11 22:14:08.332
BTC,SELL,0.0001,9170000.000,2024-07-11 22:14:09.666
BTC,SELL,0.0002,9165000.000,2024-07-11 22:14:16.962
BTC,BUY,0.0002,9163953.000,2024-07-11 22:14:32.736
BTC,BUY,0.1000,9160001.000,2024-07-11 22:14:59.932
BTC,BUY,0.1000,9160001.000,2024-07-11 22:14:59.932
BTC,BUY,0.0500,9161755.000,2024-07-11 22:14:59.932
BTC,BUY,0.0001,9163894.000,2024-07-11 22:15:02.664
BTC,BUY,0.0011,9160001.000,2024-07-11 22:15:21.042
BTC,SELL,0.0002,9160000.000,2024-07-11 22:15:45.898
BTC,SELL,0.0003,9155000.000,2024-07-11 22:15:45.898
BTC,SELL,0.0541,9154141.000,2024-07-11 22:15:45.898
BTC,BUY,0.0022,9153950.000,2024-07-11 22:15:58.353
BTC,SELL,0.0060,9150000.000,2024-07-11 22:15:59.526
BTC,BUY,0.0100,9150001.000,2024-07-11 22:17:25.405
BTC,BUY,0.1000,9152570.000,2024-07-11 22:18:14.853
BTC,BUY,0.0010,9154690.000,2024-07-11 22:19:09.421
BTC,SELL,0.0002,9155000.000,2024-07-11 22:19:48.738
BTC,SELL,0.0008,9153258.000,2024-07-11 22:19:48.738
BTC,BUY,0.0007,9156858.000,2024-07-11 22:20:18.281
BTC,BUY,0.1000,9157340.000,2024-07-11 22:20:46.970
BTC,BUY,0.0001,9160728.000,2024-07-11 22:21:10.927
BTC,BUY,0.0541,9164206.000,2024-07-11 22:21:10.927
BTC,BUY,0.0300,9164207.000,2024-07-11 22:21:10.927
BTC,BUY,0.0158,9165049.000,2024-07-11 22:21:10.927
BTC,BUY,0.0007,9155800.000,2024-07-11 22:21:39.423
BTC,BUY,0.1000,9159460.000,2024-07-11 22:22:30.104
BTC,BUY,0.1000,9159460.000,2024-07-11 22:22:30.137
BTC,BUY,0.0140,9161580.000,2024-07-11 22:22:45.879
BTC,BUY,0.0004,9159436.000,2024-07-11 22:24:04.367
BTC,BUY,0.0980,9161580.000,2024-07-11 22:25:29.625
BTC,BUY,0.0980,9161580.000,2024-07-11 22:25:29.674
BTC,BUY,0.0001,9163875.000,2024-07-11 22:25:58.484
BTC,BUY,0.0109,9167855.000,2024-07-11 22:25:58.484
BTC,BUY,0.0002,9170000.000,2024-07-11 22:26:58.051
BTC,BUY,0.0003,9171115.000,2024-07-11 22:26:58.051
BTC,BUY,0.0001,9172710.000,2024-07-11 22:28:15.458
BTC,BUY,0.1000,9175360.000,2024-07-11 22:28:32.413
BTC,BUY,0.0001,9177480.000,2024-07-11 22:28:44.679
BTC,BUY,0.0300,9178010.000,2024-07-11 22:28:51.079
BTC,BUY,0.1000,9179600.000,2024-07-11 22:29:24.162
BTC,BUY,0.0500,9179600.000,2024-07-11 22:29:24.581
BTC,BUY,0.0002,9180000.000,2024-07-11 22:29:25.804
BTC,BUY,0.1000,9180660.000,2024-07-11 22:29:26.634
BTC,BUY,0.0055,9180660.000,2024-07-11 22:29:26.727
BTC,BUY,0.0500,9182780.000,2024-07-11 22:30:03.592
BTC,BUY,0.0333,9183310.000,2024-07-11 22:30:05.285
BTC,BUY,0.0220,9185960.000,2024-07-11 22:30:43.594
BTC,BUY,0.0028,9186850.000,2024-07-11 22:31:10.542
BTC,BUY,0.0001,9184850.000,2024-07-11 22:32:22.532
BTC,BUY,0.0004,9185625.000,2024-07-11 22:32:22.532
BTC,SELL,0.0001,9183950.000,2024-07-11 22:32:41.991
BTC,SELL,0.0050,9182685.000,2024-07-11 22:32:41.991
BTC,SELL,0.0300,9181599.000,2024-07-11 22:32:41.991
BTC,SELL,0.0262,9179536.000,2024-07-11 22:32:41.991
BTC,SELL,0.0050,9178010.000,2024-07-11 22:32:41.991
BTC,BUY,0.0001,9177628.000,2024-07-11 22:33:10.674
BTC,BUY,0.0004,9177557.000,2024-07-11 22:33:27.264
BTC,BUY,0.0046,9177628.000,2024-07-11 22:33:27.264
BTC,BUY,0.0005,9177628.000,2024-07-11 22:34:27.158
BTC,BUY,0.0090,9177628.000,2024-07-11 22:34:55.108
BTC,BUY,0.0002,9177628.000,2024-07-11 22:35:42.450
BTC,BUY,0.0030,9177628.000,2024-07-11 22:35:42.955
BTC,BUY,0.0033,9177628.000,2024-07-11 22:35:57.735
BTC,BUY,0.0023,9177628.000,2024-07-11 22:35:59.400
BTC,BUY,0.0010,9177628.000,2024-07-11 22:36:37.438
BTC,BUY,0.0097,9177628.000,2024-07-11 22:36:47.109
BTC,BUY,0.0002,9178540.000,2024-07-11 22:37:18.190
BTC,BUY,0.0010,9179070.000,2024-07-11 22:38:49.259
BTC,BUY,0.0001,9179600.000,2024-07-11 22:39:02.900
BTC,BUY,0.0010,9180130.000,2024-07-11 22:39:14.408
BTC,BUY,0.0050,9180001.000,2024-07-11 22:40:30.863
BTC,BUY,0.0010,9180660.000,2024-07-11 22:40:40.097
BTC,BUY,0.0001,9181337.000,2024-07-11 22:40:46.139
BTC,BUY,0.0010,9181337.000,2024-07-11 22:41:32.968
BTC,BUY,0.0001,9181337.000,2024-07-11 22:41:42.648
BTC,BUY,0.0019,9181337.000,2024-07-11 22:41:43.176
BTC,BUY,0.0011,9181337.000,2024-07-11 22:41:43.176
BTC,SELL,0.0001,9180000.000,2024-07-11 22:41:46.251
BTC,SELL,0.0004,9180000.000,2024-07-11 22:41:54.284
BTC,BUY,0.0001,9180494.000,2024-07-11 22:42:30.353
BTC,BUY,0.0410,9180586.000,2024-07-11 22:42:30.353
BTC,BUY,0.0051,9181595.000,2024-07-11 22:42:30.353
BTC,BUY,0.0076,9181400.000,2024-07-11 22:42:39.493
BTC,BUY,0.0008,9179146.000,2024-07-11 22:43:37.631
BTC,BUY,0.0002,9179925.000,2024-07-11 22:43:37.631
BTC,SELL,0.0050,9179070.000,2024-07-11 22:43:39.457
BTC,BUY,0.0003,9179071.000,2024-07-11 22:43:52.058
BTC,BUY,0.0001,9179536.000,2024-07-11 22:44:15.280
BTC,BUY,0.0001,9179536.000,2024-07-11 22:44:16.986
BTC,BUY,0.0002,9179424.000,2024-07-11 22:45:44.360
BTC,BUY,0.0008,9179240.000,2024-07-11 22:46:06.501
BTC,BUY,0.0012,9181315.000,2024-07-11 22:46:06.501
BTC,SELL,0.0500,9179070.000,2024-07-11 22:46:22.961
BTC,BUY,0.0006,9173225.000,2024-07-11 22:46:30.622
BTC,BUY,0.0001,9173041.000,2024-07-11 22:46:33.804
BTC,BUY,0.0029,9173225.000,2024-07-11 22:46:33.804
BTC,SELL,0.1000,9172810.000,2024-07-11 22:46:49.348
BTC,BUY,0.0010,9170300.000,2024-07-11 22:46:55.410
BTC,SELL,0.0001,9170000.000,2024-07-11 22:47:25.927
BTC,SELL,0.0010,9170000.000,2024-07-11 22:47:25.927
BTC,SELL,0.0002,9170000.000,2024-07-11 22:47:25.927
BTC,SELL,0.0024,9166000.000,2024-07-11 22:47:33.524
BTC,SELL,0.0002,9165000.000,2024-07-11 22:47:44.176
BTC,SELL,0.0002,9160000.000,2024-07-11 22:47:51.937
BTC,BUY,0.0001,9156475.000,2024-07-11 22:47:57.162
BTC,SELL,0.0002,9155000.000,2024-07-11 22:48:28.743
BTC,SELL,0.0005,9150000.000,2024-07-11 22:49:24.687
BTC,SELL,0.0002,9150000.000,2024-07-11 22:49:24.687
BTC,SELL,0.0050,9150000.000,2024-07-11 22:49:24.687
BTC,SELL,0.0300,9150000.000,2024-07-11 22:49:24.687
BTC,SELL,0.0002,9145000.000,2024-07-11 22:50:14.870
BTC,SELL,0.0248,9143125.000,2024-07-11 22:50:14.870
BTC,BUY,0.0001,9145616.000,2024-07-11 22:50:29.846
BTC,BUY,0.0001,9144740.000,2024-07-11 22:51:04.850
BTC,BUY,0.0019,9146195.000,2024-07-11 22:51:04.850
BTC,SELL,0.0100,9143001.000,2024-07-11 22:51:17.420
BTC,BUY,0.0010,9144373.000,2024-07-11 22:51:59.387
BTC,BUY,0.0010,9144189.000,2024-07-11 22:52:03.063
BTC,BUY,0.0001,9143495.000,2024-07-11 22:52:14.380
BTC,BUY,0.0001,9143494.000,2024-07-11 22:52:23.324
BTC,SELL,0.0012,9143000.000,2024-07-11 22:52:26.294
BTC,SELL,0.0002,9140000.000,2024-07-11 22:52:35.116
BTC,SELL,0.0004,9140000.000,2024-07-11 22:52:35.116
BTC,SELL,0.0002,9135000.000,2024-07-11 22:52:35.116
BTC,SELL,0.0002,9135000.000,2024-07-11 22:52:35.116
BTC,SELL,0.0111,9130001.000,2024-07-11 22:52:35.116
BTC,SELL,0.0004,9130000.000,2024-07-11 22:52:35.116
BTC,SELL,0.0001,9130000.000,2024-07-11 22:52:35.116
BTC,SELL,0.0010,9130000.000,2024-07-11 22:52:35.116
BTC,SELL,0.0002,9130000.000,2024-07-11 22:52:35.116
BTC,SELL,0.0262,9128932.000,2024-07-11 22:52:35.116
BTC,SELL,0.0038,9128932.000,2024-07-11 22:52:35.669
BTC,SELL,0.0810,9128932.000,2024-07-11 22:52:35.669
BTC,SELL,0.0005,9128900.000,2024-07-11 22:52:35.669
BTC,SELL,0.0100,9128494.000,2024-07-11 22:52:35.669
BTC,SELL,0.0047,9127360.000,2024-07-11 22:52:35.669
BTC,BUY,0.0090,9129780.000,2024-07-11 22:52:36.294
BTC,BUY,0.0100,9131791.000,2024-07-11 22:52:41.590
BTC,BUY,0.0100,9133380.000,2024-07-11 22:52:41.590
BTC,BUY,0.0300,9133381.000,2024-07-11 22:52:41.590
BTC,BUY,0.0173,9134127.000,2024-07-11 22:52:41.590
BTC,BUY,0.0300,9134173.000,2024-07-11 22:52:41.590
BTC,BUY,0.0042,9135562.000,2024-07-11 22:52:41.590
BTC,BUY,0.0020,9136669.000,2024-07-11 22:53:09.782
BTC,BUY,0.0010,9138002.000,2024-07-11 22:53:12.818
BTC,BUY,0.0080,9138372.000,2024-07-11 22:53:22.898
BTC,SELL,0.0100,9138372.000,2024-07-11 22:53:26.851
BTC,SELL,0.0002,9138371.000,2024-07-11 22:53:26.851
BTC,SELL,0.0037,9138371.000,2024-07-11 22:53:26.851
BTC,SELL,0.0002,9138789.000,2024-07-11 22:53:32.284
BTC,SELL,0.0100,9136850.000,2024-07-11 22:53:32.284
BTC,SELL,0.0300,9136849.000,2024-07-11 22:53:32.284
BTC,SELL,0.0063,9134798.000,2024-07-11 22:53:32.284
BTC,SELL,0.0300,9133154.000,2024-07-11 22:53:32.284
BTC,SELL,0.0035,9132039.000,2024-07-11 22:53:32.284
BTC,BUY,0.0001,9134020.000,2024-07-11 22:53:33.957
BTC,BUY,0.0049,9136140.000,2024-07-11 22:53:43.406
BTC,BUY,0.0001,9136140.000,2024-07-11 22:53:43.623
BTC,BUY,0.1000,9141970.000,2024-07-11 22:54:28.970
BTC,BUY,0.0010,9143030.000,2024-07-11 22:54:29.582
BTC,BUY,0.0300,9143906.000,2024-07-11 22:54:41.263
BTC,BUY,0.0700,9144090.000,2024-07-11 22:54:41.263
BTC,BUY,0.0125,9147200.000,2024-07-11 22:56:27.939
BTC,BUY,0.0375,9147270.000,2024-07-11 22:56:27.939
BTC,BUY,0.0003,9147800.000,2024-07-11 22:56:31.134
BTC,BUY,0.0500,9149920.000,2024-07-11 22:56:33.674
BTC,BUY,0.0010,9149689.000,2024-07-11 22:58:12.531
BTC,BUY,0.0090,9149994.000,2024-07-11 22:58:36.331
BTC,BUY,0.0206,9149995.000,2024-07-11 22:58:36.331
BTC,BUY,0.0001,9150000.000,2024-07-11 22:58:36.331
BTC,BUY,0.0503,9152570.000,2024-07-11 22:58:51.257
BTC,BUY,0.0060,9153100.000,2024-07-11 22:59:38.881
BTC,BUY,0.0002,9154160.000,2024-07-11 23:00:26.011
BTC,BUY,0.0004,9154160.000,2024-07-11 23:00:43.315
BTC,BUY,0.0003,9154160.000,2024-07-11 23:01:02.359
BTC,BUY,0.0001,9159460.000,2024-07-11 23:01:27.032
BTC,BUY,0.0014,9159566.000,2024-07-11 23:01:27.914
BTC,BUY,0.0001,9159566.000,2024-07-11 23:01:37.301
BTC,BUY,0.0023,9159566.000,2024-07-11 23:01:50.427
BTC,BUY,0.0077,9161066.000,2024-07-11 23:01:50.427
BTC,BUY,0.0002,9163170.000,2024-07-11 23:03:25.716
BTC,SELL,0.0100,9163169.000,2024-07-11 23:05:36.372
BTC,SELL,0.0050,9163169.000,2024-07-11 23:05:36.931
BTC,SELL,0.0150,9163169.000,2024-07-11 23:05:37.390
BTC,SELL,0.0050,9156160.000,2024-07-11 23:05:37.445
BTC,SELL,0.0050,9163169.000,2024-07-11 23:05:47.551
BTC,SELL,0.0050,9163169.000,2024-07-11 23:05:48.017
BTC,SELL,0.0100,9163169.000,2024-07-11 23:05:48.018
BTC,BUY,0.0090,9154535.000,2024-07-11 23:05:59.858
BTC,BUY,0.0002,9154160.000,2024-07-11 23:06:34.058
BTC,BUY,0.0040,9154160.000,2024-07-11 23:07:20.041
BTC,SELL,0.0002,9154159.000,2024-07-11 23:07:28.408
BTC,BUY,0.0100,9154082.000,2024-07-11 23:07:46.564
BTC,BUY,0.0058,9154082.000,2024-07-11 23:07:47.298
BTC,BUY,0.0010,9155749.000,2024-07-11 23:07:47.298
BTC,BUY,0.0933,9155750.000,2024-07-11 23:07:47.298
BTC,BUY,0.0050,9156810.000,2024-07-11 23:08:05.905
BTC,BUY,0.0050,9158830.000,2024-07-11 23:08:06.364
BTC,BUY,0.0001,9160520.000,2024-07-11 23:08:22.521
BTC,BUY,0.0100,9156460.000,2024-07-11 23:08:26.814
BTC,BUY,0.0200,9156460.000,2024-07-11 23:08:26.818
BTC,BUY,0.0050,9156460.000,2024-07-11 23:08:27.171
BTC,BUY,0.0050,9156460.000,2024-07-11 23:08:27.767
BTC,BUY,0.0015,9158400.000,2024-07-11 23:08:45.408
BTC,BUY,0.0002,9158930.000,2024-07-11 23:08:53.276
BTC,BUY,0.0007,9158007.000,2024-07-11 23:10:53.489
BTC,SELL,0.0005,9155287.000,2024-07-11 23:10:56.168
BTC,BUY,0.0010,9155750.000,2024-07-11 23:11:48.504
BTC,BUY,0.0020,9159990.000,2024-07-11 23:11:59.776
BTC,BUY,0.0010,9160520.000,2024-07-11 23:12:21.860
BTC,BUY,0.0020,9157841.000,2024-07-11 23:15:16.833
BTC,SELL,0.0003,9157830.000,2024-07-11 23:15:47.503
BTC,SELL,0.0050,9157830.000,2024-07-11 23:15:50.080
BTC,SELL,0.0050,9157830.000,2024-07-11 23:15:50.573
BTC,SELL,0.0050,9157830.000,2024-07-11 23:15:51.471
BTC,SELL,0.0050,9157830.000,2024-07-11 23:15:55.655
BTC,SELL,0.0050,9157830.000,2024-07-11 23:15:56.619
BTC,SELL,0.0050,9157830.000,2024-07-11 23:15:57.197
BTC,SELL,0.0050,9157830.000,2024-07-11 23:15:57.710
BTC,SELL,0.0100,9157830.000,2024-07-11 23:15:57.893
BTC,SELL,0.0050,9157830.000,2024-07-11 23:15:58.209
BTC,SELL,0.0200,9157830.000,2024-07-11 23:15:58.397
BTC,SELL,0.0100,9157830.000,2024-07-11 23:15:59.162
BTC,SELL,0.0050,9157830.000,2024-07-11 23:15:59.704
BTC,SELL,0.0100,9157830.000,2024-07-11 23:16:05.477
BTC,SELL,0.0139,9157830.000,2024-07-11 23:16:05.479
BTC,SELL,0.0005,9150000.000,2024-07-11 23:16:05.805
BTC,SELL,0.0045,9149241.000,2024-07-11 23:16:05.805
BTC,SELL,0.0001,9149000.000,2024-07-11 23:16:08.815
BTC,SELL,0.0049,9145781.000,2024-07-11 23:16:08.815
BTC,SELL,0.0010,9145000.000,2024-07-11 23:16:42.009
BTC,SELL,0.0017,9144964.000,2024-07-11 23:16:42.009
BTC,SELL,0.0006,9143440.000,2024-07-11 23:16:42.009
BTC,BUY,0.0001,9144090.000,2024-07-11 23:16:43.184
BTC,BUY,0.0023,9143794.000,2024-07-11 23:16:49.009
BTC,BUY,0.0005,9145680.000,2024-07-11 23:16:49.009
BTC,BUY,0.0002,9143370.000,2024-07-11 23:17:32.912
BTC,BUY,0.0001,9143001.000,2024-07-11 23:17:46.936
BTC,BUY,0.0002,9143560.000,2024-07-11 23:18:11.589
BTC,BUY,0.0050,9146210.000,2024-07-11 23:18:31.048
BTC,BUY,0.0068,9148860.000,2024-07-11 23:18:32.391
BTC,BUY,0.0050,9150830.000,2024-07-11 23:19:21.232
BTC,BUY,0.0054,9147225.000,2024-07-11 23:21:20.842
BTC,BUY,0.0010,9147355.000,2024-07-11 23:21:21.975
BTC,SELL,0.0020,9145815.000,2024-07-11 23:21:38.510
BTC,SELL,0.0002,9145000.000,2024-07-11 23:21:44.490
BTC,BUY,0.0010,9143080.000,2024-07-11 23:22:23.217
BTC,BUY,0.0020,9145150.000,2024-07-11 23:23:45.273
BTC,BUY,0.0010,9145610.000,2024-07-11 23:23:53.449
BTC,SELL,0.0003,9148320.000,2024-07-11 23:25:39.258
BTC,SELL,0.0002,9148282.000,2024-07-11 23:25:39.258
BTC,BUY,0.0074,9150511.000,2024-07-11 23:25:47.182
BTC,BUY,0.0153,9150511.000,2024-07-11 23:25:50.670
BTC,BUY,0.0050,9150511.000,2024-07-11 23:25:55.745
BTC,BUY,0.0059,9150511.000,2024-07-11 23:25:58.181
BTC,BUY,0.0011,9150980.000,2024-07-11 23:25:58.181
BTC,SELL,0.0017,9151509.000,2024-07-11 23:26:02.277
BTC,BUY,0.0200,9159460.000,2024-07-11 23:27:19.426
BTC,SELL,0.0160,9160155.000,2024-07-11 23:28:09.887
BTC,SELL,0.0033,9159530.000,2024-07-11 23:28:11.277
BTC,SELL,0.0020,9151701.000,2024-07-11 23:28:13.340
BTC,SELL,0.0100,9151696.000,2024-07-11 23:28:13.340
BTC,SELL,0.0125,9150560.000,2024-07-11 23:28:13.340
BTC,SELL,0.0771,9150510.000,2024-07-11 23:28:13.340
BTC,SELL,0.0128,9149711.000,2024-07-11 23:28:13.340
BTC,SELL,0.0400,9149365.000,2024-07-11 23:28:13.340
BTC,SELL,0.0082,9148996.000,2024-07-11 23:28:13.340
BTC,SELL,0.2374,9145610.000,2024-07-11 23:28:13.340
BTC,SELL,0.0011,9147826.000,2024-07-11 23:28:13.796
BTC,SELL,0.0022,9145610.000,2024-07-11 23:28:13.796
BTC,SELL,0.0160,9145610.000,2024-07-11 23:28:14.099
BTC,SELL,0.0400,9145610.000,2024-07-11 23:28:14.366
BTC,SELL,0.0125,9145680.000,2024-07-11 23:28:15.311
BTC,SELL,0.0075,9145610.000,2024-07-11 23:28:15.311
BTC,SELL,0.0135,9145610.000,2024-07-11 23:28:15.882
BTC,SELL,0.1834,9145610.000,2024-07-11 23:28:16.572
BTC,SELL,0.0016,9143001.000,2024-07-11 23:28:16.572
BTC,SELL,0.0005,9143000.000,2024-07-11 23:28:16.572
BTC,SELL,0.0020,9142638.000,2024-07-11 23:28:16.572
BTC,SELL,0.0002,9140000.000,2024-07-11 23:28:16.572
BTC,SELL,0.0002,9135000.000,2024-07-11 23:28:16.572
BTC,SELL,0.0001,9130000.000,2024-07-11 23:28:16.572
BTC,SELL,0.0002,9125000.000,2024-07-11 23:28:16.572
BTC,SELL,0.0300,9122563.000,2024-07-11 23:28:16.572
BTC,SELL,0.0001,9122360.000,2024-07-11 23:28:16.572
BTC,SELL,0.1000,9120000.000,2024-07-11 23:28:16.572
BTC,SELL,0.0004,9120000.000,2024-07-11 23:28:16.572
BTC,SELL,0.0002,9120000.000,2024-07-11 23:28:16.572
BTC,SELL,0.0050,9120000.000,2024-07-11 23:28:16.572
BTC,SELL,0.0011,9119181.000,2024-07-11 23:28:16.572
BTC,SELL,0.0001,9116299.000,2024-07-11 23:28:16.572
BTC,SELL,0.0749,9115470.000,2024-07-11 23:28:16.572
BTC,SELL,0.0070,9115520.000,2024-07-11 23:28:18.696
BTC,SELL,0.0010,9115613.000,2024-07-11 23:28:19.207
BTC,SELL,0.0040,9115520.000,2024-07-11 23:28:19.207
BTC,SELL,0.0015,9115520.000,2024-07-11 23:28:20.597
BTC,SELL,0.0050,9115471.000,2024-07-11 23:28:20.597
BTC,SELL,0.0235,9115470.000,2024-07-11 23:28:20.597
BTC,SELL,0.0005,9115470.000,2024-07-11 23:28:20.673
BTC,SELL,0.0011,9115470.000,2024-07-11 23:28:23.548
BTC,SELL,0.0002,9115000.000,2024-07-11 23:28:23.548
BTC,SELL,0.0050,9112000.000,2024-07-11 23:28:23.548
BTC,SELL,0.0002,9111000.000,2024-07-11 23:28:23.548
BTC,SELL,0.0001,9110200.000,2024-07-11 23:28:23.548
BTC,SELL,0.0004,9110000.000,2024-07-11 23:28:23.548
BTC,BUY,0.0050,9114660.000,2024-07-11 23:28:29.251
BTC,SELL,0.0050,9113525.000,2024-07-11 23:28:30.738
BTC,SELL,0.0050,9113525.000,2024-07-11 23:28:31.061
BTC,SELL,0.0010,9111520.000,2024-07-11 23:28:31.061
BTC,BUY,0.0200,9113558.000,2024-07-11 23:28:31.065
BTC,SELL,0.0115,9111520.000,2024-07-11 23:28:31.627
BTC,SELL,0.0001,9110000.000,2024-07-11 23:28:31.627
BTC,SELL,0.0005,9110000.000,2024-07-11 23:28:31.627
BTC,SELL,0.0004,9110000.000,2024-07-11 23:28:31.627
BTC,SELL,0.0010,9110000.000,2024-07-11 23:28:31.627
BTC,SELL,0.0100,9110000.000,2024-07-11 23:28:31.627
BTC,SELL,0.0255,9109426.000,2024-07-11 23:28:31.627
BTC,BUY,0.0548,9113650.000,2024-07-11 23:28:32.166
BTC,SELL,0.0002,9114949.000,2024-07-11 23:28:35.676
BTC,SELL,0.0005,9108900.000,2024-07-11 23:28:38.325
BTC,SELL,0.0002,9108900.000,2024-07-11 23:28:44.184
BTC,SELL,0.0001,9108267.000,2024-07-11 23:28:44.440
BTC,BUY,0.0920,9105810.000,2024-07-11 23:28:49.094
BTC,BUY,0.0780,9106000.000,2024-07-11 23:28:49.094
BTC,BUY,0.0011,9106000.000,2024-07-11 23:28:49.247
BTC,BUY,0.0300,9105148.000,2024-07-11 23:28:49.622
BTC,BUY,0.0300,9105148.000,2024-07-11 23:28:49.622
BTC,SELL,0.0001,9105147.000,2024-07-11 23:28:50.844
BTC,SELL,0.0002,9105000.000,2024-07-11 23:28:50.844
BTC,SELL,0.0005,9102800.000,2024-07-11 23:28:50.844
BTC,SELL,0.0100,9102219.000,2024-07-11 23:28:50.844
BTC,SELL,0.0010,9101000.000,2024-07-11 23:28:50.844
BTC,SELL,0.0050,9101000.000,2024-07-11 23:28:50.844
BTC,SELL,0.0101,9100320.000,2024-07-11 23:28:50.844
BTC,SELL,0.0024,9100080.000,2024-07-11 23:29:03.560
BTC,SELL,0.0001,9100050.000,2024-07-11 23:29:03.560
BTC,SELL,0.0010,9100000.000,2024-07-11 23:29:03.560
BTC,SELL,0.0065,9100000.000,2024-07-11 23:29:03.560
BTC,BUY,0.0006,9102483.000,2024-07-11 23:29:03.707
BTC,BUY,0.0002,9102574.000,2024-07-11 23:29:03.707
BTC,BUY,0.0008,9102575.000,2024-07-11 23:29:03.707
BTC,BUY,0.0011,9102666.000,2024-07-11 23:29:03.707
BTC,BUY,0.0033,9102667.000,2024-07-11 23:29:03.707
BTC,SELL,0.0035,9100000.000,2024-07-11 23:29:04.981
BTC,SELL,0.0004,9100000.000,2024-07-11 23:29:04.981
BTC,SELL,0.0002,9100000.000,2024-07-11 23:29:04.981
BTC,SELL,0.0002,9100000.000,2024-07-11 23:29:04.981
BTC,SELL,0.0020,9100000.000,2024-07-11 23:29:04.981
BTC,SELL,0.0001,9100000.000,2024-07-11 23:29:04.981
BTC,SELL,0.0001,9100000.000,2024-07-11 23:29:04.981
BTC,SELL,0.0001,9100000.000,2024-07-11 23:29:04.981
BTC,SELL,0.0010,9100000.000,2024-07-11 23:29:04.981
BTC,SELL,0.0010,9100000.000,2024-07-11 23:29:04.981
BTC,SELL,0.0012,9100000.000,2024-07-11 23:29:04.981
BTC,SELL,0.0200,9100000.000,2024-07-11 23:29:04.981
BTC,SELL,0.0025,9100000.000,2024-07-11 23:29:04.981
BTC,SELL,0.0250,9100000.000,2024-07-11 23:29:04.981
BTC,SELL,0.0001,9100000.000,2024-07-11 23:29:04.981
BTC,SELL,0.0002,9100000.000,2024-07-11 23:29:04.981
BTC,SELL,0.0170,9100000.000,2024-07-11 23:29:04.981
BTC,SELL,0.0100,9100000.000,2024-07-11 23:29:04.981
BTC,SELL,0.0001,9100000.000,2024-07-11 23:29:04.981
BTC,SELL,0.0020,9100000.000,2024-07-11 23:29:04.981
BTC,SELL,0.0001,9100000.000,2024-07-11 23:29:04.981
BTC,SELL,0.0001,9100000.000,2024-07-11 23:29:04.981
BTC,SELL,0.0001,9100000.000,2024-07-11 23:29:04.981
BTC,SELL,0.0010,9100000.000,2024-07-11 23:29:04.981
BTC,SELL,0.0010,9100000.000,2024-07-11 23:29:04.981
BTC,SELL,0.0100,9100000.000,2024-07-11 23:29:04.981
BTC,SELL,0.0004,9100000.000,2024-07-11 23:29:04.981
BTC,SELL,0.0006,9100000.000,2024-07-11 23:29:04.981
BTC,SELL,0.0014,9100000.000,2024-07-11 23:29:06.714
BTC,SELL,0.0094,9097271.000,2024-07-11 23:29:07.116
BTC,SELL,0.0010,9095012.000,2024-07-11 23:29:07.367
BTC,SELL,0.0005,9092580.000,2024-07-11 23:29:07.367
BTC,SELL,0.0011,9090100.000,2024-07-11 23:29:07.367
BTC,SELL,0.0003,9090000.000,2024-07-11 23:29:07.367
BTC,SELL,0.0001,9090000.000,2024-07-11 23:29:07.367
BTC,SELL,0.0020,9090000.000,2024-07-11 23:29:07.367
BTC,SELL,0.0001,9090000.000,2024-07-11 23:29:07.367
BTC,SELL,0.0001,9090000.000,2024-07-11 23:29:07.367
BTC,SELL,0.0100,9090000.000,2024-07-11 23:29:07.367
BTC,SELL,0.0004,9090000.000,2024-07-11 23:29:07.367
BTC,SELL,0.0010,9090000.000,2024-07-11 23:29:07.367
BTC,SELL,0.0034,9090000.000,2024-07-11 23:29:07.367
BTC,BUY,0.0050,9090560.000,2024-07-11 23:29:08.429
BTC,BUY,0.0050,9090480.000,2024-07-11 23:29:08.938
BTC,BUY,0.0050,9090469.000,2024-07-11 23:29:09.443
BTC,SELL,0.0465,9090005.000,2024-07-11 23:29:10.179
BTC,BUY,0.0050,9091090.000,2024-07-11 23:29:10.488
BTC,BUY,0.0075,9091040.000,2024-07-11 23:29:10.588
BTC,BUY,0.0004,9091090.000,2024-07-11 23:29:10.588
BTC,BUY,0.0032,9090005.000,2024-07-11 23:29:13.442
BTC,SELL,0.0066,9090000.000,2024-07-11 23:29:14.509
BTC,SELL,0.0010,9090000.000,2024-07-11 23:29:14.509
BTC,SELL,0.0001,9090000.000,2024-07-11 23:29:14.509
BTC,SELL,0.0100,9090000.000,2024-07-11 23:29:16.712
BTC,SELL,0.0010,9090000.000,2024-07-11 23:29:16.712
BTC,SELL,0.0010,9088000.000,2024-07-11 23:29:17.740
BTC,SELL,0.0010,9087516.000,2024-07-11 23:29:18.182
BTC,SELL,0.0005,9085977.000,2024-07-11 23:29:19.188
BTC,SELL,0.0020,9085200.000,2024-07-11 23:29:20.051
BTC,SELL,0.0331,9085200.000,2024-07-11 23:29:20.972
BTC,BUY,0.0005,9085920.000,2024-07-11 23:29:21.006
BTC,SELL,0.0070,9085200.000,2024-07-11 23:29:21.785
BTC,SELL,0.0004,9085200.000,2024-07-11 23:29:22.282
BTC,SELL,0.0032,9085200.000,2024-07-11 23:29:22.506
BTC,SELL,0.0043,9085200.000,2024-07-11 23:29:24.381
BTC,SELL,0.0002,9085200.000,2024-07-11 23:29:24.381
BTC,SELL,0.0005,9084800.000,2024-07-11 23:29:29.020
BTC,SELL,0.0200,9082000.000,2024-07-11 23:29:29.020
BTC,SELL,0.0008,9080000.000,2024-07-11 23:29:29.020
BTC,SELL,0.0010,9080000.000,2024-07-11 23:29:29.020
BTC,SELL,0.0050,9080000.000,2024-07-11 23:29:29.020
BTC,SELL,0.0001,9080000.000,2024-07-11 23:29:29.020
BTC,SELL,0.0001,9080000.000,2024-07-11 23:29:29.020
BTC,SELL,0.0030,9080000.000,2024-07-11 23:29:29.020
BTC,SELL,0.0003,9080000.000,2024-07-11 23:29:29.020
BTC,SELL,0.0210,9080000.000,2024-07-11 23:29:29.020
BTC,SELL,0.0200,9080000.000,2024-07-11 23:29:31.240
BTC,SELL,0.0090,9080000.000,2024-07-11 23:29:31.311
BTC,SELL,0.0030,9080000.000,2024-07-11 23:29:31.311
BTC,SELL,0.0004,9080000.000,2024-07-11 23:29:31.311
BTC,SELL,0.0100,9078965.000,2024-07-11 23:29:31.311
BTC,SELL,0.0010,9076394.000,2024-07-11 23:29:31.311
BTC,SELL,0.0001,9070000.000,2024-07-11 23:29:31.311
BTC,SELL,0.0001,9070000.000,2024-07-11 23:29:31.311
BTC,SELL,0.0001,9070000.000,2024-07-11 23:29:31.311
BTC,SELL,0.0003,9070000.000,2024-07-11 23:29:31.311
BTC,SELL,0.0004,9070000.000,2024-07-11 23:29:31.311
BTC,SELL,0.0056,9067280.000,2024-07-11 23:29:31.311
BTC,SELL,0.0005,9067280.000,2024-07-11 23:29:34.043
BTC,SELL,0.0990,9067290.000,2024-07-11 23:29:35.090
BTC,SELL,0.0473,9066449.000,2024-07-11 23:29:36.616
BTC,SELL,0.0010,9065272.000,2024-07-11 23:29:39.179
BTC,BUY,0.0068,9065650.000,2024-07-11 23:29:56.991
BTC,BUY,0.0068,9065920.000,2024-07-11 23:29:58.273
BTC,BUY,0.3932,9066180.000,2024-07-11 23:29:58.273
BTC,BUY,0.0120,9066560.000,2024-07-11 23:29:59.378
BTC,BUY,0.0990,9066600.000,2024-07-11 23:29:59.378
BTC,SELL,0.0002,9066720.000,2024-07-11 23:29:59.938
BTC,BUY,0.0070,9068299.000,2024-07-11 23:30:02.813
BTC,BUY,0.0021,9068299.000,2024-07-11 23:30:02.817
BTC,BUY,0.0309,9068299.000,2024-07-11 23:30:02.820
BTC,BUY,0.0050,9070862.000,2024-07-11 23:30:03.283
BTC,BUY,0.0050,9071909.000,2024-07-11 23:30:03.949
BTC,BUY,0.0281,9071909.000,2024-07-11 23:30:04.005
BTC,BUY,0.0050,9071840.000,2024-07-11 23:30:05.117
BTC,BUY,0.0075,9071840.000,2024-07-11 23:30:05.499
BTC,BUY,0.0669,9071909.000,2024-07-11 23:30:05.499
BTC,BUY,0.0050,9073085.000,2024-07-11 23:30:07.067
BTC,BUY,0.0050,9073085.000,2024-07-11 23:30:07.592
BTC,BUY,0.0057,9073085.000,2024-07-11 23:30:08.197
BTC,BUY,0.0843,9073085.000,2024-07-11 23:30:08.265
BTC,BUY,0.0107,9073120.000,2024-07-11 23:30:08.265
BTC,SELL,0.0009,9073084.000,2024-07-11 23:30:08.572
BTC,BUY,0.0018,9073120.000,2024-07-11 23:30:09.287
BTC,BUY,0.0020,9081353.000,2024-07-11 23:30:11.845
BTC,BUY,0.0030,9083852.000,2024-07-11 23:30:12.787
BTC,BUY,0.0120,9083973.000,2024-07-11 23:30:12.787
BTC,BUY,0.0001,9084080.000,2024-07-11 23:30:14.348
BTC,SELL,0.0010,9092279.000,2024-07-11 23:30:37.581
BTC,BUY,0.0400,9092280.000,2024-07-11 23:30:38.736
BTC,BUY,0.0400,9092280.000,2024-07-11 23:30:38.740
BTC,BUY,0.0124,9092320.000,2024-07-11 23:30:38.957
BTC,BUY,0.0053,9093055.000,2024-07-11 23:30:38.957
BTC,BUY,0.0125,9097760.000,2024-07-11 23:30:40.486
BTC,BUY,0.0698,9097786.000,2024-07-11 23:30:40.486
BTC,BUY,0.0302,9097786.000,2024-07-11 23:30:40.496
BTC,BUY,0.0125,9101760.000,2024-07-11 23:30:43.118
BTC,BUY,0.0760,9102640.000,2024-07-11 23:30:43.118
BTC,BUY,0.0001,9102640.000,2024-07-11 23:30:43.271
BTC,BUY,0.1000,9107200.000,2024-07-11 23:30:43.683
BTC,BUY,0.0004,9110000.000,2024-07-11 23:30:47.622
BTC,BUY,0.0100,9112320.000,2024-07-11 23:30:49.273
BTC,BUY,0.0003,9120000.000,2024-07-11 23:30:56.039
BTC,BUY,0.0001,9120000.000,2024-07-11 23:31:02.331
BTC,BUY,0.0025,9120080.000,2024-07-11 23:31:02.563
BTC,BUY,0.0001,9125540.000,2024-07-11 23:31:04.021
BTC,BUY,0.0004,9130000.000,2024-07-11 23:32:18.760
BTC,BUY,0.0005,9130001.000,2024-07-11 23:33:16.023
BTC,BUY,0.0008,9131900.000,2024-07-11 23:33:49.189
BTC,BUY,0.0007,9133490.000,2024-07-11 23:34:23.506
BTC,BUY,0.0010,9134732.000,2024-07-11 23:34:45.663
BTC,SELL,0.0009,9132105.000,2024-07-11 23:34:49.417
BTC,SELL,0.0091,9131142.000,2024-07-11 23:34:49.417
BTC,BUY,0.0025,9131143.000,2024-07-11 23:34:54.721
BTC,BUY,0.0001,9131143.000,2024-07-11 23:35:10.845
BTC,BUY,0.0135,9131143.000,2024-07-11 23:35:12.778
BTC,BUY,0.0002,9131143.000,2024-07-11 23:35:12.778
BTC,BUY,0.0010,9130001.000,2024-07-11 23:35:21.993
BTC,BUY,0.0011,9130001.000,2024-07-11 23:35:54.477
BTC,SELL,0.0001,9130000.000,2024-07-11 23:35:58.786
BTC,SELL,0.0125,9127440.000,2024-07-11 23:35:58.786
BTC,SELL,0.0134,9127398.000,2024-07-11 23:35:58.786
BTC,BUY,0.0008,9126265.000,2024-07-11 23:36:13.101
BTC,BUY,0.0009,9126265.000,2024-07-11 23:36:13.571
BTC,BUY,0.0009,9126265.000,2024-07-11 23:36:14.137
BTC,BUY,0.0016,9126265.000,2024-07-11 23:36:15.285
BTC,BUY,0.0002,9126265.000,2024-07-11 23:36:15.802
BTC,BUY,0.0014,9126265.000,2024-07-11 23:36:15.802
BTC,BUY,0.0005,9126265.000,2024-07-11 23:36:17.250
BTC,BUY,0.0002,9126265.000,2024-07-11 23:36:21.757
BTC,BUY,0.0008,9126600.000,2024-07-11 23:36:21.757
BTC,BUY,0.0009,9127921.000,2024-07-11 23:36:48.729
BTC,SELL,0.0001,9127920.000,2024-07-11 23:36:50.269
BTC,BUY,0.0008,9127921.000,2024-07-11 23:36:50.427
BTC,BUY,0.0007,9127921.000,2024-07-11 23:36:52.338
BTC,BUY,0.0007,9128001.000,2024-07-11 23:37:01.618
BTC,BUY,0.0005,9128001.000,2024-07-11 23:37:03.497
BTC,BUY,0.0008,9128001.000,2024-07-11 23:37:05.501
BTC,BUY,0.0007,9128001.000,2024-07-11 23:37:07.603
BTC,BUY,0.0009,9128001.000,2024-07-11 23:37:10.079
BTC,BUY,0.0007,9128001.000,2024-07-11 23:37:11.688
BTC,BUY,0.0009,9128001.000,2024-07-11 23:37:13.733
BTC,BUY,0.0009,9128001.000,2024-07-11 23:37:16.876
BTC,BUY,0.0052,9128001.000,2024-07-11 23:37:20.713
BTC,BUY,0.0490,9128112.000,2024-07-11 23:37:20.713
BTC,BUY,0.0100,9130429.000,2024-07-11 23:37:27.407
BTC,BUY,0.0547,9130429.000,2024-07-11 23:37:27.745
BTC,BUY,0.0004,9130429.000,2024-07-11 23:37:28.153
BTC,BUY,0.0100,9130429.000,2024-07-11 23:37:28.337
BTC,BUY,0.0249,9130429.000,2024-07-11 23:37:28.750
BTC,BUY,0.0011,9138790.000,2024-07-11 23:37:34.751
BTC,SELL,0.0100,9138800.000,2024-07-11 23:37:43.917
BTC,SELL,0.0024,9132560.000,2024-07-11 23:38:26.808
BTC,SELL,0.0225,9132503.000,2024-07-11 23:38:26.808
BTC,SELL,0.0022,9134101.000,2024-07-11 23:39:29.497
BTC,BUY,0.0547,9136001.000,2024-07-11 23:39:38.410
BTC,BUY,0.1000,9139701.000,2024-07-11 23:39:40.187
BTC,BUY,0.0004,9140000.000,2024-07-11 23:39:40.495
BTC,BUY,0.0001,9140000.000,2024-07-11 23:39:40.495
BTC,BUY,0.0002,9140000.000,2024-07-11 23:39:40.495
BTC,BUY,0.0278,9146049.000,2024-07-11 23:39:48.612
BTC,BUY,0.0100,9147561.000,2024-07-11 23:39:50.998
BTC,BUY,0.0004,9150000.000,2024-07-11 23:40:00.806
BTC,BUY,0.0002,9150000.000,2024-07-11 23:40:00.806
BTC,BUY,0.0064,9150502.000,2024-07-11 23:40:00.806
BTC,SELL,0.0005,9150000.000,2024-07-11 23:40:03.087
BTC,BUY,0.0100,9145209.000,2024-07-11 23:41:33.951
BTC,SELL,0.0001,9146209.000,2024-07-11 23:42:20.841
BTC,BUY,0.0028,9146740.000,2024-07-11 23:42:26.041
BTC,BUY,0.0100,9141868.000,2024-07-11 23:42:46.437
BTC,BUY,0.0002,9150000.000,2024-07-11 23:44:05.468
BTC,SELL,0.0016,9159459.000,2024-07-11 23:44:52.942
BTC,SELL,0.0004,9159459.000,2024-07-11 23:44:54.898
BTC,SELL,0.0028,9159999.000,2024-07-11 23:46:28.932
BTC,SELL,0.0072,9154720.000,2024-07-11 23:46:28.932
BTC,SELL,0.0010,9154669.000,2024-07-11 23:46:39.638
BTC,SELL,0.0040,9145478.000,2024-07-11 23:46:47.246
BTC,SELL,0.0048,9142480.000,2024-07-11 23:46:47.246
BTC,SELL,0.0003,9141868.000,2024-07-11 23:46:56.353
BTC,SELL,0.0125,9135840.000,2024-07-11 23:46:56.353
BTC,SELL,0.0684,9135822.000,2024-07-11 23:46:56.353
BTC,SELL,0.0002,9135000.000,2024-07-11 23:47:24.070
BTC,SELL,0.0100,9131523.000,2024-07-11 23:47:24.070
BTC,SELL,0.0100,9129751.000,2024-07-11 23:47:24.070
BTC,SELL,0.0002,9135000.000,2024-07-11 23:47:25.686
BTC,SELL,0.0748,9128584.000,2024-07-11 23:47:25.686
BTC,SELL,0.0222,9128584.000,2024-07-11 23:47:25.904
BTC,SELL,0.0980,9126580.000,2024-07-11 23:47:25.904
BTC,SELL,0.0173,9125865.000,2024-07-11 23:47:25.904
BTC,SELL,0.0100,9125290.000,2024-07-11 23:47:25.904
BTC,BUY,0.0134,9122992.000,2024-07-11 23:47:27.865
BTC,BUY,0.0006,9122992.000,2024-07-11 23:47:27.865
BTC,BUY,0.0022,9122992.000,2024-07-11 23:47:28.307
BTC,BUY,0.0100,9122991.000,2024-07-11 23:47:29.407
BTC,BUY,0.0100,9116670.000,2024-07-11 23:47:30.427
BTC,BUY,0.0061,9116670.000,2024-07-11 23:47:31.205
BTC,BUY,0.0002,9116670.000,2024-07-11 23:47:31.210
BTC,SELL,0.0002,9115000.000,2024-07-11 23:47:35.042
BTC,SELL,0.0004,9110000.000,2024-07-11 23:47:35.042
BTC,SELL,0.0054,9109574.000,2024-07-11 23:47:35.042
BTC,BUY,0.0005,9107137.000,2024-07-11 23:47:38.524
BTC,BUY,0.0810,9100001.000,2024-07-11 23:47:59.211
BTC,BUY,0.0665,9100025.000,2024-07-11 23:47:59.211
BTC,BUY,0.0052,9100344.000,2024-07-11 23:48:04.058
BTC,BUY,0.0900,9100344.000,2024-07-11 23:48:05.320
BTC,BUY,0.0048,9100344.000,2024-07-11 23:48:05.640
BTC,BUY,0.0012,9105070.000,2024-07-11 23:48:05.640
BTC,BUY,0.0100,9109839.000,2024-07-11 23:48:10.560
BTC,BUY,0.0125,9109840.000,2024-07-11 23:48:10.560
BTC,BUY,0.0065,9110745.000,2024-07-11 23:48:11.105
BTC,BUY,0.0400,9116603.000,2024-07-11 23:48:12.526
BTC,SELL,0.0140,9116602.000,2024-07-11 23:48:13.860
BTC,BUY,0.1000,9116940.000,2024-07-11 23:48:17.502
BTC,BUY,0.0001,9118637.000,2024-07-11 23:48:57.534
BTC,BUY,0.0500,9118637.000,2024-07-11 23:48:58.746
BTC,SELL,0.0125,9119680.000,2024-07-11 23:49:17.431
BTC,SELL,0.0700,9115895.000,2024-07-11 23:49:20.427
BTC,SELL,0.0050,9110780.000,2024-07-11 23:49:32.658
BTC,SELL,0.0030,9105070.000,2024-07-11 23:49:41.804
BTC,SELL,0.0002,9105000.000,2024-07-11 23:49:41.804
BTC,SELL,0.0125,9104960.000,2024-07-11 23:49:41.804
BTC,SELL,0.0868,9104925.000,2024-07-11 23:49:41.804
BTC,SELL,0.0010,9100000.000,2024-07-11 23:49:56.096
BTC,SELL,0.0001,9100000.000,2024-07-11 23:49:56.096
BTC,SELL,0.0004,9100000.000,2024-07-11 23:49:56.096
BTC,SELL,0.0002,9100000.000,2024-07-11 23:49:56.096
BTC,SELL,0.0002,9100000.000,2024-07-11 23:49:56.096
BTC,BUY,0.0005,9093418.000,2024-07-11 23:50:11.186
BTC,BUY,0.0015,9101200.000,2024-07-11 23:50:17.185
BTC,BUY,0.0110,9101200.000,2024-07-11 23:50:17.543
BTC,BUY,0.1000,9101222.000,2024-07-11 23:50:17.543
BTC,BUY,0.0173,9102511.000,2024-07-11 23:50:17.543
BTC,BUY,0.0100,9103217.000,2024-07-11 23:50:17.790
BTC,BUY,0.0025,9105254.000,2024-07-11 23:50:17.790
BTC,BUY,0.0246,9105254.000,2024-07-11 23:50:18.234
BTC,BUY,0.0278,9105254.000,2024-07-11 23:50:18.500
BTC,BUY,0.0125,9106240.000,2024-07-11 23:50:20.578
BTC,BUY,0.0584,9108605.000,2024-07-11 23:50:20.578
BTC,BUY,0.1000,9110204.000,2024-07-11 23:50:21.861
BTC,BUY,0.0100,9110240.000,2024-07-11 23:50:22.366
BTC,BUY,0.0025,9110240.000,2024-07-11 23:50:22.706
BTC,BUY,0.1000,9113686.000,2024-07-11 23:50:26.437
BTC,BUY,0.1000,9114133.000,2024-07-11 23:50:27.287
BTC,BUY,0.0166,9117325.000,2024-07-11 23:50:28.888
BTC,BUY,0.0020,9114055.000,2024-07-11 23:50:31.046
BTC,SELL,0.0100,9097398.000,2024-07-11 23:50:47.716
BTC,SELL,0.0125,9096880.000,2024-07-11 23:50:47.716
BTC,SELL,0.1166,9096842.000,2024-07-11 23:50:47.716
BTC,SELL,0.0009,9096487.000,2024-07-11 23:50:47.716
BTC,BUY,0.0001,9095508.000,2024-07-11 23:51:11.073
BTC,BUY,0.0099,9095690.000,2024-07-11 23:51:11.073
BTC,BUY,0.0050,9101955.000,2024-07-11 23:51:35.189
BTC,BUY,0.0001,9101955.000,2024-07-11 23:51:35.651
BTC,BUY,0.0070,9108783.000,2024-07-11 23:51:51.203
BTC,SELL,0.0002,9115840.000,2024-07-11 23:52:31.600
BTC,BUY,0.0005,9115920.000,2024-07-11 23:52:33.922
BTC,BUY,0.0025,9114164.000,2024-07-11 23:52:57.218
BTC,BUY,0.0001,9112961.000,2024-07-11 23:53:54.238
BTC,SELL,0.0123,9108240.000,2024-07-11 23:54:02.950
BTC,SELL,0.0277,9108165.000,2024-07-11 23:54:02.950
BTC,SELL,0.0003,9108165.000,2024-07-11 23:54:03.489
BTC,BUY,0.0004,9108488.000,2024-07-11 23:54:07.929
BTC,BUY,0.0001,9108936.000,2024-07-11 23:54:07.929
BTC,SELL,0.0125,9101200.000,2024-07-11 23:54:17.653
BTC,BUY,0.0200,9103099.000,2024-07-11 23:55:02.703
BTC,SELL,0.0100,9095745.000,2024-07-11 23:55:17.511
BTC,BUY,0.0060,9101690.000,2024-07-11 23:55:20.361
BTC,SELL,0.0010,9095000.000,2024-07-11 23:55:35.012
BTC,BUY,0.0005,9103869.000,2024-07-11 23:56:21.223
BTC,BUY,0.0008,9107282.000,2024-07-11 23:56:43.512
BTC,BUY,0.0050,9108277.000,2024-07-11 23:56:46.224
BTC,BUY,0.0010,9108277.000,2024-07-11 23:56:47.328
BTC,BUY,0.0050,9109215.000,2024-07-11 23:56:52.338
BTC,BUY,0.0050,9109129.000,2024-07-11 23:56:54.415
BTC,BUY,0.0050,9109129.000,2024-07-11 23:56:55.401
BTC,SELL,0.0010,9107582.000,2024-07-11 23:57:03.014
BTC,SELL,0.0011,9106815.000,2024-07-11 23:57:05.581
BTC,SELL,0.2061,9100000.000,2024-07-11 23:57:05.581
BTC,SELL,0.0252,9100000.000,2024-07-11 23:57:11.512
BTC,SELL,0.0040,9100000.000,2024-07-11 23:57:17.003
BTC,SELL,0.1000,9100000.000,2024-07-11 23:57:37.347
BTC,SELL,0.0200,9100000.000,2024-07-11 23:57:37.444
BTC,BUY,0.0001,9100001.000,2024-07-11 23:57:37.573
BTC,SELL,0.1000,9100000.000,2024-07-11 23:57:38.852
BTC,SELL,0.0200,9100000.000,2024-07-11 23:57:39.055
BTC,SELL,0.0200,9100000.000,2024-07-11 23:57:39.059
BTC,SELL,0.0047,9100000.000,2024-07-11 23:57:39.291
BTC,SELL,0.0013,9099000.000,2024-07-11 23:57:39.291
BTC,SELL,0.0050,9099000.000,2024-07-11 23:57:39.703
BTC,SELL,0.0040,9099000.000,2024-07-11 23:57:40.527
BTC,SELL,0.0097,9099000.000,2024-07-11 23:57:43.841
BTC,SELL,0.0015,9095000.000,2024-07-11 23:57:46.055
BTC,BUY,0.0033,9095249.000,2024-07-11 23:57:57.027
BTC,SELL,0.0010,9095000.000,2024-07-11 23:57:58.998
BTC,SELL,0.0026,9095000.000,2024-07-11 23:58:42.037
BTC,SELL,0.0007,9095000.000,2024-07-11 23:59:46.043
BTC,SELL,0.0008,9095000.000,2024-07-11 23:59:51.545
BTC,BUY,0.0050,9095001.000,2024-07-12 00:00:00.076
BTC,BUY,0.0008,9095001.000,2024-07-12 00:00:33.029
BTC,BUY,0.0001,9095001.000,2024-07-12 00:00:33.275
BTC,BUY,0.0041,9095001.000,2024-07-12 00:00:34.793
BTC,BUY,0.0029,9102380.000,2024-07-12 00:00:34.793
BTC,BUY,0.0003,9102380.000,2024-07-12 00:00:34.995
BTC,SELL,0.0100,9095001.000,2024-07-12 00:00:35.108
BTC,SELL,0.0024,9095000.000,2024-07-12 00:00:35.108
BTC,SELL,0.0010,9095000.000,2024-07-12 00:00:35.108
BTC,SELL,0.0810,9095000.000,2024-07-12 00:00:35.108
BTC,SELL,0.0056,9095000.000,2024-07-12 00:00:35.108
BTC,BUY,0.0022,9101528.000,2024-07-12 00:00:38.529
BTC,BUY,0.0005,9103359.000,2024-07-12 00:00:47.023
BTC,BUY,0.0120,9105040.000,2024-07-12 00:00:53.915
BTC,BUY,0.1000,9105096.000,2024-07-12 00:00:53.915
BTC,BUY,0.0005,9110018.000,2024-07-12 00:00:56.660
BTC,BUY,0.0050,9110699.000,2024-07-12 00:01:12.123
BTC,BUY,0.0023,9116155.000,2024-07-12 00:02:09.753
BTC,BUY,0.0027,9118873.000,2024-07-12 00:02:09.753
BTC,SELL,0.0090,9105902.000,2024-07-12 00:02:21.284
BTC,SELL,0.0100,9105897.000,2024-07-12 00:02:21.284
BTC,SELL,0.0125,9104960.000,2024-07-12 00:02:21.284
BTC,SELL,0.0004,9103359.000,2024-07-12 00:02:27.520
BTC,SELL,0.0007,9103359.000,2024-07-12 00:02:34.509
BTC,SELL,0.0002,9095000.000,2024-07-12 00:02:39.999
BTC,SELL,0.0100,9094000.000,2024-07-12 00:02:49.329
BTC,SELL,0.0025,9094000.000,2024-07-12 00:02:49.600
BTC,BUY,0.0060,9091993.000,2024-07-12 00:03:12.648
BTC,SELL,0.0001,9090001.000,2024-07-12 00:03:50.012
BTC,SELL,0.0001,9090000.000,2024-07-12 00:03:50.012
BTC,SELL,0.0003,9090000.000,2024-07-12 00:03:52.530
BTC,SELL,0.0002,9090000.000,2024-07-12 00:03:52.530
BTC,SELL,0.0005,9086573.000,2024-07-12 00:03:52.530
BTC,SELL,0.0005,9086573.000,2024-07-12 00:03:55.543
BTC,SELL,0.0400,9086573.000,2024-07-12 00:04:02.033
BTC,SELL,0.0168,9086573.000,2024-07-12 00:04:02.270
BTC,SELL,0.0100,9086573.000,2024-07-12 00:04:04.191
BTC,SELL,0.0066,9086573.000,2024-07-12 00:04:06.041
BTC,SELL,0.0067,9086573.000,2024-07-12 00:04:11.525
BTC,BUY,0.0001,9086574.000,2024-07-12 00:04:19.788
BTC,BUY,0.0049,9086574.000,2024-07-12 00:04:23.668
BTC,BUY,0.0115,9086574.000,2024-07-12 00:04:23.668
BTC,BUY,0.0125,9086640.000,2024-07-12 00:04:23.668
BTC,BUY,0.0011,9086695.000,2024-07-12 00:04:23.668
BTC,BUY,0.0005,9086574.000,2024-07-12 00:04:31.887
BTC,BUY,0.0010,9086574.000,2024-07-12 00:04:36.452
BTC,BUY,0.0030,9087600.000,2024-07-12 00:05:04.879
BTC,SELL,0.0010,9087599.000,2024-07-12 00:05:08.365
BTC,SELL,0.0090,9087599.000,2024-07-12 00:05:20.248
BTC,SELL,0.0010,9087000.000,2024-07-12 00:05:20.248
BTC,SELL,0.0070,9092789.000,2024-07-12 00:05:30.131
BTC,BUY,0.0165,9092790.000,2024-07-12 00:05:34.715
BTC,BUY,0.0074,9092790.000,2024-07-12 00:05:36.577
BTC,BUY,0.0020,9092790.000,2024-07-12 00:05:45.180
BTC,SELL,0.0010,9092789.000,2024-07-12 00:05:46.380
BTC,SELL,0.0010,9096172.000,2024-07-12 00:05:46.954
BTC,SELL,0.0010,9098509.000,2024-07-12 00:05:56.578
BTC,SELL,0.0020,9092675.000,2024-07-12 00:05:56.578
BTC,SELL,0.0030,9099039.000,2024-07-12 00:06:07.694
BTC,BUY,0.0002,9108545.000,2024-07-12 00:06:24.626
BTC,SELL,0.0050,9108544.000,2024-07-12 00:06:26.214
BTC,SELL,0.0050,9109999.000,2024-07-12 00:06:47.738
BTC,SELL,0.0070,9107777.000,2024-07-12 00:06:47.738
BTC,SELL,0.0030,9107685.000,2024-07-12 00:06:47.738
BTC,SELL,0.0130,9106957.000,2024-07-12 00:06:47.738
BTC,SELL,0.0030,9105152.000,2024-07-12 00:06:53.296
BTC,SELL,0.0100,9109999.000,2024-07-12 00:07:21.360
BTC,SELL,0.0100,9105989.000,2024-07-12 00:07:21.360
BTC,SELL,0.0100,9105988.000,2024-07-12 00:07:21.360
BTC,SELL,0.0280,9111845.000,2024-07-12 00:07:31.776
BTC,BUY,0.0002,9110000.000,2024-07-12 00:07:56.533
BTC,BUY,0.0001,9121599.000,2024-07-12 00:07:58.727
BTC,BUY,0.0002,9115000.000,2024-07-12 00:08:00.999
BTC,BUY,0.0099,9121599.000,2024-07-12 00:08:00.999
BTC,BUY,0.0125,9123520.000,2024-07-12 00:08:00.999
BTC,BUY,0.0100,9123589.000,2024-07-12 00:08:00.999
BTC,BUY,0.0695,9123590.000,2024-07-12 00:08:00.999
BTC,BUY,0.0200,9124456.000,2024-07-12 00:08:08.488
BTC,BUY,0.0400,9124456.000,2024-07-12 00:08:08.493
BTC,BUY,0.0002,9123002.000,2024-07-12 00:08:29.257
BTC,SELL,0.0002,9115145.000,2024-07-12 00:09:05.025
BTC,BUY,0.0050,9105989.000,2024-07-12 00:09:47.600
BTC,BUY,0.0050,9105989.000,2024-07-12 00:09:47.600
BTC,SELL,0.0184,9105988.000,2024-07-12 00:10:44.432
BTC,SELL,0.0396,9105988.000,2024-07-12 00:10:44.567
BTC,SELL,0.0002,9105000.000,2024-07-12 00:10:44.850
BTC,SELL,0.0001,9100000.000,2024-07-12 00:10:44.850
BTC,SELL,0.0057,9097520.000,2024-07-12 00:10:44.850
BTC,BUY,0.0002,9097521.000,2024-07-12 00:10:48.960
BTC,BUY,0.0004,9095001.000,2024-07-12 00:11:38.882
BTC,BUY,0.0009,9095001.000,2024-07-12 00:12:00.866
BTC,BUY,0.0810,9095001.000,2024-07-12 00:12:00.866
BTC,BUY,0.0413,9095039.000,2024-07-12 00:12:00.866
BTC,BUY,0.0125,9095280.000,2024-07-12 00:12:00.866
BTC,BUY,0.3643,9095860.000,2024-07-12 00:12:00.866
BTC,BUY,0.0070,9095106.000,2024-07-12 00:12:13.009
BTC,BUY,0.0002,9095001.000,2024-07-12 00:12:32.957
BTC,BUY,0.0001,9090001.000,2024-07-12 00:12:38.794
BTC,SELL,0.0001,9090000.000,2024-07-12 00:12:39.511
BTC,SELL,0.0010,9090000.000,2024-07-12 00:12:39.511
BTC,SELL,0.0002,9091619.000,2024-07-12 00:12:54.004
BTC,SELL,0.0008,9090000.000,2024-07-12 00:12:54.004
BTC,BUY,0.0187,9093108.000,2024-07-12 00:14:26.259
BTC,BUY,0.0060,9101355.000,2024-07-12 00:14:36.556
BTC,BUY,0.0001,9102871.000,2024-07-12 00:14:45.960
BTC,SELL,0.0020,9102870.000,2024-07-12 00:14:59.217
BTC,BUY,0.0047,9102871.000,2024-07-12 00:15:02.799
BTC,BUY,0.0053,9106887.000,2024-07-12 00:15:02.799
BTC,BUY,0.0001,9110000.000,2024-07-12 00:15:30.804
BTC,BUY,0.0200,9103613.000,2024-07-12 00:17:03.897
BTC,BUY,0.0400,9103613.000,2024-07-12 00:17:03.903
BTC,BUY,0.0157,9104606.000,2024-07-12 00:17:34.053
BTC,BUY,0.0001,9104606.000,2024-07-12 00:17:35.378
BTC,BUY,0.0005,9109110.000,2024-07-12 00:17:43.386
BTC,SELL,0.0040,9102423.000,2024-07-12 00:17:59.004
BTC,BUY,0.0030,9104870.000,2024-07-12 00:19:41.929
BTC,BUY,0.0002,9109640.000,2024-07-12 00:19:58.619
BTC,BUY,0.0002,9115000.000,2024-07-12 00:22:03.087
BTC,BUY,0.0100,9119807.000,2024-07-12 00:22:25.256
BTC,BUY,0.0262,9123780.000,2024-07-12 00:22:35.056
BTC,BUY,0.0100,9123780.000,2024-07-12 00:22:35.563
BTC,BUY,0.0141,9127443.000,2024-07-12 00:22:40.685
BTC,BUY,0.0001,9130000.000,2024-07-12 00:22:45.104
BTC,BUY,0.0001,9125598.000,2024-07-12 00:23:03.032
BTC,BUY,0.0002,9125000.000,2024-07-12 00:23:46.092
BTC,BUY,0.0098,9127660.000,2024-07-12 00:23:46.092
BTC,BUY,0.0100,9125950.000,2024-07-12 00:24:05.132
BTC,BUY,0.0099,9123926.000,2024-07-12 00:24:19.891
BTC,BUY,0.0027,9124819.000,2024-07-12 00:24:19.891
BTC,BUY,0.0779,9127130.000,2024-07-12 00:24:19.891
BTC,BUY,0.0020,9127567.000,2024-07-12 00:24:21.956
BTC,BUY,0.0020,9127660.000,2024-07-12 00:24:21.956
BTC,BUY,0.0090,9128720.000,2024-07-12 00:24:36.974
BTC,SELL,0.0100,9123925.000,2024-07-12 00:25:38.496
BTC,BUY,0.0100,9120001.000,2024-07-12 00:25:39.455
BTC,BUY,0.0200,9122855.000,2024-07-12 00:25:39.455
BTC,SELL,0.0001,9120000.000,2024-07-12 00:25:44.017
BTC,SELL,0.0100,9119917.000,2024-07-12 00:26:04.422
BTC,BUY,0.0100,9112244.000,2024-07-12 00:26:22.543
BTC,BUY,0.0016,9112244.000,2024-07-12 00:26:24.042
BTC,BUY,0.0400,9121415.000,2024-07-12 00:26:53.877
BTC,BUY,0.0218,9121415.000,2024-07-12 00:26:53.953
BTC,BUY,0.0100,9121415.000,2024-07-12 00:26:54.018
BTC,BUY,0.0200,9121415.000,2024-07-12 00:26:54.054
BTC,BUY,0.0200,9125332.000,2024-07-12 00:26:57.013
BTC,BUY,0.0009,9126781.000,2024-07-12 00:27:15.056
BTC,BUY,0.0003,9130000.000,2024-07-12 00:27:40.015
BTC,BUY,0.0003,9134905.000,2024-07-12 00:27:42.376
BTC,BUY,0.0100,9136196.000,2024-07-12 00:27:45.880
BTC,BUY,0.0100,9136196.000,2024-07-12 00:27:46.374
BTC,BUY,0.0200,9136196.000,2024-07-12 00:27:46.424
BTC,BUY,0.0100,9136196.000,2024-07-12 00:27:46.521
BTC,BUY,0.0100,9136196.000,2024-07-12 00:27:47.234
BTC,BUY,0.0100,9136196.000,2024-07-12 00:27:47.822
BTC,BUY,0.0300,9136196.000,2024-07-12 00:27:47.824
BTC,BUY,0.0004,9140000.000,2024-07-12 00:27:48.934
BTC,BUY,0.0001,9140000.000,2024-07-12 00:27:48.934
BTC,BUY,0.0044,9140513.000,2024-07-12 00:27:48.934
BTC,BUY,0.0002,9140561.000,2024-07-12 00:28:34.675
BTC,BUY,0.0002,9145000.000,2024-07-12 00:29:23.286
BTC,BUY,0.0100,9146955.000,2024-07-12 00:29:49.455
BTC,BUY,0.0100,9146956.000,2024-07-12 00:30:31.211
BTC,BUY,0.0027,9149605.000,2024-07-12 00:30:37.067
BTC,BUY,0.0880,9146610.000,2024-07-12 00:31:03.458
BTC,BUY,0.0008,9149866.000,2024-07-12 00:31:13.561
BTC,BUY,0.0001,9150000.000,2024-07-12 00:31:16.397
BTC,BUY,0.0003,9150000.000,2024-07-12 00:32:00.318
BTC,BUY,0.0002,9150000.000,2024-07-12 00:32:00.318
BTC,BUY,0.0095,9154736.000,2024-07-12 00:32:00.318
BTC,BUY,0.0001,9155000.000,2024-07-12 00:32:19.030
BTC,BUY,0.0971,9158280.000,2024-07-12 00:32:19.030
BTC,BUY,0.0796,9158760.000,2024-07-12 00:32:19.030
BTC,BUY,0.0300,9159000.000,2024-07-12 00:32:19.030
BTC,BUY,0.4732,9159460.000,2024-07-12 00:32:19.030
BTC,BUY,0.0004,9160000.000,2024-07-12 00:32:57.674
BTC,BUY,0.0196,9165280.000,2024-07-12 00:32:57.674
BTC,SELL,0.0010,9160000.000,2024-07-12 00:33:28.994
BTC,SELL,0.0068,9158000.000,2024-07-12 00:33:34.503
BTC,BUY,0.0002,9155281.000,2024-07-12 00:34:19.981
BTC,BUY,0.0598,9156677.000,2024-07-12 00:34:19.981
BTC,BUY,0.0272,9158350.000,2024-07-12 00:34:37.101
BTC,SELL,0.0100,9159918.000,2024-07-12 00:36:28.476
BTC,BUY,0.0001,9161048.000,2024-07-12 00:37:34.025
BTC,BUY,0.0002,9161048.000,2024-07-12 00:37:34.762
BTC,BUY,0.0025,9161049.000,2024-07-12 00:38:24.036
BTC,BUY,0.0200,9164540.000,2024-07-12 00:40:22.652
BTC,BUY,0.0002,9165000.000,2024-07-12 00:40:29.525
BTC,BUY,0.0198,9165098.000,2024-07-12 00:40:29.525
BTC,SELL,0.0100,9165788.000,2024-07-12 00:40:31.012
BTC,SELL,0.0200,9165788.000,2024-07-12 00:40:31.560
BTC,SELL,0.0400,9165788.000,2024-07-12 00:40:32.666
BTC,SELL,0.0100,9165788.000,2024-07-12 00:40:33.210
BTC,SELL,0.0100,9163931.000,2024-07-12 00:40:50.942
BTC,BUY,0.0100,9163933.000,2024-07-12 00:40:51.022
BTC,BUY,0.0200,9160908.000,2024-07-12 00:41:06.177
BTC,BUY,0.0100,9164490.000,2024-07-12 00:41:17.830
BTC,BUY,0.0001,9166349.000,2024-07-12 00:42:38.928
BTC,BUY,0.0067,9166517.000,2024-07-12 00:42:52.075
BTC,BUY,0.0140,9169108.000,2024-07-12 00:42:57.498
BTC,BUY,0.0020,9169515.000,2024-07-12 00:43:44.324
BTC,BUY,0.0001,9170000.000,2024-07-12 00:43:55.419
BTC,BUY,0.0004,9170000.000,2024-07-12 00:43:55.419
BTC,BUY,0.0001,9170000.000,2024-07-12 00:43:55.419
BTC,BUY,0.0200,9170936.000,2024-07-12 00:43:55.419
BTC,BUY,0.0094,9171005.000,2024-07-12 00:43:55.419
BTC,BUY,0.0002,9171882.000,2024-07-12 00:44:54.741
BTC,BUY,0.0002,9170630.000,2024-07-12 00:44:58.192
BTC,SELL,0.0010,9170000.000,2024-07-12 00:45:20.996
BTC,SELL,0.0005,9158189.000,2024-07-12 00:46:20.647
BTC,BUY,0.0004,9158400.000,2024-07-12 00:48:15.477
BTC,SELL,0.0100,9158000.000,2024-07-12 00:48:44.620
BTC,BUY,0.0001,9158050.000,2024-07-12 00:48:47.599
BTC,SELL,0.0050,9164138.000,2024-07-12 00:49:31.974
BTC,SELL,0.0009,9158000.000,2024-07-12 00:51:25.072
BTC,BUY,0.0015,9151292.000,2024-07-12 00:51:47.000
BTC,BUY,0.0036,9153447.000,2024-07-12 00:51:52.513
BTC,SELL,0.0002,9150000.000,2024-07-12 00:52:29.511
BTC,SELL,0.0016,9142900.000,2024-07-12 00:52:35.032
BTC,BUY,0.0001,9147101.000,2024-07-12 00:52:47.307
BTC,BUY,0.0192,9151410.000,2024-07-12 00:53:13.520
BTC,BUY,0.0050,9155706.000,2024-07-12 00:53:26.501
BTC,BUY,0.0100,9143863.000,2024-07-12 00:54:13.321
BTC,BUY,0.0002,9148560.000,2024-07-12 00:54:24.023
BTC,BUY,0.0238,9148460.000,2024-07-12 00:54:35.065
BTC,BUY,0.0001,9150161.000,2024-07-12 00:54:38.601
BTC,SELL,0.0016,9147502.000,2024-07-12 00:55:30.776
BTC,BUY,0.0300,9140557.000,2024-07-12 00:55:45.045
BTC,BUY,0.0300,9141688.000,2024-07-12 00:55:54.989
BTC,BUY,0.0200,9142036.000,2024-07-12 00:56:00.483
BTC,BUY,0.0041,9142287.000,2024-07-12 00:56:03.099
BTC,BUY,0.0300,9144671.000,2024-07-12 00:56:11.030
BTC,BUY,0.0010,9148330.000,2024-07-12 00:56:20.369
BTC,BUY,0.0100,9149390.000,2024-07-12 00:56:22.002
BTC,BUY,0.0010,9146738.000,2024-07-12 00:57:08.602
BTC,SELL,0.0001,9140000.000,2024-07-12 00:57:33.053
BTC,SELL,0.0030,9140000.000,2024-07-12 00:57:33.053
BTC,SELL,0.0002,9140000.000,2024-07-12 00:57:33.053
BTC,SELL,0.0500,9133060.000,2024-07-12 00:57:33.053
BTC,SELL,0.0100,9131654.000,2024-07-12 00:57:33.053
BTC,SELL,0.1000,9131653.000,2024-07-12 00:57:33.053
BTC,SELL,0.0173,9130860.000,2024-07-12 00:57:33.053
BTC,SELL,0.0400,9130388.000,2024-07-12 00:57:33.053
BTC,SELL,0.0001,9130000.000,2024-07-12 00:57:33.053
BTC,SELL,0.0004,9130000.000,2024-07-12 00:57:33.053
BTC,SELL,0.1161,9127746.000,2024-07-12 00:57:33.053
BTC,SELL,0.0100,9126373.000,2024-07-12 00:57:33.053
BTC,SELL,0.0300,9125642.000,2024-07-12 00:57:33.053
BTC,SELL,0.0139,9125480.000,2024-07-12 00:57:33.053
BTC,SELL,0.0400,9125363.000,2024-07-12 00:57:33.053
BTC,SELL,0.0547,9124964.000,2024-07-12 00:57:33.053
BTC,SELL,0.0125,9123680.000,2024-07-12 00:57:33.053
BTC,SELL,0.0400,9123671.000,2024-07-12 00:57:33.053
BTC,SELL,0.0001,9122631.000,2024-07-12 00:57:33.053
BTC,SELL,0.0110,9120000.000,2024-07-12 00:57:33.053
BTC,SELL,0.0001,9120000.000,2024-07-12 00:57:33.053
BTC,SELL,0.0004,9120000.000,2024-07-12 00:57:33.053
BTC,SELL,0.0001,9120000.000,2024-07-12 00:57:33.053
BTC,SELL,0.2620,9111760.000,2024-07-12 00:57:33.053
BTC,SELL,0.0028,9129661.000,2024-07-12 00:57:35.033
BTC,SELL,0.0002,9129661.000,2024-07-12 00:57:36.039
BTC,BUY,0.0005,9129779.000,2024-07-12 00:57:46.649
BTC,BUY,0.0019,9112240.000,2024-07-12 00:58:55.522
BTC,BUY,0.0050,9117713.000,2024-07-12 00:59:19.073
BTC,BUY,0.0001,9119280.000,2024-07-12 01:00:20.910
BTC,BUY,0.0016,9119967.000,2024-07-12 01:00:26.580
BTC,SELL,0.0040,9120812.000,2024-07-12 01:00:31.736
BTC,BUY,0.0100,9121679.000,2024-07-12 01:00:43.082
BTC,BUY,0.0001,9124660.000,2024-07-12 01:01:47.680
BTC,BUY,0.0250,9120006.000,2024-07-12 01:02:19.273
BTC,BUY,0.0100,9134550.000,2024-07-12 01:03:53.203
BTC,BUY,0.0278,9136212.000,2024-07-12 01:04:08.547
BTC,BUY,0.0001,9136212.000,2024-07-12 01:04:09.430
BTC,BUY,0.0094,9139502.000,2024-07-12 01:04:14.191
BTC,BUY,0.0010,9139200.000,2024-07-12 01:05:07.220
BTC,BUY,0.0070,9142480.000,2024-07-12 01:05:28.325
BTC,BUY,0.0002,9141192.000,2024-07-12 01:05:37.588
BTC,BUY,0.0010,9140981.000,2024-07-12 01:05:44.392
BTC,BUY,0.0010,9140981.000,2024-07-12 01:05:44.957
BTC,BUY,0.0050,9140632.000,2024-07-12 01:06:25.286
BTC,SELL,0.0002,9130000.000,2024-07-12 01:06:31.995
BTC,SELL,0.0058,9127684.000,2024-07-12 01:06:37.524
BTC,BUY,0.0026,9132400.000,2024-07-12 01:06:46.225
BTC,BUY,0.0254,9132430.000,2024-07-12 01:06:46.225
BTC,BUY,0.0030,9133263.000,2024-07-12 01:06:51.808
BTC,BUY,0.0109,9128341.000,2024-07-12 01:07:09.263
BTC,BUY,0.0010,9130067.000,2024-07-12 01:07:29.756
BTC,BUY,0.0107,9130078.000,2024-07-12 01:07:29.756
BTC,BUY,0.0125,9130160.000,2024-07-12 01:07:29.756
BTC,BUY,0.0038,9130239.000,2024-07-12 01:07:29.756
BTC,BUY,0.0500,9124697.000,2024-07-12 01:08:03.517
BTC,BUY,0.0230,9129250.000,2024-07-12 01:08:50.937
BTC,BUY,0.0100,9130000.000,2024-07-12 01:10:04.612
BTC,BUY,0.0100,9136140.000,2024-07-12 01:10:37.695
BTC,BUY,0.0001,9136669.000,2024-07-12 01:11:40.238
BTC,SELL,0.0125,9129280.000,2024-07-12 01:11:54.835
BTC,SELL,0.0275,9129250.000,2024-07-12 01:11:54.835
BTC,SELL,0.0200,9129250.000,2024-07-12 01:11:55.170
BTC,SELL,0.0400,9129250.000,2024-07-12 01:11:55.760
BTC,SELL,0.0100,9124405.000,2024-07-12 01:11:58.991
BTC,BUY,0.0200,9124793.000,2024-07-12 01:12:27.338
BTC,BUY,0.0249,9126598.000,2024-07-12 01:13:02.527
BTC,BUY,0.0674,9123079.000,2024-07-12 01:13:48.520
BTC,BUY,0.0050,9123079.000,2024-07-12 01:13:48.520
BTC,BUY,0.0158,9123405.000,2024-07-12 01:13:48.520
BTC,BUY,0.0397,9125210.000,2024-07-12 01:13:48.520
BTC,BUY,0.0300,9123494.000,2024-07-12 01:13:54.343
BTC,BUY,0.0003,9125347.000,2024-07-12 01:13:54.343
BTC,BUY,0.0547,9125348.000,2024-07-12 01:13:54.343
BTC,BUY,0.0050,9126005.000,2024-07-12 01:13:54.343
BTC,SELL,0.0100,9126598.000,2024-07-12 01:14:13.841
BTC,SELL,0.0200,9126598.000,2024-07-12 01:14:16.390
BTC,SELL,0.0400,9126598.000,2024-07-12 01:14:16.453
BTC,SELL,0.0100,9126598.000,2024-07-12 01:14:16.948
BTC,SELL,0.0200,9126598.000,2024-07-12 01:14:17.393
BTC,SELL,0.0039,9126598.000,2024-07-12 01:14:17.545
BTC,SELL,0.0200,9126598.000,2024-07-12 01:14:17.908
BTC,SELL,0.0281,9126598.000,2024-07-12 01:14:18.011
BTC,SELL,0.0100,9120000.000,2024-07-12 01:14:18.011
BTC,SELL,0.0001,9120000.000,2024-07-12 01:14:18.011
BTC,SELL,0.0002,9120000.000,2024-07-12 01:14:18.011
BTC,SELL,0.0002,9120000.000,2024-07-12 01:14:18.011
BTC,SELL,0.0162,9118442.000,2024-07-12 01:14:18.011
BTC,SELL,0.0138,9118442.000,2024-07-12 01:14:18.019
BTC,SELL,0.0050,9116979.000,2024-07-12 01:14:18.019
BTC,SELL,0.0312,9116107.000,2024-07-12 01:14:18.019
BTC,SELL,0.0020,9115099.000,2024-07-12 01:14:18.865
BTC,SELL,0.0001,9115099.000,2024-07-12 01:14:19.113
BTC,SELL,0.0020,9115099.000,2024-07-12 01:14:36.640
BTC,SELL,0.0059,9115099.000,2024-07-12 01:14:37.239
BTC,SELL,0.0020,9110588.000,2024-07-12 01:15:11.801
BTC,SELL,0.0001,9110000.000,2024-07-12 01:15:11.804
BTC,SELL,0.0004,9110000.000,2024-07-12 01:15:11.804
BTC,SELL,0.0002,9110000.000,2024-07-12 01:15:11.804
BTC,SELL,0.0018,9102423.000,2024-07-12 01:15:11.804
BTC,SELL,0.0003,9102423.000,2024-07-12 01:15:12.083
BTC,SELL,0.0016,9102423.000,2024-07-12 01:15:12.180
BTC,SELL,0.0063,9102423.000,2024-07-12 01:15:13.491
BTC,SELL,0.0088,9100219.000,2024-07-12 01:15:14.662
BTC,SELL,0.0001,9100000.000,2024-07-12 01:15:14.662
BTC,SELL,0.0010,9100000.000,2024-07-12 01:15:14.662
BTC,SELL,0.0001,9100000.000,2024-07-12 01:15:14.662
BTC,SELL,0.0004,9100000.000,2024-07-12 01:15:19.554
BTC,SELL,0.0018,9100000.000,2024-07-12 01:15:19.554
BTC,SELL,0.0020,9100000.000,2024-07-12 01:15:33.702
BTC,SELL,0.0009,9100000.000,2024-07-12 01:15:57.713
BTC,SELL,0.0953,9100000.000,2024-07-12 01:15:57.718
BTC,SELL,0.0001,9100000.000,2024-07-12 01:15:57.718
BTC,SELL,0.0002,9100000.000,2024-07-12 01:15:57.718
BTC,SELL,0.0300,9100000.000,2024-07-12 01:15:57.718
BTC,SELL,0.1000,9100000.000,2024-07-12 01:15:57.718
BTC,SELL,0.0001,9100000.000,2024-07-12 01:15:57.718
BTC,SELL,0.0015,9100000.000,2024-07-12 01:15:57.718
BTC,SELL,0.0002,9100000.000,2024-07-12 01:15:57.718
BTC,SELL,0.0070,9098000.000,2024-07-12 01:15:57.728
BTC,SELL,0.0030,9098000.000,2024-07-12 01:15:58.235
BTC,SELL,0.0002,9095000.000,2024-07-12 01:15:58.478
BTC,SELL,0.0001,9095000.000,2024-07-12 01:15:58.478
BTC,SELL,0.0033,9090000.000,2024-07-12 01:15:58.691
BTC,SELL,0.0010,9090000.000,2024-07-12 01:15:58.691
BTC,SELL,0.0001,9090000.000,2024-07-12 01:15:58.691
BTC,SELL,0.0004,9090000.000,2024-07-12 01:15:58.691
BTC,SELL,0.0001,9090000.000,2024-07-12 01:15:58.691
BTC,SELL,0.1000,9087335.000,2024-07-12 01:15:58.691
BTC,SELL,0.0031,9087000.000,2024-07-12 01:15:58.691
BTC,SELL,0.0059,9087000.000,2024-07-12 01:16:00.106
BTC,SELL,0.0041,9086573.000,2024-07-12 01:16:00.106
BTC,SELL,0.0248,9086573.000,2024-07-12 01:16:00.506
BTC,SELL,0.0020,9086573.000,2024-07-12 01:16:00.506
BTC,SELL,0.0001,9080001.000,2024-07-12 01:16:05.626
BTC,SELL,0.0002,9080001.000,2024-07-12 01:16:05.626
BTC,SELL,0.0008,9082299.000,2024-07-12 01:16:17.450
BTC,SELL,0.0008,9082299.000,2024-07-12 01:16:18.544
BTC,SELL,0.0009,9084199.000,2024-07-12 01:16:27.146
BTC,BUY,0.0400,9086849.000,2024-07-12 01:16:27.912
BTC,BUY,0.0046,9089500.000,2024-07-12 01:16:28.594
BTC,BUY,0.0140,9083374.000,2024-07-12 01:16:49.139
BTC,BUY,0.0060,9083440.000,2024-07-12 01:16:49.139
BTC,BUY,0.0010,9083764.000,2024-07-12 01:17:15.731
BTC,BUY,0.0055,9083764.000,2024-07-12 01:17:26.113
BTC,SELL,0.0002,9083763.000,2024-07-12 01:17:35.269
BTC,SELL,0.0004,9080000.000,2024-07-12 01:17:35.269
BTC,SELL,0.0002,9080000.000,2024-07-12 01:17:35.269
BTC,SELL,0.0002,9080000.000,2024-07-12 01:17:37.463
BTC,SELL,0.0002,9080000.000,2024-07-12 01:17:44.220
BTC,SELL,0.0001,9080000.000,2024-07-12 01:17:56.773
BTC,BUY,0.0004,9082835.000,2024-07-12 01:17:59.808
BTC,BUY,0.0005,9082686.000,2024-07-12 01:18:05.567
BTC,SELL,0.0001,9080000.000,2024-07-12 01:18:07.750
BTC,SELL,0.0005,9079800.000,2024-07-12 01:18:07.750
BTC,SELL,0.0094,9079563.000,2024-07-12 01:18:07.750
BTC,SELL,0.0006,9079563.000,2024-07-12 01:18:09.458
BTC,SELL,0.0005,9078700.000,2024-07-12 01:18:09.458
BTC,SELL,0.0089,9077531.000,2024-07-12 01:18:09.458
BTC,SELL,0.0011,9077531.000,2024-07-12 01:18:10.083
BTC,SELL,0.0400,9075000.000,2024-07-12 01:18:11.127
BTC,SELL,0.0112,9075000.000,2024-07-12 01:18:11.460
BTC,SELL,0.0112,9075000.000,2024-07-12 01:18:11.596
BTC,SELL,0.0400,9075000.000,2024-07-12 01:18:11.656
BTC,SELL,0.1000,9075000.000,2024-07-12 01:18:11.706
BTC,SELL,0.0050,9075000.000,2024-07-12 01:18:13.762
BTC,SELL,0.0100,9075000.000,2024-07-12 01:18:16.549
BTC,SELL,0.1000,9075000.000,2024-07-12 01:18:16.768
BTC,SELL,0.0100,9075000.000,2024-07-12 01:18:18.162
BTC,SELL,0.1000,9075000.000,2024-07-12 01:18:18.265
BTC,SELL,0.0726,9075000.000,2024-07-12 01:18:19.574
BTC,SELL,0.0174,9075000.000,2024-07-12 01:18:19.574
BTC,SELL,0.0006,9075000.000,2024-07-12 01:18:19.606
BTC,SELL,0.0002,9075000.000,2024-07-12 01:18:19.606
BTC,BUY,0.0300,9074878.000,2024-07-12 01:18:52.708
BTC,SELL,0.0002,9074877.000,2024-07-12 01:18:53.501
BTC,SELL,0.0004,9070000.000,2024-07-12 01:19:10.373
BTC,SELL,0.0002,9070000.000,2024-07-12 01:19:10.373
BTC,SELL,0.0001,9070000.000,2024-07-12 01:19:12.131
BTC,SELL,0.0005,9068000.000,2024-07-12 01:19:12.131
BTC,SELL,0.0094,9067135.000,2024-07-12 01:19:12.131
BTC,SELL,0.0006,9067135.000,2024-07-12 01:19:12.382
BTC,SELL,0.0002,9065000.000,2024-07-12 01:19:14.051
BTC,SELL,0.0002,9062207.000,2024-07-12 01:19:14.051
BTC,SELL,0.0046,9061111.000,2024-07-12 01:19:14.051
BTC,SELL,0.0154,9061111.000,2024-07-12 01:19:14.747
BTC,SELL,0.0020,9060000.000,2024-07-12 01:19:16.290
BTC,SELL,0.0001,9060000.000,2024-07-12 01:19:16.290
BTC,SELL,0.0001,9060000.000,2024-07-12 01:19:16.290
BTC,SELL,0.0001,9060000.000,2024-07-12 01:19:16.290
BTC,SELL,0.0030,9060000.000,2024-07-12 01:19:16.290
BTC,SELL,0.0001,9060000.000,2024-07-12 01:19:16.290
BTC,SELL,0.0001,9060000.000,2024-07-12 01:19:16.290
BTC,SELL,0.0022,9060000.000,2024-07-12 01:19:16.290
BTC,SELL,0.0004,9060000.000,2024-07-12 01:19:16.290
BTC,SELL,0.0002,9060000.000,2024-07-12 01:19:16.290
BTC,SELL,0.0001,9060000.000,2024-07-12 01:19:16.290
BTC,SELL,0.0001,9060000.000,2024-07-12 01:19:16.290
BTC,SELL,0.0200,9060000.000,2024-07-12 01:19:16.290
BTC,BUY,0.0003,9060001.000,2024-07-12 01:19:16.919
BTC,SELL,0.0005,9058400.000,2024-07-12 01:19:26.046
BTC,BUY,0.0010,9058401.000,2024-07-12 01:19:34.586
BTC,BUY,0.0008,9058401.000,2024-07-12 01:19:38.445
BTC,BUY,0.0100,9059290.000,2024-07-12 01:19:46.233
BTC,BUY,0.0100,9060350.000,2024-07-12 01:19:52.163
BTC,SELL,0.0001,9061939.000,2024-07-12 01:20:07.812
BTC,SELL,0.0001,9061939.000,2024-07-12 01:20:09.820
BTC,SELL,0.0099,9059945.000,2024-07-12 01:20:09.820
BTC,SELL,0.0001,9059945.000,2024-07-12 01:20:09.825
BTC,SELL,0.0100,9058511.000,2024-07-12 01:20:09.912
BTC,SELL,0.0004,9056011.000,2024-07-12 01:20:09.912
BTC,SELL,0.0025,9056000.000,2024-07-12 01:20:09.912
BTC,SELL,0.0029,9056000.000,2024-07-12 01:20:11.683
BTC,SELL,0.0010,9055000.000,2024-07-12 01:20:11.683
BTC,SELL,0.0001,9055000.000,2024-07-12 01:20:12.704
BTC,SELL,0.0039,9055000.000,2024-07-12 01:20:17.002
BTC,BUY,0.0001,9056001.000,2024-07-12 01:20:23.375
BTC,BUY,0.0100,9055001.000,2024-07-12 01:20:43.612
BTC,BUY,0.0139,9055682.000,2024-07-12 01:20:43.612
BTC,BUY,0.0100,9055001.000,2024-07-12 01:20:51.344
BTC,BUY,0.0050,9055001.000,2024-07-12 01:20:53.702
BTC,BUY,0.0010,9055001.000,2024-07-12 01:21:04.335
BTC,BUY,0.0001,9055001.000,2024-07-12 01:21:04.639
BTC,BUY,0.0001,9055001.000,2024-07-12 01:21:04.960
BTC,SELL,0.0004,9055000.000,2024-07-12 01:21:07.507
BTC,SELL,0.0001,9055000.000,2024-07-12 01:21:21.677
BTC,SELL,0.0002,9055000.000,2024-07-12 01:21:21.677
BTC,SELL,0.0010,9054150.000,2024-07-12 01:21:21.677
BTC,SELL,0.0097,9052601.000,2024-07-12 01:21:21.677
BTC,SELL,0.0200,9052601.000,2024-07-12 01:21:21.733
BTC,SELL,0.0003,9052601.000,2024-07-12 01:21:23.997
BTC,SELL,0.0002,9052600.000,2024-07-12 01:21:23.997
BTC,SELL,0.0005,9052000.000,2024-07-12 01:21:23.997
BTC,SELL,0.0001,9050000.000,2024-07-12 01:21:23.997
BTC,SELL,0.0001,9050000.000,2024-07-12 01:21:23.997
BTC,SELL,0.0038,9050000.000,2024-07-12 01:21:23.997
BTC,SELL,0.0021,9050000.000,2024-07-12 01:21:24.073
BTC,SELL,0.0001,9050000.000,2024-07-12 01:21:26.663
BTC,BUY,0.0001,9052600.000,2024-07-12 01:21:27.751
BTC,BUY,0.0028,9052600.000,2024-07-12 01:21:28.064
BTC,SELL,0.0005,9050001.000,2024-07-12 01:21:35.638
BTC,SELL,0.0008,9050002.000,2024-07-12 01:21:37.500
BTC,SELL,0.0009,9050860.000,2024-07-12 01:21:38.896
BTC,SELL,0.0008,9050976.000,2024-07-12 01:21:40.484
BTC,SELL,0.0008,9053988.000,2024-07-12 01:21:42.157
BTC,SELL,0.0001,9054198.000,2024-07-12 01:21:44.322
BTC,BUY,0.0100,9059290.000,2024-07-12 01:21:51.864
BTC,BUY,0.0002,9059350.000,2024-07-12 01:22:08.942
BTC,BUY,0.0008,9060299.000,2024-07-12 01:22:19.880
BTC,BUY,0.0042,9060300.000,2024-07-12 01:22:19.880
BTC,SELL,0.0100,9051516.000,2024-07-12 01:22:31.033
BTC,BUY,0.0050,9052930.000,2024-07-12 01:22:54.881
BTC,BUY,0.0010,9053336.000,2024-07-12 01:23:01.586
BTC,SELL,0.0009,9050000.000,2024-07-12 01:23:10.290
BTC,BUY,0.0065,9050080.000,2024-07-12 01:23:32.278
BTC,BUY,0.0135,9050109.000,2024-07-12 01:23:32.278
BTC,SELL,0.0009,9050000.000,2024-07-12 01:23:36.693
BTC,SELL,0.0002,9050000.000,2024-07-12 01:23:43.524
BTC,SELL,0.0001,9050000.000,2024-07-12 01:23:49.732
BTC,SELL,0.0019,9050000.000,2024-07-12 01:23:55.811
BTC,SELL,0.0100,9050000.000,2024-07-12 01:23:55.811
BTC,SELL,0.0006,9050000.000,2024-07-12 01:23:55.811
BTC,SELL,0.0002,9050000.000,2024-07-12 01:23:55.811
BTC,SELL,0.0001,9050000.000,2024-07-12 01:23:55.811
BTC,SELL,0.0033,9050000.000,2024-07-12 01:23:55.811
BTC,SELL,0.0003,9050000.000,2024-07-12 01:23:55.811
BTC,SELL,0.0005,9050000.000,2024-07-12 01:23:55.811
BTC,SELL,0.0010,9050000.000,2024-07-12 01:23:55.811
BTC,SELL,0.0010,9050000.000,2024-07-12 01:23:55.811
BTC,SELL,0.0001,9050000.000,2024-07-12 01:23:55.811
BTC,SELL,0.0001,9050000.000,2024-07-12 01:23:55.811
BTC,SELL,0.0001,9050000.000,2024-07-12 01:23:55.811
BTC,SELL,0.0030,9050000.000,2024-07-12 01:23:55.811
BTC,SELL,0.0010,9050000.000,2024-07-12 01:23:55.811
BTC,SELL,0.0004,9050000.000,2024-07-12 01:23:55.811
BTC,SELL,0.0010,9050000.000,2024-07-12 01:23:55.811
BTC,SELL,0.0002,9050000.000,2024-07-12 01:23:55.811
BTC,SELL,0.0002,9050000.000,2024-07-12 01:23:55.811
BTC,SELL,0.0001,9050000.000,2024-07-12 01:23:55.811
BTC,SELL,0.0250,9050000.000,2024-07-12 01:23:55.811
BTC,SELL,0.0014,9050000.000,2024-07-12 01:23:55.811
BTC,SELL,0.0001,9050000.000,2024-07-12 01:23:55.811
BTC,SELL,0.0001,9050000.000,2024-07-12 01:23:55.811
BTC,SELL,0.0002,9050000.000,2024-07-12 01:23:55.811
BTC,SELL,0.0050,9050000.000,2024-07-12 01:23:55.811
BTC,SELL,0.0001,9050000.000,2024-07-12 01:23:55.811
BTC,SELL,0.0100,9050000.000,2024-07-12 01:23:55.811
BTC,SELL,0.0010,9050000.000,2024-07-12 01:23:55.811
BTC,SELL,0.0001,9050000.000,2024-07-12 01:23:55.811
BTC,SELL,0.0001,9050000.000,2024-07-12 01:23:55.811
BTC,SELL,0.0009,9050000.000,2024-07-12 01:23:55.811
BTC,SELL,0.0003,9050000.000,2024-07-12 01:23:55.811
BTC,SELL,0.0060,9047000.000,2024-07-12 01:23:56.055
BTC,SELL,0.0800,9047000.000,2024-07-12 01:23:56.061
BTC,SELL,0.0040,9047000.000,2024-07-12 01:23:56.653
BTC,BUY,0.0010,9047794.000,2024-07-12 01:23:57.118
BTC,SELL,0.1000,9047000.000,2024-07-12 01:24:04.358
BTC,SELL,0.0161,9047000.000,2024-07-12 01:24:04.631
BTC,SELL,0.0267,9047000.000,2024-07-12 01:24:05.120
BTC,SELL,0.1000,9047000.000,2024-07-12 01:24:05.195
BTC,SELL,0.1000,9047000.000,2024-07-12 01:24:05.396
BTC,SELL,0.0030,9047000.000,2024-07-12 01:24:05.577
BTC,SELL,0.1000,9047000.000,2024-07-12 01:24:05.886
BTC,SELL,0.0110,9047000.000,2024-07-12 01:24:06.090
BTC,SELL,0.0042,9047000.000,2024-07-12 01:24:06.668
BTC,SELL,0.1000,9047000.000,2024-07-12 01:24:07.424
BTC,SELL,0.0548,9047000.000,2024-07-12 01:24:07.545
BTC,SELL,0.0150,9047000.000,2024-07-12 01:24:07.582
BTC,SELL,0.0058,9047000.000,2024-07-12 01:24:08.092
BTC,SELL,0.1000,9047000.000,2024-07-12 01:24:08.327
BTC,SELL,0.0214,9047000.000,2024-07-12 01:24:08.524
BTC,SELL,0.1000,9047000.000,2024-07-12 01:24:08.759
BTC,SELL,0.0050,9047000.000,2024-07-12 01:24:08.902
BTC,SELL,0.1000,9047000.000,2024-07-12 01:24:08.907
BTC,SELL,0.1000,9047000.000,2024-07-12 01:24:10.387
BTC,SELL,0.0370,9047000.000,2024-07-12 01:24:11.982
BTC,BUY,0.0001,9047001.000,2024-07-12 01:24:14.017
BTC,SELL,0.0001,9046600.000,2024-07-12 01:24:16.069
BTC,SELL,0.0002,9046326.000,2024-07-12 01:24:16.069
BTC,SELL,0.0005,9046300.000,2024-07-12 01:24:16.069
BTC,SELL,0.0002,9045000.000,2024-07-12 01:24:16.069
BTC,SELL,0.0001,9043600.000,2024-07-12 01:24:16.069
BTC,SELL,0.0010,9043028.000,2024-07-12 01:24:16.069
BTC,SELL,0.0001,9041000.000,2024-07-12 01:24:16.069
BTC,SELL,0.0001,9040000.000,2024-07-12 01:24:16.069
BTC,SELL,0.0001,9040000.000,2024-07-12 01:24:16.069
BTC,SELL,0.0030,9040000.000,2024-07-12 01:24:16.069
BTC,SELL,0.0011,9040000.000,2024-07-12 01:24:16.069
BTC,SELL,0.0039,9040000.000,2024-07-12 01:24:16.069
BTC,SELL,0.0025,9040000.000,2024-07-12 01:24:16.152
BTC,SELL,0.0136,9040000.000,2024-07-12 01:24:16.156
BTC,SELL,0.0004,9040000.000,2024-07-12 01:24:16.156
BTC,SELL,0.0002,9040000.000,2024-07-12 01:24:16.156
BTC,SELL,0.0001,9040000.000,2024-07-12 01:24:16.156
BTC,SELL,0.0001,9040000.000,2024-07-12 01:24:16.156
BTC,SELL,0.0001,9038700.000,2024-07-12 01:24:16.156
BTC,SELL,0.0100,9037516.000,2024-07-12 01:24:16.156
BTC,SELL,0.0255,9037010.000,2024-07-12 01:24:16.156
BTC,BUY,0.0004,9037011.000,2024-07-12 01:24:20.327
BTC,BUY,0.0001,9037011.000,2024-07-12 01:24:55.704
BTC,BUY,0.0015,9037011.000,2024-07-12 01:25:00.208
BTC,BUY,0.0001,9037000.000,2024-07-12 01:25:13.126
BTC,SELL,0.0001,9035101.000,2024-07-12 01:25:42.226
BTC,SELL,0.0002,9035000.000,2024-07-12 01:25:42.226
BTC,SELL,0.0005,9033750.000,2024-07-12 01:25:42.226
BTC,SELL,0.0010,9033000.000,2024-07-12 01:25:42.226
BTC,SELL,0.0009,9031906.000,2024-07-12 01:25:42.226
BTC,SELL,0.0001,9031906.000,2024-07-12 01:25:42.226
BTC,SELL,0.0104,9031302.000,2024-07-12 01:25:42.226
BTC,SELL,0.0054,9031000.000,2024-07-12 01:25:42.226
BTC,SELL,0.0001,9030462.000,2024-07-12 01:25:42.226
BTC,SELL,0.0002,9030003.000,2024-07-12 01:25:42.226
BTC,SELL,0.0001,9030000.000,2024-07-12 01:25:42.226
BTC,SELL,0.0020,9030000.000,2024-07-12 01:25:42.226
BTC,SELL,0.0001,9030000.000,2024-07-12 01:25:42.226
BTC,SELL,0.0011,9030000.000,2024-07-12 01:25:42.226
BTC,SELL,0.0020,9030000.000,2024-07-12 01:25:42.226
BTC,SELL,0.0004,9030000.000,2024-07-12 01:25:42.226
BTC,SELL,0.0001,9030000.000,2024-07-12 01:25:42.226
BTC,SELL,0.0002,9030000.000,2024-07-12 01:25:42.226
BTC,SELL,0.0001,9030000.000,2024-07-12 01:25:42.226
BTC,SELL,0.0001,9030000.000,2024-07-12 01:25:42.226
BTC,SELL,0.0050,9030000.000,2024-07-12 01:25:42.226
BTC,SELL,0.0220,9029358.000,2024-07-12 01:25:42.226
BTC,SELL,0.0140,9025387.000,2024-07-12 01:25:42.226
BTC,SELL,0.0100,9023401.000,2024-07-12 01:25:42.226
BTC,SELL,0.0005,9023400.000,2024-07-12 01:25:42.226
BTC,SELL,0.0003,9023000.000,2024-07-12 01:25:42.226
BTC,SELL,0.0001,9022217.000,2024-07-12 01:25:42.226
BTC,SELL,0.0040,9022022.000,2024-07-12 01:25:42.226
BTC,SELL,0.0125,9022000.000,2024-07-12 01:25:42.226
BTC,SELL,0.0065,9021873.000,2024-07-12 01:25:42.226
BTC,BUY,0.0400,9023266.000,2024-07-12 01:25:43.828
BTC,BUY,0.0200,9023266.000,2024-07-12 01:25:43.833
BTC,BUY,0.0060,9023266.000,2024-07-12 01:25:44.221
BTC,BUY,0.0100,9023266.000,2024-07-12 01:25:44.364
BTC,BUY,0.0002,9023266.000,2024-07-12 01:25:44.435
BTC,BUY,0.0108,9023266.000,2024-07-12 01:25:44.629
BTC,BUY,0.0130,9023266.000,2024-07-12 01:25:44.777
BTC,BUY,0.0006,9026429.000,2024-07-12 01:25:46.243
BTC,BUY,0.0094,9026429.000,2024-07-12 01:25:46.666
BTC,BUY,0.0050,9026960.000,2024-07-12 01:25:46.666
BTC,BUY,0.0050,9028020.000,2024-07-12 01:25:49.307
BTC,BUY,0.0166,9029080.000,2024-07-12 01:26:02.756
BTC,BUY,0.0011,9029600.000,2024-07-12 01:26:07.609
BTC,BUY,0.0100,9029600.000,2024-07-12 01:26:07.910
BTC,BUY,0.0002,9030670.000,2024-07-12 01:26:28.769
BTC,BUY,0.0010,9025001.000,2024-07-12 01:26:40.641
BTC,BUY,0.0050,9025001.000,2024-07-12 01:26:50.172
BTC,BUY,0.0060,9025001.000,2024-07-12 01:27:13.259
BTC,BUY,0.0130,9027805.000,2024-07-12 01:27:13.524
BTC,BUY,0.0065,9029079.000,2024-07-12 01:27:14.069
BTC,BUY,0.0099,9033850.000,2024-07-12 01:27:14.997
BTC,BUY,0.0041,9035970.000,2024-07-12 01:27:15.759
BTC,BUY,0.0134,9036500.000,2024-07-12 01:27:19.991
BTC,BUY,0.0100,9029901.000,2024-07-12 01:27:23.268
BTC,BUY,0.0001,9030043.000,2024-07-12 01:27:25.394
BTC,BUY,0.0002,9030043.000,2024-07-12 01:27:26.961
BTC,BUY,0.0100,9030043.000,2024-07-12 01:27:27.410
BTC,BUY,0.0392,9032268.000,2024-07-12 01:27:28.053
BTC,BUY,0.0050,9032268.000,2024-07-12 01:27:29.009
BTC,BUY,0.0050,9032268.000,2024-07-12 01:27:29.255
BTC,BUY,0.0100,9032268.000,2024-07-12 01:27:29.385
BTC,BUY,0.0408,9032268.000,2024-07-12 01:27:29.503
BTC,BUY,0.0990,9032579.000,2024-07-12 01:27:31.478
BTC,BUY,0.0010,9032579.000,2024-07-12 01:27:31.482
BTC,BUY,0.0100,9037204.000,2024-07-12 01:27:35.390
BTC,BUY,0.0003,9040489.000,2024-07-12 01:27:51.755
BTC,BUY,0.0001,9040489.000,2024-07-12 01:27:58.962
BTC,BUY,0.0050,9040489.000,2024-07-12 01:28:04.802
BTC,BUY,0.0150,9041041.000,2024-07-12 01:28:20.931
BTC,BUY,0.0146,9040001.000,2024-07-12 01:28:37.497
BTC,BUY,0.0005,9039309.000,2024-07-12 01:29:53.534
BTC,BUY,0.0022,9039310.000,2024-07-12 01:29:53.534
BTC,SELL,0.0005,9033950.000,2024-07-12 01:30:02.921
BTC,BUY,0.1000,9034380.000,2024-07-12 01:30:04.991
BTC,BUY,0.1000,9034380.000,2024-07-12 01:30:05.045
BTC,BUY,0.0020,9034910.000,2024-07-12 01:30:15.462
BTC,BUY,0.0358,9037210.000,2024-07-12 01:30:42.806
BTC,BUY,0.0028,9038615.000,2024-07-12 01:30:44.465
BTC,BUY,0.0022,9039160.000,2024-07-12 01:30:44.465
BTC,BUY,0.0328,9039160.000,2024-07-12 01:30:44.504
BTC,BUY,0.0100,9038226.000,2024-07-12 01:30:49.757
BTC,BUY,0.0010,9042330.000,2024-07-12 01:30:57.994
BTC,BUY,0.0003,9046570.000,2024-07-12 01:31:10.677
BTC,BUY,0.0100,9047515.000,2024-07-12 01:31:16.065
BTC,BUY,0.0400,9047515.000,2024-07-12 01:31:16.362
BTC,BUY,0.0015,9047515.000,2024-07-12 01:31:20.011
BTC,BUY,0.0006,9047515.000,2024-07-12 01:31:20.736
BTC,BUY,0.0003,9046042.000,2024-07-12 01:31:31.022
BTC,SELL,0.0350,9046955.000,2024-07-12 01:31:47.859
BTC,SELL,0.0150,9046950.000,2024-07-12 01:31:47.859
BTC,BUY,0.0900,9047630.000,2024-07-12 01:31:48.441
BTC,BUY,0.0020,9049750.000,2024-07-12 01:31:50.455
BTC,BUY,0.0003,9050450.000,2024-07-12 01:31:55.568
BTC,BUY,0.0014,9050020.000,2024-07-12 01:32:21.011
BTC,BUY,0.0100,9050020.000,2024-07-12 01:32:25.289
BTC,SELL,0.0020,9049468.000,2024-07-12 01:32:31.664
BTC,BUY,0.0002,9050000.000,2024-07-12 01:32:43.163
BTC,BUY,0.0004,9051340.000,2024-07-12 01:32:43.163
BTC,BUY,0.0050,9051870.000,2024-07-12 01:33:00.442
BTC,BUY,0.0150,9053460.000,2024-07-12 01:33:27.152
BTC,BUY,0.0002,9054000.000,2024-07-12 01:33:29.179
BTC,BUY,0.0078,9054520.000,2024-07-12 01:33:29.179
BTC,BUY,0.1000,9056110.000,2024-07-12 01:34:15.109
BTC,BUY,0.0056,9056640.000,2024-07-12 01:34:41.178
BTC,BUY,0.0300,9056840.000,2024-07-12 01:34:47.938
BTC,SELL,0.0500,9052200.000,2024-07-12 01:34:59.475
BTC,BUY,0.0002,9060000.000,2024-07-12 01:35:46.818
BTC,BUY,0.0048,9060350.000,2024-07-12 01:35:46.818
BTC,BUY,0.0025,9063530.000,2024-07-12 01:36:03.043
BTC,BUY,0.0008,9064060.000,2024-07-12 01:36:04.086
BTC,BUY,0.0001,9065600.000,2024-07-12 01:36:07.819
BTC,BUY,0.0100,9065775.000,2024-07-12 01:36:13.917
BTC,BUY,0.0055,9066150.000,2024-07-12 01:36:17.508
BTC,BUY,0.0010,9066705.000,2024-07-12 01:36:32.001
BTC,BUY,0.0395,9066710.000,2024-07-12 01:36:32.001
BTC,BUY,0.1995,9066710.000,2024-07-12 01:36:32.001
BTC,BUY,0.0010,9067770.000,2024-07-12 01:36:35.541
BTC,BUY,0.0033,9068719.000,2024-07-12 01:37:08.217
BTC,SELL,0.0500,9065050.000,2024-07-12 01:37:14.408
BTC,SELL,0.0100,9065000.000,2024-07-12 01:37:14.408
BTC,SELL,0.0033,9062806.000,2024-07-12 01:37:14.408
BTC,SELL,0.0125,9061280.000,2024-07-12 01:37:14.408
BTC,SELL,0.1170,9061240.000,2024-07-12 01:37:14.408
BTC,SELL,0.0008,9059511.000,2024-07-12 01:37:14.408
BTC,SELL,0.0300,9058577.000,2024-07-12 01:37:14.408
BTC,SELL,0.0200,9058389.000,2024-07-12 01:37:14.408
BTC,SELL,0.0300,9057834.000,2024-07-12 01:37:14.408
BTC,SELL,0.1000,9056961.000,2024-07-12 01:37:14.408
BTC,SELL,0.0100,9055792.000,2024-07-12 01:37:14.408
BTC,SELL,0.0200,9055529.000,2024-07-12 01:37:14.408
BTC,SELL,0.0552,9052919.000,2024-07-12 01:37:14.408
BTC,SELL,0.0050,9052767.000,2024-07-12 01:37:14.408
BTC,SELL,0.0100,9052261.000,2024-07-12 01:37:14.408
BTC,SELL,0.0100,9050000.000,2024-07-12 01:37:14.408
BTC,SELL,0.0680,9050000.000,2024-07-12 01:37:14.408
BTC,SELL,0.0001,9050000.000,2024-07-12 01:37:14.408
BTC,SELL,0.0010,9050000.000,2024-07-12 01:37:14.408
BTC,SELL,0.0100,9049702.000,2024-07-12 01:37:14.408
BTC,SELL,0.0400,9049530.000,2024-07-12 01:37:14.408
BTC,SELL,0.0400,9049244.000,2024-07-12 01:37:14.408
BTC,SELL,0.0140,9045726.000,2024-07-12 01:37:14.408
BTC,SELL,0.3431,9041270.000,2024-07-12 01:37:14.408
BTC,BUY,0.0333,9058582.000,2024-07-12 01:37:35.417
BTC,BUY,0.0110,9058696.000,2024-07-12 01:37:43.485
BTC,BUY,0.0047,9058696.000,2024-07-12 01:37:44.122
BTC,BUY,0.0312,9058696.000,2024-07-12 01:37:44.729
BTC,BUY,0.0531,9058696.000,2024-07-12 01:37:44.840
BTC,BUY,0.0030,9062465.000,2024-07-12 01:37:45.151
BTC,BUY,0.0333,9062074.000,2024-07-12 01:37:46.828
BTC,BUY,0.0142,9062938.000,2024-07-12 01:37:49.608
BTC,BUY,0.0100,9063800.000,2024-07-12 01:37:52.008
BTC,BUY,0.0014,9063641.000,2024-07-12 01:37:57.582
BTC,BUY,0.0015,9063659.000,2024-07-12 01:38:00.124
BTC,SELL,0.0030,9065891.000,2024-07-12 01:38:19.383
BTC,SELL,0.0070,9065445.000,2024-07-12 01:38:19.383
BTC,BUY,0.0019,9064527.000,2024-07-12 01:39:27.480
BTC,BUY,0.0001,9064524.000,2024-07-12 01:39:27.944
BTC,SELL,0.0005,9064000.000,2024-07-12 01:40:03.744
BTC,SELL,0.0100,9060000.000,2024-07-12 01:40:23.441
BTC,SELL,0.0100,9057350.000,2024-07-12 01:40:26.255
BTC,BUY,0.0099,9053365.000,2024-07-12 01:40:40.488
BTC,BUY,0.0099,9057277.000,2024-07-12 01:41:06.994
BTC,SELL,0.0001,9057277.000,2024-07-12 01:41:57.992
BTC,SELL,0.0810,9055605.000,2024-07-12 01:41:57.992
BTC,SELL,0.0990,9055385.000,2024-07-12 01:41:57.992
BTC,SELL,0.1000,9054701.000,2024-07-12 01:41:57.992
BTC,SELL,0.0100,9050825.000,2024-07-12 01:41:57.992
BTC,SELL,0.0100,9050807.000,2024-07-12 01:41:57.992
BTC,SELL,0.0010,9050000.000,2024-07-12 01:41:57.992
BTC,SELL,0.0120,9048560.000,2024-07-12 01:41:57.992
BTC,SELL,0.0552,9048497.000,2024-07-12 01:41:57.992
BTC,SELL,0.0100,9048052.000,2024-07-12 01:41:57.992
BTC,SELL,0.0400,9046140.000,2024-07-12 01:41:57.992
BTC,SELL,0.0002,9040000.000,2024-07-12 01:41:57.992
BTC,SELL,0.0140,9039554.000,2024-07-12 01:41:57.992
BTC,SELL,0.0400,9038621.000,2024-07-12 01:41:57.992
BTC,SELL,0.3275,9038620.000,2024-07-12 01:41:57.992
BTC,BUY,0.0049,9054863.000,2024-07-12 01:42:14.016
BTC,BUY,0.0002,9054997.000,2024-07-12 01:42:21.945
BTC,BUY,0.0002,9060000.000,2024-07-12 01:42:46.523
BTC,BUY,0.0050,9064248.000,2024-07-12 01:43:00.733
BTC,BUY,0.0010,9064905.000,2024-07-12 01:43:01.218
BTC,BUY,0.0003,9065383.000,2024-07-12 01:43:10.844
BTC,BUY,0.0001,9065246.000,2024-07-12 01:43:15.129
BTC,BUY,0.0001,9064573.000,2024-07-12 01:43:59.633
BTC,BUY,0.0010,9061196.000,2024-07-12 01:44:02.649
BTC,BUY,0.0020,9061640.000,2024-07-12 01:44:32.961
BTC,BUY,0.0099,9058722.000,2024-07-12 01:44:38.004
BTC,BUY,0.0020,9057151.000,2024-07-12 01:45:23.668
BTC,BUY,0.0176,9056376.000,2024-07-12 01:45:34.537
BTC,SELL,0.0033,9055001.000,2024-07-12 01:45:43.263
BTC,SELL,0.0067,9055000.000,2024-07-12 01:45:43.263
BTC,BUY,0.0100,9055001.000,2024-07-12 01:46:00.990
BTC,BUY,0.0011,9055002.000,2024-07-12 01:46:20.013
BTC,BUY,0.0130,9055002.000,2024-07-12 01:46:30.157
BTC,BUY,0.0193,9063717.000,2024-07-12 01:46:50.540
BTC,BUY,0.0030,9068747.000,2024-07-12 01:47:07.998
BTC,BUY,0.0235,9069501.000,2024-07-12 01:47:13.608
BTC,BUY,0.0004,9070000.000,2024-07-12 01:47:20.495
BTC,BUY,0.0100,9071142.000,2024-07-12 01:47:38.953
BTC,BUY,0.0400,9071142.000,2024-07-12 01:47:38.968
BTC,BUY,0.0050,9070001.000,2024-07-12 01:48:25.804
BTC,BUY,0.0002,9070001.000,2024-07-12 01:48:41.863
BTC,BUY,0.0008,9072005.000,2024-07-12 01:48:41.863
BTC,BUY,0.0006,9072702.000,2024-07-12 01:48:53.712
BTC,BUY,0.0010,9073655.000,2024-07-12 01:49:04.270
BTC,BUY,0.0006,9076315.000,2024-07-12 01:49:06.538
BTC,BUY,0.0010,9077178.000,2024-07-12 01:49:06.538
BTC,BUY,0.0001,9070010.000,2024-07-12 01:49:27.176
BTC,BUY,0.0017,9074659.000,2024-07-12 01:49:53.998
BTC,BUY,0.0014,9074640.000,2024-07-12 01:50:08.465
BTC,BUY,0.0086,9074680.000,2024-07-12 01:50:08.465
BTC,BUY,0.0017,9072370.000,2024-07-12 01:50:23.534
BTC,BUY,0.0281,9071964.000,2024-07-12 01:51:09.462
BTC,BUY,0.0003,9070901.000,2024-07-12 01:51:27.028
BTC,BUY,0.0110,9070900.000,2024-07-12 01:51:44.378
BTC,BUY,0.0050,9070165.000,2024-07-12 01:52:10.895
BTC,BUY,0.0173,9070799.000,2024-07-12 01:52:10.895
BTC,BUY,0.0125,9070800.000,2024-07-12 01:52:10.895
BTC,BUY,0.0052,9070879.000,2024-07-12 01:52:10.895
BTC,BUY,0.0030,9070901.000,2024-07-12 01:52:30.942
BTC,BUY,0.0001,9071866.000,2024-07-12 01:52:44.462
BTC,BUY,0.0044,9070304.000,2024-07-12 01:52:48.494
BTC,BUY,0.0201,9071825.000,2024-07-12 01:53:03.003
BTC,BUY,0.0001,9072000.000,2024-07-12 01:53:41.931
BTC,BUY,0.0009,9072525.000,2024-07-12 01:53:41.931
BTC,BUY,0.0010,9073467.000,2024-07-12 01:53:50.533
BTC,BUY,0.0015,9074941.000,2024-07-12 01:54:24.507
BTC,BUY,0.0010,9074941.000,2024-07-12 01:54:59.994
BTC,BUY,0.0025,9074941.000,2024-07-12 01:55:44.507
BTC,SELL,0.0100,9077309.000,2024-07-12 01:56:14.444
BTC,SELL,0.0125,9076240.000,2024-07-12 01:56:14.444
BTC,BUY,0.0004,9080000.000,2024-07-12 01:56:53.003
BTC,BUY,0.0001,9080000.000,2024-07-12 01:56:53.003
BTC,BUY,0.0002,9080000.000,2024-07-12 01:56:53.003
BTC,BUY,0.0040,9081715.000,2024-07-12 01:56:58.497
BTC,BUY,0.0152,9081045.000,2024-07-12 01:57:10.012
BTC,BUY,0.0236,9082452.000,2024-07-12 01:57:15.506
BTC,BUY,0.0010,9088949.000,2024-07-12 01:57:40.499
BTC,BUY,0.0004,9090000.000,2024-07-12 01:58:00.128
BTC,BUY,0.0300,9087959.000,2024-07-12 01:58:31.012
BTC,BUY,0.0300,9088105.000,2024-07-12 01:58:43.828
BTC,BUY,0.0211,9089070.000,2024-07-12 01:58:48.523
BTC,BUY,0.0006,9093629.000,2024-07-12 01:58:54.143
BTC,BUY,0.0005,9090874.000,2024-07-12 01:59:13.644
BTC,SELL,0.0100,9096254.000,2024-07-12 01:59:27.728
BTC,SELL,0.0050,9092430.000,2024-07-12 01:59:49.865
BTC,SELL,0.0355,9092230.000,2024-07-12 02:00:21.851
BTC,BUY,0.0001,9093491.000,2024-07-12 02:00:26.289
BTC,BUY,0.0110,9093491.000,2024-07-12 02:01:28.011
BTC,BUY,0.0001,9094080.000,2024-07-12 02:01:39.067
BTC,BUY,0.0500,9092479.000,2024-07-12 02:02:45.847
BTC,BUY,0.0010,9092431.000,2024-07-12 02:04:07.395
BTC,SELL,0.0001,9092430.000,2024-07-12 02:04:29.633
BTC,SELL,0.0010,9089637.000,2024-07-12 02:05:43.942
BTC,SELL,0.0040,9085663.000,2024-07-12 02:05:59.695
BTC,SELL,0.0030,9083339.000,2024-07-12 02:05:59.695
BTC,SELL,0.0010,9079798.000,2024-07-12 02:06:12.273
BTC,SELL,0.0100,9078131.000,2024-07-12 02:06:12.273
BTC,SELL,0.0125,9070880.000,2024-07-12 02:06:16.526
BTC,SELL,0.0184,9070816.000,2024-07-12 02:06:16.526
BTC,BUY,0.0516,9071994.000,2024-07-12 02:06:20.437
BTC,BUY,0.0073,9071994.000,2024-07-12 02:06:22.023
BTC,BUY,0.0159,9076686.000,2024-07-12 02:06:29.245
BTC,BUY,0.0004,9082610.000,2024-07-12 02:06:53.526
BTC,BUY,0.0010,9084729.000,2024-07-12 02:07:07.718
BTC,BUY,0.0005,9084199.000,2024-07-12 02:07:08.884
BTC,SELL,0.0050,9084594.000,2024-07-12 02:07:14.463
BTC,SELL,0.0040,9084798.000,2024-07-12 02:07:25.282
BTC,SELL,0.0240,9083285.000,2024-07-12 02:07:25.282
BTC,SELL,0.0030,9084191.000,2024-07-12 02:07:30.887
BTC,BUY,0.0030,9085782.000,2024-07-12 02:07:37.633
BTC,BUY,0.0002,9087379.000,2024-07-12 02:07:40.526
BTC,BUY,0.0070,9089369.000,2024-07-12 02:07:50.843
BTC,BUY,0.0001,9090000.000,2024-07-12 02:07:55.952
BTC,BUY,0.0002,9089465.000,2024-07-12 02:07:59.020
BTC,BUY,0.0011,9088880.000,2024-07-12 02:08:19.495
BTC,BUY,0.0001,9091600.000,2024-07-12 02:08:27.022
BTC,BUY,0.0005,9090451.000,2024-07-12 02:08:31.387
BTC,BUY,0.0025,9090240.000,2024-07-12 02:08:44.104
BTC,BUY,0.0006,9091866.000,2024-07-12 02:08:51.026
BTC,BUY,0.0300,9090420.000,2024-07-12 02:09:00.989
BTC,SELL,0.0200,9088137.000,2024-07-12 02:09:02.079
BTC,SELL,0.0100,9086087.000,2024-07-12 02:09:02.079
BTC,SELL,0.0050,9085904.000,2024-07-12 02:09:02.079
BTC,BUY,0.0010,9090640.000,2024-07-12 02:09:06.603
BTC,BUY,0.0045,9090800.000,2024-07-12 02:09:07.471
BTC,BUY,0.0001,9091924.000,2024-07-12 02:09:11.383
BTC,BUY,0.0002,9095000.000,2024-07-12 02:09:57.215
BTC,BUY,0.0006,9096551.000,2024-07-12 02:09:57.215
BTC,BUY,0.0050,9096551.000,2024-07-12 02:09:58.034
BTC,BUY,0.0094,9097296.000,2024-07-12 02:10:00.726
BTC,BUY,0.0004,9100000.000,2024-07-12 02:10:08.031
BTC,BUY,0.0002,9100000.000,2024-07-12 02:10:08.031
BTC,BUY,0.0002,9100000.000,2024-07-12 02:10:08.031
BTC,BUY,0.0002,9100000.000,2024-07-12 02:10:08.031
BTC,BUY,0.0001,9105081.000,2024-07-12 02:10:15.736
BTC,SELL,0.0100,9100855.000,2024-07-12 02:10:25.375
BTC,BUY,0.0007,9089787.000,2024-07-12 02:10:35.004
BTC,BUY,0.0002,9089595.000,2024-07-12 02:10:40.312
BTC,BUY,0.0610,9094222.000,2024-07-12 02:11:24.667
BTC,BUY,0.0390,9094222.000,2024-07-12 02:11:25.321
BTC,BUY,0.0080,9098258.000,2024-07-12 02:11:25.321
BTC,BUY,0.0042,9098720.000,2024-07-12 02:11:25.321
BTC,BUY,0.0038,9099619.000,2024-07-12 02:11:25.321
BTC,BUY,0.0001,9096750.000,2024-07-12 02:11:26.547
BTC,BUY,0.0003,9096750.000,2024-07-12 02:11:27.078
BTC,BUY,0.0250,9096750.000,2024-07-12 02:11:27.350
BTC,BUY,0.0012,9099619.000,2024-07-12 02:11:31.021
BTC,SELL,0.0011,9098428.000,2024-07-12 02:11:36.526
BTC,BUY,0.0002,9098433.000,2024-07-12 02:11:36.640
BTC,BUY,0.0001,9094938.000,2024-07-12 02:11:40.221
BTC,BUY,0.0032,9098433.000,2024-07-12 02:11:41.422
BTC,BUY,0.0001,9098433.000,2024-07-12 02:11:42.123
BTC,BUY,0.0500,9094343.000,2024-07-12 02:12:36.262
BTC,BUY,0.0170,9098561.000,2024-07-12 02:12:54.001
BTC,BUY,0.0125,9098816.000,2024-07-12 02:13:38.473
BTC,BUY,0.0090,9102344.000,2024-07-12 02:16:21.180
BTC,SELL,0.0015,9102810.000,2024-07-12 02:17:18.390
BTC,BUY,0.0410,9105984.000,2024-07-12 02:17:27.738
BTC,BUY,0.0100,9106838.000,2024-07-12 02:17:29.497
BTC,BUY,0.0086,9106839.000,2024-07-12 02:17:29.497
BTC,BUY,0.0815,9106986.000,2024-07-12 02:17:45.942
BTC,BUY,0.0004,9110000.000,2024-07-12 02:17:51.548
BTC,BUY,0.0146,9110000.000,2024-07-12 02:17:51.548
BTC,BUY,0.0154,9110000.000,2024-07-12 02:18:07.434
BTC,BUY,0.0200,9113123.000,2024-07-12 02:18:12.100
BTC,BUY,0.0800,9113123.000,2024-07-12 02:18:12.683
BTC,BUY,0.0181,9117812.000,2024-07-12 02:18:12.683
BTC,BUY,0.0115,9118309.000,2024-07-12 02:18:12.683
BTC,BUY,0.0036,9118592.000,2024-07-12 02:18:12.683
BTC,BUY,0.0200,9118592.000,2024-07-12 02:18:12.843
BTC,BUY,0.0004,9120000.000,2024-07-12 02:18:46.998
BTC,BUY,0.0001,9120000.000,2024-07-12 02:18:46.998
BTC,BUY,0.0006,9118648.000,2024-07-12 02:18:52.502
BTC,BUY,0.0057,9118761.000,2024-07-12 02:19:14.495
BTC,BUY,0.0033,9110776.000,2024-07-12 02:19:57.725
BTC,BUY,0.0002,9110776.000,2024-07-12 02:19:59.473
BTC,BUY,0.0008,9112408.000,2024-07-12 02:19:59.473
BTC,BUY,0.0269,9110139.000,2024-07-12 02:20:18.875
BTC,BUY,0.1000,9109964.000,2024-07-12 02:20:37.102
BTC,BUY,0.0110,9109677.000,2024-07-12 02:21:16.488
BTC,BUY,0.0030,9113094.000,2024-07-12 02:21:45.020
BTC,BUY,0.0170,9109868.000,2024-07-12 02:21:56.685
BTC,SELL,0.0100,9113594.000,2024-07-12 02:22:12.047
BTC,BUY,0.0090,9116027.000,2024-07-12 02:22:24.576
BTC,BUY,0.1000,9118876.000,2024-07-12 02:22:46.271
BTC,BUY,0.0002,9120000.000,2024-07-12 02:23:04.456
BTC,BUY,0.1000,9122260.000,2024-07-12 02:23:06.445
BTC,BUY,0.1000,9125852.000,2024-07-12 02:23:20.038
BTC,BUY,0.0004,9130000.000,2024-07-12 02:23:46.465
BTC,BUY,0.0020,9130000.000,2024-07-12 02:23:46.465
BTC,BUY,0.0976,9132254.000,2024-07-12 02:23:46.465
BTC,BUY,0.0023,9132254.000,2024-07-12 02:23:49.013
BTC,BUY,0.0020,9133333.000,2024-07-12 02:23:51.054
BTC,BUY,0.0020,9133333.000,2024-07-12 02:23:59.539
BTC,BUY,0.0125,9133333.000,2024-07-12 02:24:00.746
BTC,BUY,0.0300,9133333.000,2024-07-12 02:24:05.016
BTC,BUY,0.0010,9133333.000,2024-07-12 02:24:10.966
BTC,BUY,0.0500,9133333.000,2024-07-12 02:24:15.217
BTC,BUY,0.0065,9133333.000,2024-07-12 02:24:17.493
BTC,BUY,0.0023,9138704.000,2024-07-12 02:24:18.005
BTC,BUY,0.0277,9138705.000,2024-07-12 02:24:18.005
BTC,BUY,0.0023,9139131.000,2024-07-12 02:24:23.489
BTC,BUY,0.0004,9140000.000,2024-07-12 02:24:27.256
BTC,BUY,0.0001,9140000.000,2024-07-12 02:24:27.256
BTC,BUY,0.0095,9141489.000,2024-07-12 02:24:27.256
BTC,BUY,0.0100,9141489.000,2024-07-12 02:24:27.672
BTC,BUY,0.0400,9141489.000,2024-07-12 02:24:28.185
BTC,BUY,0.0100,9141489.000,2024-07-12 02:24:28.245
BTC,BUY,0.0004,9150000.000,2024-07-12 02:24:33.530
BTC,BUY,0.0002,9150000.000,2024-07-12 02:24:33.530
BTC,BUY,0.0010,9153333.000,2024-07-12 02:24:33.584
BTC,BUY,0.1000,9151430.000,2024-07-12 02:24:38.219
BTC,BUY,0.0030,9153333.000,2024-07-12 02:24:39.022
BTC,BUY,0.0031,9157455.000,2024-07-12 02:24:39.350
BTC,BUY,0.0004,9160000.000,2024-07-12 02:24:45.995
BTC,BUY,0.0296,9160000.000,2024-07-12 02:24:45.995
BTC,BUY,0.0004,9160000.000,2024-07-12 02:24:51.539
BTC,BUY,0.0020,9160000.000,2024-07-12 02:24:51.539
BTC,BUY,0.0276,9160801.000,2024-07-12 02:24:51.539
BTC,BUY,0.0010,9160801.000,2024-07-12 02:24:51.633
BTC,SELL,0.1000,9160083.000,2024-07-12 02:24:53.116
BTC,BUY,0.0031,9154015.000,2024-07-12 02:25:06.049
BTC,BUY,0.0002,9154015.000,2024-07-12 02:25:06.049
BTC,SELL,0.0080,9151315.000,2024-07-12 02:25:07.703
BTC,BUY,0.0002,9151316.000,2024-07-12 02:25:11.500
BTC,BUY,0.0002,9151316.000,2024-07-12 02:25:18.492
BTC,BUY,0.0002,9151316.000,2024-07-12 02:25:19.153
BTC,BUY,0.0713,9154797.000,2024-07-12 02:25:19.153
BTC,BUY,0.1000,9159075.000,2024-07-12 02:25:22.200
BTC,BUY,0.0201,9162980.000,2024-07-12 02:25:24.047
BTC,BUY,0.0100,9163291.000,2024-07-12 02:25:32.533
BTC,BUY,0.0140,9159234.000,2024-07-12 02:25:38.005
BTC,BUY,0.0006,9159234.000,2024-07-12 02:25:38.561
BTC,BUY,0.0229,9162535.000,2024-07-12 02:25:45.016
BTC,BUY,0.0300,9151760.000,2024-07-12 02:26:07.001
BTC,BUY,0.0010,9148967.000,2024-07-12 02:26:14.878
BTC,BUY,0.1000,9148048.000,2024-07-12 02:26:17.650
BTC,BUY,0.0300,9149920.000,2024-07-12 02:26:18.514
BTC,BUY,0.0600,9152040.000,2024-07-12 02:26:24.012
BTC,BUY,0.0969,9145520.000,2024-07-12 02:27:05.904
BTC,BUY,0.0031,9145790.000,2024-07-12 02:27:05.904
BTC,SELL,0.0005,9140170.000,2024-07-12 02:27:19.015
BTC,BUY,0.0195,9134117.000,2024-07-12 02:27:20.379
BTC,BUY,0.0132,9137765.000,2024-07-12 02:27:24.519
BTC,BUY,0.1000,9136571.000,2024-07-12 02:27:28.559
BTC,BUY,0.6000,9138790.000,2024-07-12 02:27:28.559
BTC,BUY,0.3000,9139850.000,2024-07-12 02:27:28.559
BTC,BUY,0.0200,9137005.000,2024-07-12 02:27:37.558
BTC,BUY,0.0800,9137200.000,2024-07-12 02:27:52.341
BTC,BUY,0.0233,9137730.000,2024-07-12 02:27:55.030
BTC,BUY,0.0950,9137225.000,2024-07-12 02:30:09.931
BTC,BUY,0.0547,9137560.000,2024-07-12 02:30:09.931
BTC,BUY,0.0200,9137930.000,2024-07-12 02:30:09.931
BTC,BUY,0.0200,9138789.000,2024-07-12 02:30:31.581
BTC,BUY,0.5000,9138790.000,2024-07-12 02:30:31.581
BTC,SELL,0.0100,9139000.000,2024-07-12 02:30:38.376
BTC,SELL,0.0100,9139000.000,2024-07-12 02:30:48.840
BTC,BUY,0.1000,9140380.000,2024-07-12 02:31:18.551
BTC,BUY,0.1903,9140910.000,2024-07-12 02:31:18.551
BTC,SELL,0.0002,9141439.000,2024-07-12 02:31:20.639
BTC,SELL,0.0004,9137196.000,2024-07-12 02:31:20.639
BTC,SELL,0.0043,9137681.000,2024-07-12 02:31:58.627
BTC,BUY,0.0001,9141440.000,2024-07-12 02:32:30.965
BTC,BUY,0.0200,9139114.000,2024-07-12 02:32:41.090
BTC,BUY,0.0740,9139114.000,2024-07-12 02:32:43.092
BTC,BUY,0.0055,9139483.000,2024-07-12 02:32:45.561
BTC,BUY,0.0125,9140000.000,2024-07-12 02:33:19.164
BTC,BUY,0.0875,9140910.000,2024-07-12 02:33:19.164
BTC,BUY,0.0001,9137682.000,2024-07-12 02:36:59.184
BTC,BUY,0.0099,9137682.000,2024-07-12 02:37:57.883
BTC,BUY,0.0001,9137682.000,2024-07-12 02:37:57.883
BTC,BUY,0.0013,9138000.000,2024-07-12 02:39:06.091
BTC,BUY,0.0014,9138000.000,2024-07-12 02:39:31.879
BTC,BUY,0.0008,9138000.000,2024-07-12 02:39:51.985
BTC,BUY,0.0003,9138240.000,2024-07-12 02:39:51.985
BTC,BUY,0.0002,9139280.000,2024-07-12 02:40:30.932
BTC,SELL,0.0010,9139280.000,2024-07-12 02:41:53.415
BTC,SELL,0.0490,9139280.000,2024-07-12 02:41:53.415
BTC,BUY,0.0025,9140910.000,2024-07-12 02:42:17.016
BTC,BUY,0.0012,9139185.000,2024-07-12 02:42:34.532
BTC,BUY,0.0016,9139092.000,2024-07-12 02:43:51.421
BTC,BUY,0.0200,9139092.000,2024-07-12 02:43:51.741
BTC,BUY,0.0040,9139092.000,2024-07-12 02:43:52.000
BTC,BUY,0.0200,9139092.000,2024-07-12 02:43:52.340
BTC,BUY,0.0010,9138240.000,2024-07-12 02:45:50.185
BTC,SELL,0.0100,9144044.000,2024-07-12 02:46:01.548
BTC,BUY,0.1000,9146780.000,2024-07-12 02:46:14.249
BTC,BUY,0.0100,9150510.000,2024-07-12 02:46:14.249
BTC,BUY,0.0055,9151025.000,2024-07-12 02:46:14.249
BTC,BUY,0.0120,9152000.000,2024-07-12 02:46:14.249
BTC,BUY,0.1000,9152040.000,2024-07-12 02:46:14.249
BTC,BUY,0.0725,9152570.000,2024-07-12 02:46:14.249
BTC,SELL,0.0047,9146284.000,2024-07-12 02:47:01.353
BTC,BUY,0.0010,9145482.000,2024-07-12 02:47:44.928
BTC,BUY,0.0004,9147737.000,2024-07-12 02:47:52.359
