symbol,side,size,price,timestamp
ETH,SELL,0.3333,482500.000,2024-07-07 21:01:29.669
ETH,SELL,0.6667,482500.000,2024-07-07 21:01:55.376
ETH,SELL,0.5633,482218.000,2024-07-07 21:01:55.376
ETH,SELL,0.1000,482218.000,2024-07-07 21:07:04.815
ETH,SELL,0.2000,482218.000,2024-07-07 21:07:10.981
ETH,SELL,0.1000,482218.000,2024-07-07 21:07:12.113
ETH,SELL,0.2000,482218.000,2024-07-07 21:07:13.252
ETH,SELL,0.1000,482218.000,2024-07-07 21:07:18.391
ETH,SELL,0.2000,482218.000,2024-07-07 21:08:04.482
ETH,SELL,0.0222,482218.000,2024-07-07 21:08:15.394
ETH,SELL,0.0778,482218.000,2024-07-07 21:08:23.065
ETH,SELL,0.0075,482200.000,2024-07-07 21:08:23.065
ETH,SELL,0.0025,482200.000,2024-07-07 21:08:32.367
ETH,SELL,0.0100,481900.000,2024-07-07 21:08:32.367
ETH,SELL,0.1271,481606.000,2024-07-07 21:08:32.367
ETH,SELL,0.0100,481600.000,2024-07-07 21:08:32.367
ETH,SELL,0.0100,481300.000,2024-07-07 21:08:32.367
ETH,SELL,0.0404,481288.000,2024-07-07 21:08:32.367
ETH,SELL,0.0100,481000.000,2024-07-07 21:10:22.943
ETH,SELL,0.0100,480700.000,2024-07-07 21:10:42.768
ETH,SELL,0.0100,480400.000,2024-07-07 21:11:14.919
ETH,SELL,0.0100,480100.000,2024-07-07 21:11:42.163
ETH,SELL,0.0100,479800.000,2024-07-07 21:12:01.615
ETH,SELL,0.0100,479573.000,2024-07-07 21:12:21.804
ETH,SELL,0.0100,479200.000,2024-07-07 21:12:21.804
ETH,SELL,0.0799,478901.000,2024-07-07 21:12:21.804
ETH,SELL,0.1000,479091.000,2024-07-07 21:12:54.962
ETH,BUY,0.0100,479137.000,2024-07-07 21:12:55.527
ETH,SELL,0.0100,478900.000,2024-07-07 21:14:51.634
ETH,SELL,0.5890,478841.000,2024-07-07 21:14:51.634
ETH,SELL,0.0100,478600.000,2024-07-07 21:14:54.238
ETH,BUY,0.0699,478804.000,2024-07-07 21:15:58.271
ETH,BUY,0.0301,478804.000,2024-07-07 21:15:58.271
ETH,SELL,0.1000,478803.000,2024-07-07 21:16:02.660
ETH,SELL,0.1000,478803.000,2024-07-07 21:16:03.280
ETH,SELL,0.2000,478803.000,2024-07-07 21:16:03.597
ETH,SELL,0.0100,478300.000,2024-07-07 21:16:38.708
ETH,SELL,0.0100,478009.000,2024-07-07 21:17:00.656
ETH,SELL,0.0100,478000.000,2024-07-07 21:17:00.656
ETH,SELL,0.0800,478000.000,2024-07-07 21:17:00.656
ETH,SELL,0.0200,478000.000,2024-07-07 21:17:01.792
ETH,SELL,0.5800,477927.000,2024-07-07 21:17:01.792
ETH,SELL,0.0817,477798.000,2024-07-07 21:18:28.573
ETH,SELL,0.0100,477700.000,2024-07-07 21:18:39.930
ETH,SELL,0.0420,477700.000,2024-07-07 21:18:39.930
ETH,SELL,0.0100,477400.000,2024-07-07 21:18:40.384
ETH,SELL,0.0100,477100.000,2024-07-07 21:18:40.384
ETH,SELL,0.0999,476868.000,2024-07-07 21:18:40.384
ETH,SELL,1.3500,476988.000,2024-07-07 21:19:32.263
ETH,SELL,0.4000,476980.000,2024-07-07 21:19:32.263
ETH,BUY,0.0100,477074.000,2024-07-07 21:20:02.085
ETH,BUY,0.1001,477095.000,2024-07-07 21:20:33.671
ETH,BUY,0.0099,477190.000,2024-07-07 21:20:33.671
ETH,SELL,0.0100,476800.000,2024-07-07 21:21:26.300
ETH,SELL,0.0420,476712.000,2024-07-07 21:21:30.147
ETH,SELL,0.0100,476500.000,2024-07-07 21:21:30.147
ETH,SELL,0.0100,476264.000,2024-07-07 21:21:30.147
ETH,SELL,0.0100,476200.000,2024-07-07 21:21:30.147
ETH,SELL,0.0280,476001.000,2024-07-07 21:21:30.147
ETH,BUY,0.0200,476319.000,2024-07-07 21:21:45.236
ETH,BUY,0.0200,476440.000,2024-07-07 21:22:55.075
ETH,SELL,0.3500,476300.000,2024-07-07 21:23:18.509
ETH,SELL,0.0100,476000.000,2024-07-07 21:23:18.973
ETH,SELL,0.1250,476000.000,2024-07-07 21:23:18.973
ETH,SELL,0.0100,476000.000,2024-07-07 21:23:18.973
ETH,SELL,0.0250,476000.000,2024-07-07 21:23:18.973
ETH,SELL,0.0050,476000.000,2024-07-07 21:23:19.340
ETH,SELL,0.0100,475900.000,2024-07-07 21:23:19.506
ETH,SELL,0.0100,475900.000,2024-07-07 21:23:19.506
ETH,SELL,0.0220,475890.000,2024-07-07 21:23:19.506
ETH,SELL,0.0100,475600.000,2024-07-07 21:23:19.648
ETH,SELL,0.0900,475341.000,2024-07-07 21:23:19.648
ETH,SELL,0.0020,475341.000,2024-07-07 21:23:19.668
ETH,SELL,0.0980,475311.000,2024-07-07 21:23:19.668
ETH,SELL,0.5000,475311.000,2024-07-07 21:23:19.819
ETH,SELL,0.0500,475311.000,2024-07-07 21:23:20.039
ETH,SELL,0.2000,475311.000,2024-07-07 21:23:20.041
ETH,SELL,0.0100,475300.000,2024-07-07 21:23:20.592
ETH,SELL,0.0100,475140.000,2024-07-07 21:23:20.592
ETH,SELL,0.0800,475051.000,2024-07-07 21:23:20.592
ETH,SELL,0.5000,475051.000,2024-07-07 21:23:21.838
ETH,SELL,0.2000,475050.000,2024-07-07 21:23:22.682
ETH,SELL,0.0500,475002.000,2024-07-07 21:23:23.462
ETH,SELL,0.0500,475001.000,2024-07-07 21:23:23.462
ETH,SELL,0.0500,475001.000,2024-07-07 21:23:23.532
ETH,SELL,0.2100,475000.000,2024-07-07 21:23:23.532
ETH,SELL,0.1000,475000.000,2024-07-07 21:23:23.532
ETH,SELL,0.1000,475000.000,2024-07-07 21:23:23.532
ETH,SELL,0.1000,475000.000,2024-07-07 21:23:23.532
ETH,SELL,0.2000,475000.000,2024-07-07 21:23:23.532
ETH,SELL,0.8008,475000.000,2024-07-07 21:23:23.532
ETH,SELL,0.0992,475000.000,2024-07-07 21:23:23.608
ETH,SELL,0.1000,475000.000,2024-07-07 21:23:23.608
ETH,SELL,0.0200,475000.000,2024-07-07 21:23:23.608
ETH,SELL,0.0100,475000.000,2024-07-07 21:23:23.608
ETH,SELL,0.0170,475000.000,2024-07-07 21:23:23.608
ETH,SELL,0.0200,475000.000,2024-07-07 21:23:23.608
ETH,SELL,0.5000,475000.000,2024-07-07 21:23:23.608
ETH,SELL,0.0100,475000.000,2024-07-07 21:23:23.608
ETH,SELL,0.2238,475000.000,2024-07-07 21:23:23.608
ETH,SELL,0.0194,475000.000,2024-07-07 21:23:23.674
ETH,SELL,0.1500,475000.000,2024-07-07 21:23:24.028
ETH,SELL,0.2000,475000.000,2024-07-07 21:23:24.510
ETH,SELL,0.4068,475000.000,2024-07-07 21:23:24.694
ETH,SELL,0.0100,475000.000,2024-07-07 21:23:24.694
ETH,SELL,0.0100,475000.000,2024-07-07 21:23:24.694
ETH,SELL,0.0100,475000.000,2024-07-07 21:23:24.694
ETH,SELL,0.1000,475000.000,2024-07-07 21:23:24.694
ETH,SELL,0.0100,475000.000,2024-07-07 21:23:24.694
ETH,SELL,0.0100,475000.000,2024-07-07 21:23:24.694
ETH,SELL,0.0100,475000.000,2024-07-07 21:23:24.694
ETH,SELL,0.0300,475000.000,2024-07-07 21:23:24.694
ETH,SELL,0.1000,475000.000,2024-07-07 21:23:24.694
ETH,SELL,0.0200,475000.000,2024-07-07 21:23:24.694
ETH,SELL,0.0100,474700.000,2024-07-07 21:23:26.482
ETH,SELL,0.0200,474500.000,2024-07-07 21:23:26.482
ETH,SELL,0.0100,474400.000,2024-07-07 21:23:26.482
ETH,SELL,0.0430,474400.000,2024-07-07 21:23:26.482
ETH,SELL,0.0100,474248.000,2024-07-07 21:23:26.482
ETH,SELL,0.0100,474100.000,2024-07-07 21:23:26.482
ETH,SELL,0.0130,474000.000,2024-07-07 21:23:26.482
ETH,SELL,0.0200,473906.000,2024-07-07 21:23:26.482
ETH,SELL,0.0100,473800.000,2024-07-07 21:23:26.482
ETH,SELL,0.1130,473750.000,2024-07-07 21:23:26.482
ETH,SELL,0.8870,473750.000,2024-07-07 21:23:26.611
ETH,SELL,0.0100,473500.000,2024-07-07 21:23:26.611
ETH,SELL,0.3720,473426.000,2024-07-07 21:23:26.611
ETH,SELL,0.8600,473425.000,2024-07-07 21:23:26.611
ETH,SELL,1.0100,473396.000,2024-07-07 21:23:26.611
ETH,SELL,1.1600,473367.000,2024-07-07 21:23:26.611
ETH,SELL,0.7010,473338.000,2024-07-07 21:23:26.611
ETH,SELL,0.8490,473338.000,2024-07-07 21:23:26.615
ETH,SELL,0.1510,473309.000,2024-07-07 21:23:26.615
ETH,BUY,0.5000,473757.000,2024-07-07 21:23:27.525
ETH,BUY,0.0999,473756.000,2024-07-07 21:23:28.113
ETH,BUY,0.1000,473756.000,2024-07-07 21:23:28.730
ETH,BUY,0.5000,473756.000,2024-07-07 21:23:28.780
ETH,BUY,0.5000,473757.000,2024-07-07 21:23:29.796
ETH,BUY,0.0100,473800.000,2024-07-07 21:23:29.846
ETH,SELL,0.0100,473939.000,2024-07-07 21:23:30.499
ETH,BUY,0.1000,473941.000,2024-07-07 21:23:32.018
ETH,BUY,0.0210,473941.000,2024-07-07 21:23:32.765
ETH,BUY,0.1701,473945.000,2024-07-07 21:23:35.287
ETH,BUY,0.1000,473952.000,2024-07-07 21:23:35.413
ETH,BUY,0.0100,474100.000,2024-07-07 21:23:41.801
ETH,BUY,0.0210,473802.000,2024-07-07 21:23:52.789
ETH,BUY,0.1000,473910.000,2024-07-07 21:23:56.474
ETH,BUY,0.0210,474225.000,2024-07-07 21:24:02.721
ETH,BUY,0.0800,474225.000,2024-07-07 21:24:02.815
ETH,BUY,0.3200,474399.000,2024-07-07 21:24:07.598
ETH,BUY,0.4000,474399.000,2024-07-07 21:24:07.753
ETH,BUY,0.0100,474400.000,2024-07-07 21:24:08.223
ETH,BUY,0.0200,474412.000,2024-07-07 21:24:08.223
ETH,BUY,0.6501,474412.000,2024-07-07 21:24:09.803
ETH,BUY,0.0200,474568.000,2024-07-07 21:24:09.833
ETH,BUY,0.0100,474490.000,2024-07-07 21:25:24.637
ETH,BUY,0.9900,474490.000,2024-07-07 21:25:25.632
ETH,BUY,0.3200,474507.000,2024-07-07 21:25:27.274
ETH,BUY,0.3700,474507.000,2024-07-07 21:25:27.963
ETH,BUY,0.3100,474507.000,2024-07-07 21:25:28.183
ETH,BUY,0.0100,474700.000,2024-07-07 21:25:28.524
ETH,BUY,0.0100,475000.000,2024-07-07 21:25:28.524
ETH,BUY,0.1800,475049.000,2024-07-07 21:25:28.524
ETH,SELL,0.0100,474700.000,2024-07-07 21:25:48.355
ETH,SELL,0.0100,474400.000,2024-07-07 21:26:31.863
ETH,SELL,0.0100,474100.000,2024-07-07 21:26:54.755
ETH,SELL,0.0100,473800.000,2024-07-07 21:26:55.431
ETH,SELL,0.0899,473501.000,2024-07-07 21:26:55.431
ETH,BUY,0.2300,473857.000,2024-07-07 21:27:07.038
ETH,BUY,0.3200,474013.000,2024-07-07 21:27:09.141
ETH,BUY,0.1700,474011.000,2024-07-07 21:27:11.089
ETH,BUY,0.0100,474058.000,2024-07-07 21:27:34.924
ETH,BUY,0.0210,473615.000,2024-07-07 21:28:02.768
ETH,BUY,0.0210,473606.000,2024-07-07 21:28:12.697
ETH,BUY,0.0210,473646.000,2024-07-07 21:28:22.734
ETH,BUY,0.1002,473642.000,2024-07-07 21:28:29.218
ETH,BUY,0.1900,473560.000,2024-07-07 21:28:31.077
ETH,BUY,0.6200,473560.000,2024-07-07 21:28:31.322
ETH,BUY,0.0210,473560.000,2024-07-07 21:28:32.802
ETH,BUY,0.0200,473616.000,2024-07-07 21:28:34.314
ETH,BUY,0.1000,473616.000,2024-07-07 21:28:34.366
ETH,BUY,0.0400,473732.000,2024-07-07 21:28:40.181
ETH,BUY,0.0210,474096.000,2024-07-07 21:28:42.745
ETH,BUY,0.0304,474091.000,2024-07-07 21:28:48.666
ETH,BUY,0.1296,474091.000,2024-07-07 21:28:48.666
ETH,BUY,0.0210,473700.000,2024-07-07 21:29:12.717
ETH,BUY,0.1300,473702.000,2024-07-07 21:29:18.839
ETH,BUY,0.0800,473522.000,2024-07-07 21:30:19.618
ETH,BUY,0.0100,473522.000,2024-07-07 21:30:20.418
ETH,BUY,0.2000,473522.000,2024-07-07 21:30:20.523
ETH,BUY,0.0800,473522.000,2024-07-07 21:30:21.102
ETH,BUY,0.2000,473522.000,2024-07-07 21:30:21.227
ETH,BUY,0.4000,473522.000,2024-07-07 21:30:21.235
ETH,BUY,0.0300,473522.000,2024-07-07 21:30:21.413
ETH,BUY,0.2000,473885.000,2024-07-07 21:30:21.743
ETH,BUY,0.1000,473885.000,2024-07-07 21:30:21.949
ETH,BUY,0.2000,473885.000,2024-07-07 21:30:22.161
ETH,BUY,0.0200,473885.000,2024-07-07 21:30:22.263
ETH,BUY,0.0208,473885.000,2024-07-07 21:30:22.780
ETH,BUY,0.1000,473885.000,2024-07-07 21:30:23.374
ETH,BUY,0.0100,474100.000,2024-07-07 21:30:24.370
ETH,BUY,0.3100,474161.000,2024-07-07 21:30:24.370
ETH,BUY,0.1700,474161.000,2024-07-07 21:30:27.226
ETH,SELL,0.2000,473924.000,2024-07-07 21:30:55.081
ETH,SELL,0.0956,473866.000,2024-07-07 21:31:23.793
ETH,SELL,0.1000,473806.000,2024-07-07 21:31:50.528
ETH,SELL,0.0100,473800.000,2024-07-07 21:31:56.282
ETH,BUY,0.0186,473534.000,2024-07-07 21:33:10.993
ETH,BUY,0.0210,473691.000,2024-07-07 21:33:12.751
ETH,SELL,0.0100,473520.000,2024-07-07 21:34:31.767
ETH,BUY,0.1000,473776.000,2024-07-07 21:35:33.355
ETH,BUY,0.2000,473966.000,2024-07-07 21:35:33.607
ETH,BUY,0.4000,473966.000,2024-07-07 21:35:34.440
ETH,BUY,0.2000,473966.000,2024-07-07 21:35:34.878
ETH,BUY,0.1000,473966.000,2024-07-07 21:35:35.754
ETH,BUY,0.0100,474100.000,2024-07-07 21:35:41.413
ETH,BUY,0.0500,474190.000,2024-07-07 21:35:42.492
ETH,BUY,0.2000,473959.000,2024-07-07 21:36:17.949
ETH,BUY,0.2000,473959.000,2024-07-07 21:36:18.162
ETH,BUY,0.0100,474400.000,2024-07-07 21:36:38.895
ETH,BUY,0.1100,474458.000,2024-07-07 21:36:38.895
ETH,SELL,0.2000,474184.000,2024-07-07 21:36:50.856
ETH,SELL,0.1000,474101.000,2024-07-07 21:37:17.129
ETH,SELL,0.2000,474101.000,2024-07-07 21:37:37.350
ETH,BUY,0.3900,474102.000,2024-07-07 21:37:39.265
ETH,BUY,0.0100,474481.000,2024-07-07 21:39:46.135
ETH,BUY,0.0100,474700.000,2024-07-07 21:42:07.701
ETH,BUY,0.2000,474758.000,2024-07-07 21:42:07.967
ETH,BUY,0.0200,474950.000,2024-07-07 21:42:13.406
ETH,SELL,0.4356,474824.000,2024-07-07 21:42:29.973
ETH,SELL,1.0644,474823.000,2024-07-07 21:42:29.973
ETH,BUY,0.0100,475000.000,2024-07-07 21:42:30.868
ETH,BUY,0.0010,475051.000,2024-07-07 21:42:30.868
ETH,BUY,0.0201,474761.000,2024-07-07 21:42:39.675
ETH,BUY,0.0200,475049.000,2024-07-07 21:44:35.151
ETH,SELL,0.5000,474880.000,2024-07-07 21:44:41.396
ETH,SELL,0.0100,474700.000,2024-07-07 21:44:54.923
ETH,BUY,0.1000,474514.000,2024-07-07 21:45:19.656
ETH,BUY,0.0291,474514.000,2024-07-07 21:45:21.565
ETH,SELL,0.5000,474401.000,2024-07-07 21:46:30.718
ETH,SELL,0.0100,474400.000,2024-07-07 21:46:30.718
ETH,SELL,0.6323,474393.000,2024-07-07 21:46:30.718
ETH,SELL,0.2000,474220.000,2024-07-07 21:46:30.718
ETH,SELL,0.8377,474216.000,2024-07-07 21:46:30.718
ETH,BUY,0.0292,474415.000,2024-07-07 21:48:12.739
ETH,BUY,0.0100,474700.000,2024-07-07 21:48:49.141
ETH,BUY,0.0800,474747.000,2024-07-07 21:48:53.025
ETH,BUY,0.1000,474734.000,2024-07-07 21:50:30.291
ETH,BUY,0.4000,474473.000,2024-07-07 21:50:46.118
ETH,BUY,0.0999,474552.000,2024-07-07 21:50:48.542
ETH,BUY,0.0499,474552.000,2024-07-07 21:50:48.953
ETH,BUY,0.2000,474636.000,2024-07-07 21:50:49.796
ETH,BUY,0.5235,474770.000,2024-07-07 21:50:54.048
ETH,BUY,0.1000,474770.000,2024-07-07 21:50:55.280
ETH,BUY,0.4000,474815.000,2024-07-07 21:50:55.631
ETH,BUY,0.1000,474815.000,2024-07-07 21:50:55.666
ETH,BUY,0.3200,474815.000,2024-07-07 21:50:56.437
ETH,BUY,0.1800,474815.000,2024-07-07 21:50:57.175
ETH,BUY,0.0100,475000.000,2024-07-07 21:50:57.257
ETH,BUY,0.0120,475019.000,2024-07-07 21:50:57.257
ETH,BUY,0.1200,475019.000,2024-07-07 21:50:58.251
ETH,BUY,0.1000,475051.000,2024-07-07 21:51:02.458
ETH,BUY,0.2710,475051.000,2024-07-07 21:51:42.715
ETH,BUY,0.0290,475272.000,2024-07-07 21:51:42.715
ETH,BUY,0.0203,475272.000,2024-07-07 21:51:42.900
ETH,BUY,0.0203,475299.000,2024-07-07 21:51:52.715
ETH,BUY,0.0200,475299.000,2024-07-07 21:51:57.668
ETH,BUY,0.0204,475078.000,2024-07-07 21:52:12.617
ETH,BUY,0.0100,475300.000,2024-07-07 21:53:06.248
ETH,BUY,0.0300,475312.000,2024-07-07 21:53:06.248
ETH,BUY,1.0000,475366.000,2024-07-07 21:53:09.209
ETH,BUY,0.0100,475305.000,2024-07-07 21:53:10.710
ETH,BUY,0.1400,475353.000,2024-07-07 21:53:17.401
ETH,BUY,0.0100,475399.000,2024-07-07 21:53:24.156
ETH,BUY,0.1600,475399.000,2024-07-07 21:53:24.602
ETH,BUY,0.0276,475507.000,2024-07-07 21:53:54.160
ETH,BUY,0.0100,475600.000,2024-07-07 21:53:56.271
ETH,BUY,0.3100,475603.000,2024-07-07 21:53:56.271
ETH,BUY,0.2000,475603.000,2024-07-07 21:53:56.529
ETH,BUY,0.2000,475666.000,2024-07-07 21:53:57.630
ETH,BUY,0.2000,475666.000,2024-07-07 21:53:58.470
ETH,BUY,0.3200,475709.000,2024-07-07 21:54:02.133
ETH,BUY,0.1600,475709.000,2024-07-07 21:54:02.664
ETH,BUY,0.0204,475709.000,2024-07-07 21:54:02.709
ETH,BUY,0.2400,475789.000,2024-07-07 21:54:04.117
ETH,BUY,0.0100,475900.000,2024-07-07 21:54:13.943
ETH,BUY,0.1200,475949.000,2024-07-07 21:54:14.067
ETH,BUY,0.0400,476037.000,2024-07-07 21:54:15.421
ETH,BUY,0.4000,476037.000,2024-07-07 21:54:15.474
ETH,BUY,0.0373,476037.000,2024-07-07 21:54:15.549
ETH,BUY,0.2000,476037.000,2024-07-07 21:54:15.782
ETH,BUY,0.1500,476037.000,2024-07-07 21:54:16.837
ETH,BUY,0.1727,476037.000,2024-07-07 21:54:17.315
ETH,BUY,0.0100,476200.000,2024-07-07 21:54:17.315
ETH,BUY,0.0100,476267.000,2024-07-07 21:54:17.315
ETH,BUY,0.8748,476422.000,2024-07-07 21:54:17.315
ETH,BUY,0.0100,476500.000,2024-07-07 21:54:17.315
ETH,BUY,0.4725,476556.000,2024-07-07 21:54:17.315
ETH,BUY,0.0400,476599.000,2024-07-07 21:54:17.882
ETH,BUY,0.1600,476399.000,2024-07-07 21:54:23.487
ETH,BUY,0.0700,476447.000,2024-07-07 21:54:25.123
ETH,BUY,0.0800,476447.000,2024-07-07 21:54:25.445
ETH,BUY,0.1500,476270.000,2024-07-07 21:54:36.027
ETH,BUY,0.0500,476253.000,2024-07-07 21:54:43.285
ETH,BUY,0.0400,476201.000,2024-07-07 21:54:47.788
ETH,SELL,0.0100,476200.000,2024-07-07 21:55:11.589
ETH,SELL,0.0100,475900.000,2024-07-07 21:55:17.872
ETH,SELL,0.2000,475786.000,2024-07-07 21:55:54.676
ETH,BUY,0.2000,476108.000,2024-07-07 21:57:04.918
ETH,BUY,0.2000,476162.000,2024-07-07 21:57:20.609
ETH,BUY,0.0100,476200.000,2024-07-07 21:57:27.814
ETH,BUY,0.0400,476280.000,2024-07-07 21:57:27.814
ETH,BUY,0.0400,476176.000,2024-07-07 22:00:24.731
ETH,BUY,0.2000,476244.000,2024-07-07 22:00:43.633
ETH,BUY,0.0600,476126.000,2024-07-07 22:00:51.511
ETH,BUY,0.0200,476162.000,2024-07-07 22:00:52.070
ETH,BUY,0.0200,476303.000,2024-07-07 22:01:04.007
ETH,BUY,0.0100,476303.000,2024-07-07 22:01:10.090
ETH,BUY,0.0854,476285.000,2024-07-07 22:02:04.870
ETH,BUY,0.0100,476442.000,2024-07-07 22:02:08.274
ETH,BUY,0.3700,476442.000,2024-07-07 22:02:09.156
ETH,BUY,0.0203,476468.000,2024-07-07 22:02:11.489
ETH,BUY,0.2000,476468.000,2024-07-07 22:02:11.977
ETH,BUY,0.0300,476468.000,2024-07-07 22:02:12.116
ETH,BUY,0.6000,476468.000,2024-07-07 22:02:12.487
ETH,BUY,0.0100,476500.000,2024-07-07 22:02:38.375
ETH,BUY,0.0203,476751.000,2024-07-07 22:02:41.457
ETH,BUY,0.0100,476800.000,2024-07-07 22:02:51.447
ETH,BUY,0.0103,476958.000,2024-07-07 22:02:51.447
ETH,BUY,0.1100,477030.000,2024-07-07 22:03:03.548
ETH,BUY,0.0100,477100.000,2024-07-07 22:03:42.062
ETH,BUY,0.3900,477151.000,2024-07-07 22:03:42.062
ETH,BUY,0.4000,477126.000,2024-07-07 22:04:29.113
ETH,BUY,0.2000,477126.000,2024-07-07 22:04:30.603
ETH,BUY,0.2000,477045.000,2024-07-07 22:05:54.837
ETH,SELL,0.2000,476842.000,2024-07-07 22:07:14.866
ETH,SELL,0.0100,476800.000,2024-07-07 22:07:15.832
ETH,SELL,0.2000,476521.000,2024-07-07 22:07:27.929
ETH,SELL,0.0100,476500.000,2024-07-07 22:07:29.476
ETH,SELL,0.0100,476200.000,2024-07-07 22:08:50.545
ETH,BUY,0.0100,475937.000,2024-07-07 22:09:08.958
ETH,SELL,0.1000,476070.000,2024-07-07 22:15:02.146
ETH,BUY,0.0100,476500.000,2024-07-07 22:16:37.729
ETH,BUY,0.0900,476529.000,2024-07-07 22:16:37.729
ETH,BUY,0.0100,476800.000,2024-07-07 22:16:47.001
ETH,BUY,0.0900,476846.000,2024-07-07 22:16:47.001
ETH,BUY,0.0400,476701.000,2024-07-07 22:17:13.066
ETH,SELL,0.0100,476500.000,2024-07-07 22:19:20.593
ETH,BUY,0.0500,476205.000,2024-07-07 22:20:19.447
ETH,SELL,0.0100,476200.000,2024-07-07 22:20:27.545
ETH,SELL,0.0500,476070.000,2024-07-07 22:20:27.545
ETH,SELL,0.0100,476070.000,2024-07-07 22:20:27.545
ETH,SELL,0.0100,475900.000,2024-07-07 22:20:27.545
ETH,SELL,0.0100,475600.000,2024-07-07 22:20:27.545
ETH,SELL,0.0100,475570.000,2024-07-07 22:20:27.545
ETH,SELL,1.8200,475890.000,2024-07-07 22:24:19.164
ETH,SELL,0.9400,475889.000,2024-07-07 22:24:19.164
ETH,SELL,1.2400,475800.000,2024-07-07 22:24:19.164
ETH,BUY,0.0100,475900.000,2024-07-07 22:25:04.261
ETH,BUY,0.0100,476200.000,2024-07-07 22:25:15.584
ETH,BUY,0.0747,476406.000,2024-07-07 22:25:15.584
ETH,BUY,0.1200,476142.000,2024-07-07 22:26:51.644
ETH,BUY,0.0494,476136.000,2024-07-07 22:27:28.708
ETH,BUY,0.1500,476098.000,2024-07-07 22:32:24.544
ETH,SELL,1.0000,476048.000,2024-07-07 22:33:05.294
ETH,BUY,0.0100,475901.000,2024-07-07 22:33:17.155
ETH,SELL,0.0100,475900.000,2024-07-07 22:35:17.334
ETH,SELL,0.0100,475600.000,2024-07-07 22:35:17.334
ETH,SELL,1.0000,475519.000,2024-07-07 22:35:17.334
ETH,BUY,0.1500,475493.000,2024-07-07 22:36:08.093
ETH,BUY,0.3200,475493.000,2024-07-07 22:36:08.335
ETH,BUY,0.2000,475493.000,2024-07-07 22:36:08.785
ETH,SELL,0.2000,475370.000,2024-07-07 22:36:15.817
ETH,BUY,0.0110,475301.000,2024-07-07 22:38:27.155
ETH,SELL,0.0100,475300.000,2024-07-07 22:40:37.446
ETH,BUY,0.0300,475404.000,2024-07-07 22:42:14.997
ETH,SELL,0.0100,475000.000,2024-07-07 22:43:33.298
ETH,SELL,0.0100,474700.000,2024-07-07 22:43:33.298
ETH,SELL,0.0800,474608.000,2024-07-07 22:43:33.298
ETH,SELL,0.4500,474999.000,2024-07-07 22:43:58.049
ETH,BUY,0.0100,475000.000,2024-07-07 22:44:11.046
ETH,BUY,0.1500,475187.000,2024-07-07 22:44:12.724
ETH,BUY,0.0100,475300.000,2024-07-07 22:44:16.433
ETH,SELL,0.0100,475000.000,2024-07-07 22:48:09.369
ETH,SELL,0.0100,474700.000,2024-07-07 22:49:10.094
ETH,SELL,0.0100,474400.000,2024-07-07 22:49:10.094
ETH,SELL,0.0100,474100.000,2024-07-07 22:49:10.094
ETH,SELL,1.0000,473911.000,2024-07-07 22:49:10.094
ETH,SELL,0.0100,473800.000,2024-07-07 22:49:10.094
ETH,SELL,0.0100,473664.000,2024-07-07 22:49:10.094
ETH,SELL,0.7000,473570.000,2024-07-07 22:49:10.094
ETH,BUY,0.0200,473501.000,2024-07-07 22:50:14.295
ETH,BUY,0.0423,473502.000,2024-07-07 22:56:09.579
ETH,SELL,0.0100,473501.000,2024-07-07 22:56:23.995
ETH,SELL,0.0100,473500.000,2024-07-07 22:56:23.995
ETH,SELL,0.0100,473200.000,2024-07-07 22:56:25.202
ETH,SELL,0.1000,473010.000,2024-07-07 22:56:25.473
ETH,SELL,0.4000,473010.000,2024-07-07 22:56:35.811
ETH,SELL,0.0200,473000.000,2024-07-07 22:57:11.197
ETH,BUY,1.0000,473075.000,2024-07-07 22:57:33.173
ETH,BUY,0.0600,472931.000,2024-07-07 22:57:55.027
ETH,SELL,0.0100,472900.000,2024-07-07 22:57:55.098
ETH,SELL,0.0423,472604.000,2024-07-07 22:57:55.098
ETH,SELL,0.0100,472600.000,2024-07-07 22:57:55.098
ETH,SELL,0.0877,472510.000,2024-07-07 22:57:55.098
ETH,SELL,1.0000,472892.000,2024-07-07 22:58:13.888
ETH,SELL,0.0200,472899.000,2024-07-07 22:58:31.148
ETH,SELL,0.8500,472883.000,2024-07-07 22:58:49.108
ETH,BUY,0.0220,472737.000,2024-07-07 23:00:27.328
ETH,BUY,0.0100,472900.000,2024-07-07 23:01:04.021
ETH,BUY,0.0592,472952.000,2024-07-07 23:01:04.021
ETH,BUY,0.3200,472990.000,2024-07-07 23:01:05.358
ETH,BUY,0.0115,473000.000,2024-07-07 23:01:09.758
ETH,BUY,0.2000,473000.000,2024-07-07 23:01:10.563
ETH,BUY,0.1800,473000.000,2024-07-07 23:01:11.256
ETH,BUY,0.0100,473000.000,2024-07-07 23:01:11.257
ETH,BUY,0.3200,473000.000,2024-07-07 23:01:12.081
ETH,BUY,0.2000,473000.000,2024-07-07 23:01:12.382
ETH,BUY,0.2000,472963.000,2024-07-07 23:02:15.696
ETH,BUY,0.0510,472999.000,2024-07-07 23:02:28.393
ETH,BUY,0.2000,472999.000,2024-07-07 23:02:33.768
ETH,BUY,0.0301,472843.000,2024-07-07 23:03:12.456
ETH,SELL,0.2000,472752.000,2024-07-07 23:04:11.155
ETH,SELL,0.0100,472600.000,2024-07-07 23:04:21.180
ETH,BUY,0.2000,472327.000,2024-07-07 23:04:25.750
ETH,BUY,0.2000,472414.000,2024-07-07 23:04:35.754
ETH,BUY,0.0800,472370.000,2024-07-07 23:05:06.616
ETH,BUY,0.0200,472462.000,2024-07-07 23:05:25.601
ETH,SELL,0.0100,472300.000,2024-07-07 23:06:10.841
ETH,SELL,0.0100,472290.000,2024-07-07 23:06:11.573
ETH,SELL,0.0100,472200.000,2024-07-07 23:06:12.275
ETH,SELL,0.0899,472050.000,2024-07-07 23:06:12.275
ETH,SELL,0.1500,472050.000,2024-07-07 23:06:12.421
ETH,SELL,0.6071,472050.000,2024-07-07 23:06:12.509
ETH,SELL,0.0130,472000.000,2024-07-07 23:06:13.157
ETH,SELL,0.0100,472000.000,2024-07-07 23:06:13.157
ETH,SELL,0.0100,472000.000,2024-07-07 23:06:13.157
ETH,SELL,0.0600,472000.000,2024-07-07 23:06:13.157
ETH,SELL,0.0500,472000.000,2024-07-07 23:06:13.157
ETH,SELL,0.0100,471951.000,2024-07-07 23:06:13.157
ETH,SELL,0.0100,471800.000,2024-07-07 23:06:13.157
ETH,SELL,0.0100,471700.000,2024-07-07 23:06:13.157
ETH,SELL,0.0270,471684.000,2024-07-07 23:06:13.157
ETH,SELL,0.9730,471684.000,2024-07-07 23:06:13.209
ETH,SELL,0.0200,471595.000,2024-07-07 23:06:13.209
ETH,SELL,0.6910,471455.000,2024-07-07 23:06:13.209
ETH,SELL,0.0117,471408.000,2024-07-07 23:06:13.209
ETH,SELL,0.0100,471400.000,2024-07-07 23:06:13.209
ETH,SELL,0.2943,471193.000,2024-07-07 23:06:13.209
ETH,SELL,0.1000,471100.000,2024-07-07 23:06:31.638
ETH,SELL,0.0100,471100.000,2024-07-07 23:06:31.638
ETH,SELL,0.0200,471000.000,2024-07-07 23:06:32.101
ETH,SELL,0.0230,471000.000,2024-07-07 23:06:32.101
ETH,SELL,0.0100,471000.000,2024-07-07 23:06:32.101
ETH,SELL,0.0100,470800.000,2024-07-07 23:06:32.101
ETH,SELL,0.0370,470700.000,2024-07-07 23:06:32.101
ETH,BUY,0.1000,470786.000,2024-07-07 23:06:38.476
ETH,BUY,0.0209,470786.000,2024-07-07 23:06:40.744
ETH,SELL,0.0060,470700.000,2024-07-07 23:06:44.178
ETH,SELL,0.0200,470655.000,2024-07-07 23:06:44.178
ETH,SELL,0.0740,470655.000,2024-07-07 23:06:44.178
ETH,BUY,0.1400,470854.000,2024-07-07 23:07:06.885
ETH,BUY,0.2600,470943.000,2024-07-07 23:07:11.040
ETH,BUY,0.2900,470943.000,2024-07-07 23:07:11.323
ETH,BUY,0.0300,470980.000,2024-07-07 23:07:13.253
ETH,BUY,0.0153,471012.000,2024-07-07 23:07:22.058
ETH,BUY,0.0600,471012.000,2024-07-07 23:07:22.119
ETH,BUY,0.0100,471100.000,2024-07-07 23:07:25.518
ETH,BUY,0.0200,471243.000,2024-07-07 23:07:25.518
ETH,BUY,0.0200,471165.000,2024-07-07 23:07:27.115
ETH,BUY,0.1400,471165.000,2024-07-07 23:07:28.545
ETH,BUY,0.2000,471301.000,2024-07-07 23:08:01.311
ETH,BUY,0.0100,471400.000,2024-07-07 23:08:04.584
ETH,BUY,0.0200,471480.000,2024-07-07 23:08:04.584
ETH,BUY,0.0100,471700.000,2024-07-07 23:08:07.896
ETH,BUY,0.3200,471773.000,2024-07-07 23:08:08.150
ETH,BUY,0.3700,471773.000,2024-07-07 23:08:08.183
ETH,BUY,0.2000,471773.000,2024-07-07 23:08:08.846
ETH,SELL,0.0100,471772.000,2024-07-07 23:08:09.035
ETH,BUY,0.0100,472000.000,2024-07-07 23:08:19.000
ETH,BUY,0.3900,472027.000,2024-07-07 23:08:19.000
ETH,BUY,0.3200,472027.000,2024-07-07 23:08:19.127
ETH,BUY,0.2000,472027.000,2024-07-07 23:08:19.557
ETH,BUY,0.1000,472183.000,2024-07-07 23:08:20.424
ETH,BUY,0.2190,472183.000,2024-07-07 23:08:20.762
ETH,BUY,0.0700,472183.000,2024-07-07 23:08:22.283
ETH,BUY,0.0100,472300.000,2024-07-07 23:08:26.000
ETH,BUY,0.0100,472300.000,2024-07-07 23:08:26.000
ETH,BUY,0.0997,472487.000,2024-07-07 23:08:26.000
ETH,BUY,0.4000,472487.000,2024-07-07 23:08:27.203
ETH,BUY,0.3200,472487.000,2024-07-07 23:08:27.204
ETH,BUY,0.0803,472487.000,2024-07-07 23:08:27.358
ETH,BUY,0.1000,472487.000,2024-07-07 23:08:27.515
ETH,BUY,0.0100,472600.000,2024-07-07 23:08:27.515
ETH,BUY,0.0900,472798.000,2024-07-07 23:08:27.515
ETH,BUY,0.0100,472900.000,2024-07-07 23:09:01.438
ETH,BUY,0.0800,472936.000,2024-07-07 23:09:01.438
ETH,BUY,0.4000,473000.000,2024-07-07 23:09:02.470
ETH,BUY,0.1435,473000.000,2024-07-07 23:09:03.082
ETH,BUY,0.0865,473011.000,2024-07-07 23:09:03.082
ETH,BUY,0.0200,473146.000,2024-07-07 23:09:09.491
ETH,BUY,0.0300,473166.000,2024-07-07 23:09:14.750
ETH,BUY,0.1200,473189.000,2024-07-07 23:09:19.104
ETH,BUY,0.0100,473200.000,2024-07-07 23:09:23.032
ETH,BUY,0.0200,473417.000,2024-07-07 23:09:26.215
ETH,BUY,0.3800,473417.000,2024-07-07 23:09:28.406
ETH,BUY,0.0100,473500.000,2024-07-07 23:09:29.283
ETH,BUY,0.3100,473794.000,2024-07-07 23:09:29.283
ETH,BUY,0.2000,473794.000,2024-07-07 23:09:29.543
ETH,SELL,0.4000,473310.000,2024-07-07 23:10:07.845
ETH,BUY,0.0150,473360.000,2024-07-07 23:10:20.336
ETH,BUY,0.4000,473400.000,2024-07-07 23:10:24.992
ETH,BUY,0.2000,473596.000,2024-07-07 23:10:26.894
ETH,BUY,0.0100,473800.000,2024-07-07 23:10:29.332
ETH,BUY,0.0900,473836.000,2024-07-07 23:10:29.332
ETH,BUY,0.0160,473721.000,2024-07-07 23:10:49.577
ETH,SELL,0.2000,473513.000,2024-07-07 23:11:13.265
ETH,SELL,0.0100,473500.000,2024-07-07 23:11:28.292
ETH,SELL,0.2000,473201.000,2024-07-07 23:12:27.850
ETH,SELL,0.0100,473200.000,2024-07-07 23:12:34.983
ETH,BUY,0.0158,473416.000,2024-07-07 23:17:57.866
ETH,BUY,0.0100,472960.000,2024-07-07 23:19:44.803
ETH,SELL,0.0100,472900.000,2024-07-07 23:20:03.850
ETH,BUY,0.4200,473127.000,2024-07-07 23:21:06.237
ETH,BUY,0.0100,473200.000,2024-07-07 23:21:32.305
ETH,BUY,0.0800,473472.000,2024-07-07 23:21:45.036
ETH,BUY,0.0100,473500.000,2024-07-07 23:22:06.314
ETH,BUY,0.0123,473497.000,2024-07-07 23:23:03.857
ETH,SELL,0.0100,473207.000,2024-07-07 23:24:54.602
ETH,SELL,0.0100,473200.000,2024-07-07 23:27:18.719
ETH,BUY,0.0100,473211.000,2024-07-07 23:29:24.456
ETH,SELL,0.2900,473004.000,2024-07-07 23:29:44.824
ETH,SELL,0.1528,472932.000,2024-07-07 23:29:44.824
ETH,SELL,0.0100,472900.000,2024-07-07 23:29:44.824
ETH,SELL,0.2352,472899.000,2024-07-07 23:29:44.824
ETH,BUY,0.1000,473145.000,2024-07-07 23:30:12.086
ETH,BUY,0.0500,473145.000,2024-07-07 23:30:12.528
ETH,BUY,0.0200,472980.000,2024-07-07 23:33:09.727
ETH,SELL,0.0100,472600.000,2024-07-07 23:35:15.093
ETH,SELL,0.0100,472600.000,2024-07-07 23:35:15.093
ETH,SELL,0.0100,472500.000,2024-07-07 23:35:15.998
ETH,SELL,0.0100,472300.000,2024-07-07 23:35:21.708
ETH,BUY,0.4000,472011.000,2024-07-07 23:36:21.736
ETH,BUY,0.1000,472001.000,2024-07-07 23:36:29.562
ETH,SELL,0.0100,472000.000,2024-07-07 23:36:32.233
ETH,BUY,0.0183,471789.000,2024-07-07 23:36:38.926
ETH,BUY,0.0117,471790.000,2024-07-07 23:36:38.926
ETH,BUY,0.0100,471701.000,2024-07-07 23:40:24.457
ETH,BUY,0.0800,471701.000,2024-07-07 23:41:07.894
ETH,SELL,0.0100,471700.000,2024-07-07 23:41:33.283
ETH,SELL,0.0150,471738.000,2024-07-07 23:42:17.678
ETH,SELL,0.0100,471400.000,2024-07-07 23:43:37.863
ETH,SELL,0.0080,471100.000,2024-07-07 23:43:37.863
ETH,BUY,0.4796,471449.000,2024-07-07 23:43:45.558
ETH,BUY,0.5604,471449.000,2024-07-07 23:43:45.558
ETH,BUY,0.0211,471334.000,2024-07-07 23:45:21.406
ETH,SELL,0.2300,471333.000,2024-07-07 23:45:23.148
ETH,SELL,0.2472,471333.000,2024-07-07 23:45:23.148
ETH,SELL,0.0500,471335.000,2024-07-07 23:45:42.840
ETH,SELL,0.2552,471335.000,2024-07-07 23:45:42.840
ETH,SELL,1.0000,471314.000,2024-07-07 23:45:44.700
ETH,SELL,0.1000,471264.000,2024-07-07 23:45:44.700
ETH,SELL,0.0020,471100.000,2024-07-07 23:45:44.700
ETH,SELL,0.6823,470961.000,2024-07-07 23:45:44.700
ETH,SELL,0.2957,470933.000,2024-07-07 23:45:44.700
ETH,BUY,0.0200,471017.000,2024-07-07 23:46:30.609
ETH,SELL,0.2000,471109.000,2024-07-07 23:46:34.023
ETH,BUY,0.0300,471165.000,2024-07-07 23:46:56.671
ETH,SELL,0.0100,470800.000,2024-07-07 23:47:38.739
ETH,SELL,0.0100,470667.000,2024-07-07 23:47:38.739
ETH,SELL,0.0200,470516.000,2024-07-07 23:48:38.976
ETH,SELL,0.0100,470500.000,2024-07-07 23:48:38.976
ETH,SELL,0.2952,470292.000,2024-07-07 23:48:38.976
ETH,SELL,0.1748,470274.000,2024-07-07 23:48:38.976
ETH,BUY,0.1000,470450.000,2024-07-07 23:49:14.383
ETH,SELL,0.0100,470200.000,2024-07-07 23:51:21.801
ETH,SELL,0.0899,470005.000,2024-07-07 23:51:21.801
ETH,SELL,0.0101,470005.000,2024-07-07 23:51:22.344
ETH,SELL,0.1000,470001.000,2024-07-07 23:51:22.344
ETH,SELL,0.1000,470001.000,2024-07-07 23:51:22.344
ETH,SELL,0.0130,470000.000,2024-07-07 23:51:22.344
ETH,SELL,0.1000,470000.000,2024-07-07 23:51:22.344
ETH,SELL,0.0200,470000.000,2024-07-07 23:51:22.344
ETH,SELL,0.0110,470000.000,2024-07-07 23:51:22.344
ETH,SELL,0.0100,470000.000,2024-07-07 23:51:22.344
ETH,SELL,0.1359,470000.000,2024-07-07 23:51:22.344
ETH,SELL,0.3641,470000.000,2024-07-07 23:51:22.415
ETH,SELL,0.0100,470000.000,2024-07-07 23:51:22.415
ETH,SELL,0.0200,470000.000,2024-07-07 23:51:22.415
ETH,SELL,0.0769,470000.000,2024-07-07 23:51:22.415
ETH,SELL,0.7231,470000.000,2024-07-07 23:51:22.470
ETH,SELL,0.1000,470000.000,2024-07-07 23:51:22.470
ETH,SELL,0.0100,470000.000,2024-07-07 23:51:22.470
ETH,SELL,0.1669,470000.000,2024-07-07 23:51:22.470
ETH,SELL,0.0331,470000.000,2024-07-07 23:51:22.474
ETH,SELL,0.0200,470000.000,2024-07-07 23:51:22.474
ETH,SELL,0.0100,470000.000,2024-07-07 23:51:22.474
ETH,SELL,0.0100,470000.000,2024-07-07 23:51:22.474
ETH,SELL,0.0100,470000.000,2024-07-07 23:51:22.474
ETH,SELL,0.9169,470000.000,2024-07-07 23:51:22.474
ETH,BUY,0.0300,470369.000,2024-07-07 23:51:54.579
ETH,BUY,0.0568,470419.000,2024-07-07 23:51:58.059
ETH,BUY,0.0100,470500.000,2024-07-07 23:52:02.423
ETH,BUY,0.2000,470649.000,2024-07-07 23:52:03.682
ETH,BUY,0.0400,470783.000,2024-07-07 23:52:05.966
ETH,BUY,0.1000,470694.000,2024-07-07 23:52:26.808
ETH,BUY,0.2000,470709.000,2024-07-07 23:52:58.876
ETH,BUY,0.0300,470757.000,2024-07-07 23:53:06.482
ETH,BUY,0.0100,470800.000,2024-07-07 23:53:11.757
ETH,BUY,0.0500,470977.000,2024-07-07 23:53:11.757
ETH,SELL,0.0100,470743.000,2024-07-07 23:53:11.987
ETH,BUY,0.2900,470977.000,2024-07-07 23:53:12.428
ETH,BUY,0.1400,470809.000,2024-07-07 23:53:19.269
ETH,BUY,0.0100,471000.000,2024-07-07 23:54:17.553
ETH,BUY,0.3900,471055.000,2024-07-07 23:54:17.553
ETH,BUY,0.3200,471055.000,2024-07-07 23:54:17.939
ETH,BUY,0.2000,471055.000,2024-07-07 23:54:19.890
ETH,SELL,1.0000,470939.000,2024-07-07 23:54:31.359
ETH,SELL,0.0868,470939.000,2024-07-07 23:54:31.359
ETH,SELL,0.6829,470815.000,2024-07-07 23:54:31.359
ETH,SELL,0.2303,470670.000,2024-07-07 23:54:31.359
ETH,BUY,0.0100,471100.000,2024-07-07 23:55:51.956
ETH,BUY,0.1900,471236.000,2024-07-07 23:55:51.956
ETH,BUY,0.2000,471274.000,2024-07-07 23:56:13.719
ETH,BUY,0.1200,470869.000,2024-07-07 23:58:27.357
ETH,BUY,0.0100,470809.000,2024-07-07 23:59:03.509
ETH,BUY,0.0100,470908.000,2024-07-07 23:59:14.296
ETH,BUY,0.0400,470973.000,2024-07-07 23:59:45.055
ETH,BUY,0.1000,470846.000,2024-07-08 00:00:06.245
ETH,BUY,0.3200,470897.000,2024-07-08 00:00:08.164
ETH,BUY,0.2100,470897.000,2024-07-08 00:00:10.087
ETH,BUY,0.1600,471104.000,2024-07-08 00:00:12.356
ETH,BUY,0.1900,471104.000,2024-07-08 00:00:12.358
ETH,BUY,0.0600,471104.000,2024-07-08 00:00:12.953
ETH,BUY,0.0800,470977.000,2024-07-08 00:00:17.159
ETH,BUY,0.4000,470977.000,2024-07-08 00:00:17.489
ETH,BUY,0.1103,470977.000,2024-07-08 00:00:18.531
ETH,BUY,0.1000,470977.000,2024-07-08 00:00:18.591
ETH,BUY,0.2000,470977.000,2024-07-08 00:00:19.816
ETH,BUY,0.0100,471400.000,2024-07-08 00:00:39.444
ETH,BUY,0.0662,471576.000,2024-07-08 00:00:39.875
ETH,BUY,0.0100,471700.000,2024-07-08 00:00:40.994
ETH,BUY,0.1000,471819.000,2024-07-08 00:00:40.994
ETH,BUY,0.0212,471819.000,2024-07-08 00:00:41.810
ETH,BUY,0.0400,471819.000,2024-07-08 00:00:42.092
ETH,BUY,0.1000,471978.000,2024-07-08 00:00:48.222
ETH,BUY,0.2000,471978.000,2024-07-08 00:00:48.853
ETH,BUY,0.0100,471929.000,2024-07-08 00:00:52.078
ETH,BUY,0.0212,471717.000,2024-07-08 00:01:05.764
ETH,BUY,0.4000,471494.000,2024-07-08 00:02:17.071
ETH,SELL,0.4250,471492.000,2024-07-08 00:02:17.621
ETH,BUY,0.2130,471688.000,2024-07-08 00:02:30.174
ETH,SELL,0.0100,471717.000,2024-07-08 00:02:59.748
ETH,SELL,0.1000,471717.000,2024-07-08 00:03:00.804
ETH,SELL,0.0800,471717.000,2024-07-08 00:03:02.431
ETH,SELL,0.1000,471700.000,2024-07-08 00:03:02.576
ETH,SELL,0.5000,471700.000,2024-07-08 00:03:02.639
ETH,SELL,1.5220,471700.000,2024-07-08 00:03:03.024
ETH,SELL,0.0100,471400.000,2024-07-08 00:03:03.302
ETH,SELL,0.1900,471157.000,2024-07-08 00:03:03.302
ETH,SELL,0.0100,471100.000,2024-07-08 00:03:05.172
ETH,SELL,0.0800,471020.000,2024-07-08 00:03:05.172
ETH,SELL,0.0300,471020.000,2024-07-08 00:03:05.396
ETH,SELL,0.0500,471020.000,2024-07-08 00:03:09.622
ETH,SELL,0.0100,470800.000,2024-07-08 00:03:12.084
ETH,BUY,0.2000,470831.000,2024-07-08 00:03:23.648
ETH,BUY,0.2500,470884.000,2024-07-08 00:03:25.479
ETH,BUY,0.2000,470672.000,2024-07-08 00:03:31.819
ETH,BUY,0.4000,471022.000,2024-07-08 00:03:32.488
ETH,BUY,0.2000,471022.000,2024-07-08 00:03:34.009
ETH,BUY,0.2000,471022.000,2024-07-08 00:03:34.708
ETH,BUY,0.0100,471100.000,2024-07-08 00:03:42.301
ETH,BUY,0.0100,471400.000,2024-07-08 00:04:04.961
ETH,BUY,0.0100,471700.000,2024-07-08 00:04:05.467
ETH,BUY,0.0629,471957.000,2024-07-08 00:04:06.161
ETH,BUY,0.2100,471972.000,2024-07-08 00:04:14.149
ETH,SELL,0.0629,471427.000,2024-07-08 00:04:55.091
ETH,SELL,0.0100,471400.000,2024-07-08 00:04:55.091
ETH,SELL,0.4271,471318.000,2024-07-08 00:04:55.091
ETH,BUY,0.1000,471300.000,2024-07-08 00:04:59.137
ETH,BUY,0.0912,471306.000,2024-07-08 00:05:10.692
ETH,BUY,0.0433,471645.000,2024-07-08 00:05:10.692
ETH,SELL,0.0100,471100.000,2024-07-08 00:05:22.351
ETH,SELL,0.0100,470800.000,2024-07-08 00:05:23.614
ETH,SELL,0.0100,470500.000,2024-07-08 00:05:23.614
ETH,SELL,0.0960,470201.000,2024-07-08 00:05:32.140
ETH,BUY,0.0212,470201.000,2024-07-08 00:06:01.608
ETH,BUY,0.0700,470611.000,2024-07-08 00:06:34.552
ETH,BUY,0.0100,470800.000,2024-07-08 00:06:42.805
ETH,BUY,0.1200,471042.000,2024-07-08 00:06:43.128
ETH,BUY,0.0100,471100.000,2024-07-08 00:06:44.626
ETH,BUY,0.2000,471372.000,2024-07-08 00:06:44.626
ETH,BUY,0.0100,471400.000,2024-07-08 00:06:50.562
ETH,BUY,0.2200,471428.000,2024-07-08 00:06:50.562
ETH,BUY,0.1000,471428.000,2024-07-08 00:06:51.124
ETH,BUY,0.0400,471428.000,2024-07-08 00:06:52.146
ETH,BUY,0.1000,471428.000,2024-07-08 00:06:52.642
ETH,BUY,0.0101,471544.000,2024-07-08 00:06:56.156
ETH,BUY,0.0100,471700.000,2024-07-08 00:06:56.156
ETH,BUY,0.1099,471957.000,2024-07-08 00:06:56.156
ETH,BUY,1.0000,471737.000,2024-07-08 00:07:00.370
ETH,SELL,0.0100,471400.000,2024-07-08 00:07:31.230
ETH,SELL,0.0100,471100.000,2024-07-08 00:07:32.540
ETH,SELL,0.0100,470800.000,2024-07-08 00:07:34.414
ETH,SELL,0.1446,470650.000,2024-07-08 00:07:34.414
ETH,SELL,0.0454,470589.000,2024-07-08 00:07:34.414
ETH,SELL,0.0282,470756.000,2024-07-08 00:08:17.937
ETH,SELL,0.0100,470500.000,2024-07-08 00:08:23.460
ETH,SELL,0.0058,470384.000,2024-07-08 00:08:23.460
ETH,SELL,0.0100,470200.000,2024-07-08 00:09:22.834
ETH,SELL,0.1000,470000.000,2024-07-08 00:09:31.908
ETH,SELL,0.4000,470000.000,2024-07-08 00:09:31.908
ETH,SELL,0.0146,470000.000,2024-07-08 00:09:57.428
ETH,BUY,0.0240,470001.000,2024-07-08 00:10:05.374
ETH,SELL,0.0854,470000.000,2024-07-08 00:10:22.833
ETH,SELL,0.0200,470000.000,2024-07-08 00:10:22.833
ETH,SELL,0.0300,470000.000,2024-07-08 00:10:22.833
ETH,SELL,0.0100,470000.000,2024-07-08 00:10:22.833
ETH,SELL,0.8246,470000.000,2024-07-08 00:10:22.833
ETH,SELL,0.2000,470000.000,2024-07-08 00:10:24.122
ETH,SELL,0.2000,470000.000,2024-07-08 00:10:24.615
ETH,SELL,0.5000,470000.000,2024-07-08 00:10:24.617
ETH,SELL,0.4000,470000.000,2024-07-08 00:10:24.828
ETH,BUY,0.0472,470108.000,2024-07-08 00:10:40.124
ETH,BUY,0.3528,470413.000,2024-07-08 00:10:40.124
ETH,BUY,0.0800,470379.000,2024-07-08 00:10:46.967
ETH,BUY,0.0100,470500.000,2024-07-08 00:10:47.992
ETH,BUY,0.0400,470502.000,2024-07-08 00:10:47.992
ETH,BUY,0.3200,470502.000,2024-07-08 00:10:49.399
ETH,BUY,0.0100,470800.000,2024-07-08 00:10:54.149
ETH,BUY,0.1200,471004.000,2024-07-08 00:10:54.149
ETH,BUY,0.0100,471100.000,2024-07-08 00:10:56.513
ETH,BUY,0.2600,471100.000,2024-07-08 00:10:56.513
ETH,BUY,0.1000,471100.000,2024-07-08 00:10:59.359
ETH,BUY,0.2000,471100.000,2024-07-08 00:11:01.863
ETH,BUY,0.1550,471100.000,2024-07-08 00:11:04.667
ETH,BUY,0.0450,471100.000,2024-07-08 00:11:04.667
ETH,BUY,0.0942,471324.000,2024-07-08 00:12:13.022
ETH,BUY,0.1058,471333.000,2024-07-08 00:12:13.022
ETH,SELL,0.0740,471088.000,2024-07-08 00:13:33.781
ETH,SELL,0.9260,470945.000,2024-07-08 00:13:33.781
ETH,BUY,0.2000,471220.000,2024-07-08 00:13:48.751
ETH,SELL,1.0000,471165.000,2024-07-08 00:15:00.518
ETH,SELL,0.2300,471162.000,2024-07-08 00:15:00.518
ETH,SELL,0.0100,471154.000,2024-07-08 00:15:01.546
ETH,BUY,0.2000,471215.000,2024-07-08 00:15:06.883
ETH,BUY,0.1000,471215.000,2024-07-08 00:15:07.144
ETH,BUY,0.4000,471215.000,2024-07-08 00:15:07.370
ETH,BUY,0.2000,471220.000,2024-07-08 00:15:08.997
ETH,BUY,0.1000,471220.000,2024-07-08 00:15:10.286
ETH,BUY,0.2000,471220.000,2024-07-08 00:15:11.200
ETH,BUY,0.0664,471220.000,2024-07-08 00:15:11.203
ETH,BUY,0.1400,471220.000,2024-07-08 00:15:11.573
ETH,BUY,0.0936,471220.000,2024-07-08 00:15:11.988
ETH,BUY,0.0100,471400.000,2024-07-08 00:15:12.509
ETH,BUY,0.0100,471700.000,2024-07-08 00:15:12.509
ETH,BUY,0.0800,471733.000,2024-07-08 00:15:12.509
ETH,BUY,0.2600,471733.000,2024-07-08 00:15:13.454
ETH,BUY,0.2000,471527.000,2024-07-08 00:15:14.673
ETH,SELL,0.0100,471400.000,2024-07-08 00:15:28.128
ETH,SELL,0.1058,471300.000,2024-07-08 00:15:28.128
ETH,SELL,0.0102,471185.000,2024-07-08 00:15:28.128
ETH,BUY,0.2000,471548.000,2024-07-08 00:15:49.904
ETH,BUY,0.0100,471700.000,2024-07-08 00:16:32.506
ETH,BUY,0.0100,472000.000,2024-07-08 00:16:39.615
ETH,BUY,0.0100,472300.000,2024-07-08 00:16:39.615
ETH,BUY,0.3800,472379.000,2024-07-08 00:16:39.615
ETH,BUY,0.2000,472379.000,2024-07-08 00:16:39.649
ETH,BUY,0.4200,472379.000,2024-07-08 00:16:39.801
ETH,BUY,0.1036,472454.000,2024-07-08 00:16:39.801
ETH,BUY,0.4764,472459.000,2024-07-08 00:16:39.801
ETH,BUY,0.0100,472459.000,2024-07-08 00:16:39.890
ETH,BUY,0.0100,472600.000,2024-07-08 00:16:40.561
ETH,BUY,0.1900,472756.000,2024-07-08 00:16:40.561
ETH,BUY,0.0809,472899.000,2024-07-08 00:16:41.278
ETH,BUY,0.0100,472900.000,2024-07-08 00:16:41.278
ETH,BUY,0.0091,472901.000,2024-07-08 00:16:41.278
ETH,SELL,1.0000,472372.000,2024-07-08 00:16:44.297
ETH,SELL,0.2709,472372.000,2024-07-08 00:16:44.297
ETH,SELL,0.2000,472370.000,2024-07-08 00:16:44.297
ETH,SELL,0.0100,472300.000,2024-07-08 00:16:44.297
ETH,SELL,1.0837,472266.000,2024-07-08 00:16:44.297
ETH,SELL,0.4354,472265.000,2024-07-08 00:16:44.297
ETH,BUY,1.0000,472482.000,2024-07-08 00:17:14.029
ETH,BUY,0.0400,472491.000,2024-07-08 00:17:14.622
ETH,BUY,0.9000,472534.000,2024-07-08 00:17:15.786
ETH,BUY,0.0100,472534.000,2024-07-08 00:17:16.382
ETH,BUY,1.0000,472514.000,2024-07-08 00:17:17.709
ETH,BUY,0.0100,472534.000,2024-07-08 00:17:18.393
ETH,BUY,0.0100,472600.000,2024-07-08 00:17:38.760
ETH,BUY,0.5900,472635.000,2024-07-08 00:17:38.760
ETH,BUY,0.2000,472667.000,2024-07-08 00:18:09.984
ETH,BUY,0.0635,472642.000,2024-07-08 00:18:59.790
ETH,BUY,0.2000,472641.000,2024-07-08 00:19:03.104
ETH,BUY,0.0500,472575.000,2024-07-08 00:19:10.710
ETH,SELL,0.0200,472555.000,2024-07-08 00:19:11.733
ETH,SELL,0.0100,472300.000,2024-07-08 00:19:11.733
ETH,SELL,0.0900,472288.000,2024-07-08 00:19:11.733
ETH,SELL,0.0800,472288.000,2024-07-08 00:19:13.052
ETH,BUY,0.0150,472328.000,2024-07-08 00:19:40.636
ETH,BUY,0.2000,472106.000,2024-07-08 00:20:39.648
ETH,BUY,0.2000,472302.000,2024-07-08 00:20:46.979
ETH,SELL,1.0000,472191.000,2024-07-08 00:21:08.240
ETH,SELL,0.4842,472096.000,2024-07-08 00:21:09.873
ETH,BUY,0.0102,472033.000,2024-07-08 00:21:18.142
ETH,BUY,0.0100,472600.000,2024-07-08 00:21:46.060
ETH,BUY,0.0772,472667.000,2024-07-08 00:21:50.442
ETH,BUY,0.4000,472667.000,2024-07-08 00:21:52.545
ETH,BUY,0.2000,472667.000,2024-07-08 00:21:52.879
ETH,BUY,0.3228,472667.000,2024-07-08 00:21:53.340
ETH,BUY,0.1000,472955.000,2024-07-08 00:21:57.026
ETH,BUY,0.0399,472955.000,2024-07-08 00:22:02.059
ETH,BUY,0.0100,472955.000,2024-07-08 00:22:04.192
ETH,BUY,0.0001,472955.000,2024-07-08 00:22:04.325
ETH,BUY,0.0100,473200.000,2024-07-08 00:22:10.749
ETH,BUY,0.3227,473419.000,2024-07-08 00:22:28.990
ETH,BUY,0.0100,473500.000,2024-07-08 00:22:28.990
ETH,BUY,0.6673,473575.000,2024-07-08 00:22:28.990
ETH,BUY,0.5000,473418.000,2024-07-08 00:22:40.830
ETH,BUY,0.0100,473674.000,2024-07-08 00:23:30.801
ETH,BUY,0.0220,473674.000,2024-07-08 00:23:31.269
ETH,BUY,0.0100,473410.000,2024-07-08 00:24:34.864
ETH,BUY,0.1000,473587.000,2024-07-08 00:24:48.220
ETH,BUY,0.0214,473593.000,2024-07-08 00:24:53.432
ETH,SELL,0.1000,473789.000,2024-07-08 00:26:00.624
ETH,SELL,0.2000,473765.000,2024-07-08 00:26:00.624
ETH,SELL,0.6600,473755.000,2024-07-08 00:26:00.624
ETH,SELL,0.0400,473741.000,2024-07-08 00:26:00.624
ETH,BUY,0.0100,473800.000,2024-07-08 00:26:08.408
ETH,BUY,1.0000,473956.000,2024-07-08 00:26:08.408
ETH,BUY,0.5400,474044.000,2024-07-08 00:26:08.408
ETH,BUY,0.1800,474007.000,2024-07-08 00:26:19.506
ETH,BUY,0.0200,474019.000,2024-07-08 00:26:25.011
ETH,BUY,0.0300,473998.000,2024-07-08 00:27:32.068
ETH,BUY,0.0408,473878.000,2024-07-08 00:28:48.429
ETH,SELL,0.2000,473810.000,2024-07-08 00:29:57.103
ETH,SELL,0.3000,473796.000,2024-07-08 00:29:57.103
ETH,SELL,0.0409,473760.000,2024-07-08 00:30:26.940
ETH,BUY,0.1000,473770.000,2024-07-08 00:31:10.314
ETH,SELL,0.0330,473760.000,2024-07-08 00:31:15.042
ETH,BUY,0.0900,473807.000,2024-07-08 00:31:34.304
ETH,BUY,0.0100,473765.000,2024-07-08 00:31:52.039
ETH,SELL,0.0248,473760.000,2024-07-08 00:32:04.851
ETH,SELL,0.1000,473760.000,2024-07-08 00:32:05.216
ETH,SELL,0.2000,473760.000,2024-07-08 00:32:07.121
ETH,SELL,0.2000,473760.000,2024-07-08 00:32:07.438
ETH,SELL,0.0350,473760.000,2024-07-08 00:32:07.524
ETH,SELL,0.0595,473760.000,2024-07-08 00:32:08.660
ETH,SELL,1.2206,473760.000,2024-07-08 00:32:08.669
ETH,SELL,0.2000,473760.000,2024-07-08 00:32:09.158
ETH,SELL,0.1000,473760.000,2024-07-08 00:32:09.221
ETH,SELL,0.4000,473760.000,2024-07-08 00:32:09.350
ETH,SELL,0.2000,473760.000,2024-07-08 00:32:09.601
ETH,SELL,0.6000,473760.000,2024-07-08 00:32:10.887
ETH,SELL,0.2000,473760.000,2024-07-08 00:32:11.699
ETH,SELL,0.6000,473760.000,2024-07-08 00:32:12.429
ETH,SELL,0.0722,473760.000,2024-07-08 00:32:13.185
ETH,SELL,0.2000,473760.000,2024-07-08 00:32:13.836
ETH,SELL,2.5140,473760.000,2024-07-08 00:32:14.738
ETH,SELL,0.2660,473760.000,2024-07-08 00:32:14.738
ETH,SELL,0.0040,473760.000,2024-07-08 00:32:15.493
ETH,SELL,0.0100,473500.000,2024-07-08 00:32:15.493
ETH,SELL,0.0100,473200.000,2024-07-08 00:32:15.493
ETH,SELL,0.4760,472934.000,2024-07-08 00:32:15.493
ETH,SELL,0.1583,472934.000,2024-07-08 00:32:15.536
ETH,SELL,0.0417,472846.000,2024-07-08 00:32:15.536
ETH,SELL,0.0100,472846.000,2024-07-08 00:32:15.686
ETH,SELL,0.3200,472846.000,2024-07-08 00:32:16.124
ETH,SELL,0.0300,472846.000,2024-07-08 00:32:16.126
ETH,SELL,0.1000,472846.000,2024-07-08 00:32:17.337
ETH,SELL,0.0100,472846.000,2024-07-08 00:32:17.409
ETH,BUY,0.2000,473066.000,2024-07-08 00:33:45.673
ETH,BUY,0.8000,473066.000,2024-07-08 00:33:47.161
ETH,SELL,0.2000,472500.000,2024-07-08 00:35:15.604
ETH,SELL,0.8000,472500.000,2024-07-08 00:35:15.748
ETH,SELL,0.7041,472302.000,2024-07-08 00:36:00.511
ETH,BUY,0.3000,472382.000,2024-07-08 00:36:17.461
ETH,BUY,0.7000,472382.000,2024-07-08 00:36:17.611
ETH,BUY,0.1394,472725.000,2024-07-08 00:36:17.850
ETH,BUY,0.0606,472838.000,2024-07-08 00:36:17.850
ETH,BUY,1.0000,472624.000,2024-07-08 00:36:19.938
ETH,BUY,0.2000,472895.000,2024-07-08 00:36:22.307
ETH,SELL,0.0606,472556.000,2024-07-08 00:37:17.128
ETH,SELL,0.0100,472300.000,2024-07-08 00:37:17.128
ETH,SELL,0.1294,472219.000,2024-07-08 00:37:17.128
ETH,SELL,0.0100,472000.000,2024-07-08 00:37:43.151
ETH,SELL,0.0100,471700.000,2024-07-08 00:37:43.151
ETH,SELL,0.1800,471496.000,2024-07-08 00:37:43.151
ETH,SELL,0.0100,471400.000,2024-07-08 00:37:56.319
ETH,SELL,0.0100,471100.000,2024-07-08 00:38:04.124
ETH,SELL,0.0100,470800.000,2024-07-08 00:38:04.124
ETH,SELL,0.0100,470500.000,2024-07-08 00:38:04.124
ETH,SELL,0.1700,470376.000,2024-07-08 00:38:04.124
ETH,SELL,0.0100,470200.000,2024-07-08 00:38:13.328
ETH,SELL,0.0754,470000.000,2024-07-08 00:38:13.328
ETH,SELL,0.0150,470000.000,2024-07-08 00:38:13.328
ETH,SELL,0.0996,470000.000,2024-07-08 00:38:13.328
ETH,SELL,0.0004,470000.000,2024-07-08 00:38:14.480
ETH,SELL,0.0100,470000.000,2024-07-08 00:38:14.480
ETH,SELL,0.0896,470000.000,2024-07-08 00:38:14.480
ETH,SELL,0.0104,470000.000,2024-07-08 00:38:14.558
ETH,SELL,0.0100,470000.000,2024-07-08 00:38:14.558
ETH,SELL,0.0200,470000.000,2024-07-08 00:38:14.558
ETH,SELL,0.0200,470000.000,2024-07-08 00:38:14.558
ETH,SELL,0.0396,470000.000,2024-07-08 00:38:14.558
ETH,SELL,0.2455,470000.000,2024-07-08 00:38:14.814
ETH,SELL,0.1000,470000.000,2024-07-08 00:38:18.967
ETH,SELL,0.0969,470000.000,2024-07-08 00:38:19.254
ETH,SELL,0.5180,470000.000,2024-07-08 00:38:19.256
ETH,SELL,0.0100,470000.000,2024-07-08 00:38:19.256
ETH,SELL,0.1000,470000.000,2024-07-08 00:38:19.256
ETH,SELL,0.0100,470000.000,2024-07-08 00:38:19.256
ETH,SELL,0.0100,470000.000,2024-07-08 00:38:19.256
ETH,SELL,0.2200,470000.000,2024-07-08 00:38:19.256
ETH,SELL,0.0100,470000.000,2024-07-08 00:38:19.256
ETH,SELL,0.0209,470000.000,2024-07-08 00:38:19.256
ETH,SELL,0.0100,470000.000,2024-07-08 00:38:19.256
ETH,SELL,0.1000,470000.000,2024-07-08 00:38:19.256
ETH,SELL,0.1000,470000.000,2024-07-08 00:38:19.256
ETH,SELL,0.0150,470000.000,2024-07-08 00:38:19.256
ETH,SELL,0.0210,470000.000,2024-07-08 00:38:19.256
ETH,SELL,2.0000,470000.000,2024-07-08 00:38:19.256
ETH,SELL,0.0200,470000.000,2024-07-08 00:38:19.256
ETH,SELL,0.0100,470000.000,2024-07-08 00:38:19.256
ETH,SELL,0.0831,470000.000,2024-07-08 00:38:19.256
ETH,SELL,0.7350,470000.000,2024-07-08 00:38:19.256
ETH,SELL,0.0100,469900.000,2024-07-08 00:38:19.362
ETH,SELL,0.0430,469883.000,2024-07-08 00:38:19.362
ETH,SELL,0.1470,469870.000,2024-07-08 00:38:19.362
ETH,SELL,0.3530,469870.000,2024-07-08 00:38:20.336
ETH,SELL,0.0100,469600.000,2024-07-08 00:38:21.007
ETH,SELL,0.0900,469522.000,2024-07-08 00:38:21.007
ETH,SELL,0.2100,469522.000,2024-07-08 00:38:21.211
ETH,SELL,0.1000,469500.000,2024-07-08 00:38:21.211
ETH,SELL,0.7100,469458.000,2024-07-08 00:38:21.211
ETH,SELL,0.0100,469456.000,2024-07-08 00:38:21.587
ETH,SELL,0.0100,469300.000,2024-07-08 00:38:21.587
ETH,SELL,0.2000,469210.000,2024-07-08 00:38:21.587
ETH,SELL,0.2900,469139.000,2024-07-08 00:38:21.587
ETH,SELL,0.0300,469100.000,2024-07-08 00:38:21.587
ETH,SELL,0.3700,469076.000,2024-07-08 00:38:21.587
ETH,SELL,0.2000,469076.000,2024-07-08 00:38:21.626
ETH,SELL,0.1055,469076.000,2024-07-08 00:38:21.821
ETH,SELL,0.1470,469000.000,2024-07-08 00:38:22.775
ETH,SELL,0.6902,469000.000,2024-07-08 00:38:22.775
ETH,SELL,0.1628,469000.000,2024-07-08 00:38:22.776
ETH,SELL,0.0100,469000.000,2024-07-08 00:38:22.776
ETH,SELL,0.0100,468700.000,2024-07-08 00:38:22.997
ETH,SELL,0.0510,468621.000,2024-07-08 00:38:22.997
ETH,SELL,0.0089,468440.000,2024-07-08 00:38:22.997
ETH,SELL,0.0381,468440.000,2024-07-08 00:38:23.431
ETH,SELL,0.1530,468440.000,2024-07-08 00:38:23.677
ETH,SELL,0.0100,468400.000,2024-07-08 00:38:23.677
ETH,SELL,0.0315,468280.000,2024-07-08 00:38:23.677
ETH,SELL,0.1000,468280.000,2024-07-08 00:38:23.722
ETH,SELL,0.4685,468280.000,2024-07-08 00:38:37.013
ETH,SELL,0.3386,468221.000,2024-07-08 00:38:37.013
ETH,SELL,0.0105,468166.000,2024-07-08 00:38:37.013
ETH,SELL,0.0100,468100.000,2024-07-08 00:38:37.013
ETH,SELL,0.0130,468000.000,2024-07-08 00:38:37.013
ETH,SELL,0.0200,468000.000,2024-07-08 00:38:37.013
ETH,SELL,0.0100,468000.000,2024-07-08 00:38:37.013
ETH,SELL,0.0100,468000.000,2024-07-08 00:38:37.013
ETH,SELL,0.0200,467900.000,2024-07-08 00:38:37.013
ETH,SELL,0.0994,467813.000,2024-07-08 00:38:37.013
ETH,SELL,0.0100,467800.000,2024-07-08 00:38:47.452
ETH,SELL,0.0100,467800.000,2024-07-08 00:38:47.452
ETH,SELL,0.0100,467500.000,2024-07-08 00:38:49.480
ETH,BUY,0.0999,467422.000,2024-07-08 00:38:58.021
ETH,BUY,1.0000,467424.000,2024-07-08 00:39:03.926
ETH,BUY,0.1000,467772.000,2024-07-08 00:39:07.864
ETH,BUY,0.0213,467441.000,2024-07-08 00:39:11.701
ETH,SELL,0.0100,467200.000,2024-07-08 00:39:13.230
ETH,BUY,1.5000,467102.000,2024-07-08 00:39:16.411
ETH,SELL,0.3900,467101.000,2024-07-08 00:39:19.922
ETH,SELL,0.9200,467101.000,2024-07-08 00:39:19.922
ETH,SELL,0.4400,467100.000,2024-07-08 00:39:19.922
ETH,BUY,0.0213,466991.000,2024-07-08 00:39:21.572
ETH,BUY,0.8000,467045.000,2024-07-08 00:39:33.393
ETH,SELL,0.0100,466900.000,2024-07-08 00:39:42.435
ETH,SELL,0.0049,466639.000,2024-07-08 00:39:42.435
ETH,SELL,0.0051,466639.000,2024-07-08 00:39:42.496
ETH,SELL,0.0100,466600.000,2024-07-08 00:39:42.496
ETH,SELL,0.0100,466300.000,2024-07-08 00:39:42.496
ETH,SELL,0.2750,466300.000,2024-07-08 00:39:42.496
ETH,SELL,0.2000,466229.000,2024-07-08 00:39:42.496
ETH,SELL,1.0000,466210.000,2024-07-08 00:39:42.496
ETH,SELL,0.0430,466200.000,2024-07-08 00:39:42.496
ETH,SELL,0.0200,466000.000,2024-07-08 00:39:42.496
ETH,SELL,0.0130,466000.000,2024-07-08 00:39:42.496
ETH,SELL,0.0200,466000.000,2024-07-08 00:39:42.496
ETH,SELL,0.0100,466000.000,2024-07-08 00:39:42.496
ETH,SELL,0.0300,466000.000,2024-07-08 00:39:42.496
ETH,SELL,0.1639,465914.000,2024-07-08 00:39:42.496
ETH,BUY,0.1000,465979.000,2024-07-08 00:39:45.994
ETH,BUY,0.2000,465979.000,2024-07-08 00:39:46.357
ETH,BUY,0.2000,465979.000,2024-07-08 00:39:46.625
ETH,BUY,0.0100,465979.000,2024-07-08 00:39:46.776
ETH,BUY,0.3167,465979.000,2024-07-08 00:39:47.290
ETH,BUY,0.1733,465979.000,2024-07-08 00:39:47.290
ETH,BUY,1.0000,465991.000,2024-07-08 00:39:49.803
ETH,BUY,0.0213,466272.000,2024-07-08 00:39:51.591
ETH,BUY,0.0300,466272.000,2024-07-08 00:39:52.637
ETH,BUY,0.9487,466272.000,2024-07-08 00:39:52.864
ETH,BUY,0.0100,466300.000,2024-07-08 00:39:53.132
ETH,BUY,0.2000,466595.000,2024-07-08 00:39:53.705
ETH,BUY,0.0100,466600.000,2024-07-08 00:39:56.958
ETH,SELL,0.0700,466600.000,2024-07-08 00:40:26.800
ETH,SELL,0.0100,466300.000,2024-07-08 00:40:26.800
ETH,SELL,0.0383,466147.000,2024-07-08 00:40:26.800
ETH,BUY,0.3000,466162.000,2024-07-08 00:40:42.637
ETH,BUY,0.0214,466240.000,2024-07-08 00:41:01.701
ETH,BUY,0.1786,466350.000,2024-07-08 00:41:03.416
ETH,BUY,0.4643,466355.000,2024-07-08 00:41:03.416
ETH,BUY,0.1000,466578.000,2024-07-08 00:41:05.616
ETH,BUY,0.0100,466600.000,2024-07-08 00:41:09.106
ETH,BUY,0.1000,466738.000,2024-07-08 00:41:09.106
ETH,BUY,0.1700,466792.000,2024-07-08 00:41:10.552
ETH,BUY,0.6421,466792.000,2024-07-08 00:41:10.729
ETH,BUY,0.2000,466792.000,2024-07-08 00:41:11.119
ETH,BUY,0.0214,466792.000,2024-07-08 00:41:11.674
ETH,BUY,0.2000,466792.000,2024-07-08 00:41:11.735
ETH,BUY,0.1200,466792.000,2024-07-08 00:41:12.352
ETH,BUY,0.6000,466792.000,2024-07-08 00:41:12.850
ETH,BUY,0.5000,466792.000,2024-07-08 00:41:13.053
ETH,BUY,0.0899,466792.000,2024-07-08 00:41:13.284
ETH,SELL,0.0157,466781.000,2024-07-08 00:41:20.949
ETH,BUY,0.0214,466782.000,2024-07-08 00:41:21.504
ETH,BUY,0.2000,466355.000,2024-07-08 00:41:44.343
ETH,BUY,0.3000,466357.000,2024-07-08 00:41:44.343
ETH,BUY,0.0100,466356.000,2024-07-08 00:41:49.436
ETH,BUY,0.0214,466408.000,2024-07-08 00:41:51.575
ETH,SELL,0.0100,466300.000,2024-07-08 00:42:07.018
ETH,BUY,0.0214,466021.000,2024-07-08 00:42:11.650
ETH,BUY,0.0214,466224.000,2024-07-08 00:42:31.588
ETH,BUY,0.6000,466224.000,2024-07-08 00:42:32.301
ETH,BUY,0.0220,466457.000,2024-07-08 00:42:37.368
ETH,SELL,0.0144,466456.000,2024-07-08 00:42:38.439
ETH,BUY,0.0100,466483.000,2024-07-08 00:42:48.266
ETH,BUY,0.0214,466279.000,2024-07-08 00:43:01.576
ETH,SELL,0.0100,466000.000,2024-07-08 00:43:06.316
ETH,SELL,0.0100,465820.000,2024-07-08 00:43:07.110
ETH,SELL,0.0100,465700.000,2024-07-08 00:43:07.110
ETH,SELL,0.0100,465500.000,2024-07-08 00:43:07.110
ETH,SELL,0.0100,465500.000,2024-07-08 00:43:07.110
ETH,SELL,0.0600,465436.000,2024-07-08 00:43:07.110
ETH,BUY,0.0214,465537.000,2024-07-08 00:43:11.504
ETH,SELL,0.0132,465404.000,2024-07-08 00:43:15.484
ETH,SELL,0.0269,465600.000,2024-07-08 00:43:20.950
ETH,BUY,0.0214,465602.000,2024-07-08 00:43:21.603
ETH,BUY,0.0214,465562.000,2024-07-08 00:43:51.636
ETH,BUY,0.0214,465640.000,2024-07-08 00:44:01.610
ETH,BUY,0.0132,465878.000,2024-07-08 00:44:18.031
ETH,BUY,0.1568,465937.000,2024-07-08 00:44:18.031
ETH,BUY,0.4000,465937.000,2024-07-08 00:44:18.535
ETH,BUY,0.2000,465937.000,2024-07-08 00:44:19.426
ETH,SELL,0.1000,465856.000,2024-07-08 00:44:21.028
ETH,BUY,0.0100,466000.000,2024-07-08 00:44:21.565
ETH,BUY,0.0114,466188.000,2024-07-08 00:44:21.565
ETH,BUY,0.5000,465958.000,2024-07-08 00:44:32.580
ETH,SELL,0.0100,465700.000,2024-07-08 00:44:39.695
ETH,SELL,0.1600,465638.000,2024-07-08 00:44:39.695
ETH,SELL,1.0000,465664.000,2024-07-08 00:44:50.894
ETH,BUY,0.0214,465666.000,2024-07-08 00:44:51.542
ETH,BUY,0.0400,465732.000,2024-07-08 00:45:00.344
ETH,SELL,0.0100,465400.000,2024-07-08 00:46:13.425
ETH,BUY,0.9717,465168.000,2024-07-08 00:46:15.949
ETH,BUY,0.0444,465648.000,2024-07-08 00:46:39.208
ETH,BUY,0.2000,465648.000,2024-07-08 00:46:39.901
ETH,BUY,0.0100,465700.000,2024-07-08 00:46:41.502
ETH,SELL,0.2000,465705.000,2024-07-08 00:46:42.236
ETH,SELL,0.8000,465702.000,2024-07-08 00:46:42.236
ETH,BUY,0.0100,466000.000,2024-07-08 00:46:52.883
ETH,BUY,0.0298,466000.000,2024-07-08 00:46:52.883
ETH,BUY,0.1000,466000.000,2024-07-08 00:47:00.174
ETH,BUY,0.0483,466000.000,2024-07-08 00:47:00.546
ETH,BUY,0.8219,466000.000,2024-07-08 00:47:01.069
ETH,BUY,0.2000,466210.000,2024-07-08 00:47:02.546
ETH,BUY,0.0100,466300.000,2024-07-08 00:47:02.546
ETH,BUY,0.0900,466336.000,2024-07-08 00:47:02.546
ETH,BUY,0.2000,466336.000,2024-07-08 00:47:03.958
ETH,SELL,0.0100,466000.000,2024-07-08 00:47:31.945
ETH,SELL,0.1000,465702.000,2024-07-08 00:47:34.232
ETH,SELL,0.0100,465700.000,2024-07-08 00:47:34.232
ETH,SELL,0.0900,465522.000,2024-07-08 00:47:34.232
ETH,BUY,0.1900,465570.000,2024-07-08 00:47:42.498
ETH,BUY,0.0200,465555.000,2024-07-08 00:47:45.660
ETH,BUY,0.0280,465948.000,2024-07-08 00:48:15.697
ETH,BUY,0.0100,466000.000,2024-07-08 00:48:21.615
ETH,BUY,0.0114,466107.000,2024-07-08 00:48:21.615
ETH,BUY,0.0214,466190.000,2024-07-08 00:48:31.598
ETH,SELL,0.0100,465700.000,2024-07-08 00:49:01.461
ETH,SELL,0.0999,465465.000,2024-07-08 00:49:03.323
ETH,SELL,0.0995,465465.000,2024-07-08 00:49:03.801
ETH,SELL,0.1000,465465.000,2024-07-08 00:49:04.737
ETH,SELL,0.2000,465465.000,2024-07-08 00:49:04.886
ETH,SELL,0.2000,465465.000,2024-07-08 00:49:04.887
ETH,SELL,0.0100,465400.000,2024-07-08 00:49:05.643
ETH,SELL,0.0100,465100.000,2024-07-08 00:49:08.082
ETH,SELL,0.0110,465095.000,2024-07-08 00:49:08.608
ETH,SELL,0.0240,465095.000,2024-07-08 00:49:08.873
ETH,SELL,0.1000,465001.000,2024-07-08 00:49:09.035
ETH,SELL,0.2000,465001.000,2024-07-08 00:49:11.286
ETH,SELL,0.0070,465001.000,2024-07-08 00:49:13.453
ETH,SELL,0.0030,465001.000,2024-07-08 00:49:13.453
ETH,SELL,0.0126,465001.000,2024-07-08 00:49:13.915
ETH,SELL,0.1844,465001.000,2024-07-08 00:49:15.506
ETH,SELL,0.1000,465000.000,2024-07-08 00:49:15.506
ETH,SELL,0.1000,465000.000,2024-07-08 00:49:15.506
ETH,SELL,0.2138,465000.000,2024-07-08 00:49:15.506
ETH,SELL,0.1000,465000.000,2024-07-08 00:49:17.266
ETH,SELL,0.0771,465000.000,2024-07-08 00:49:25.258
ETH,SELL,0.2551,465000.000,2024-07-08 00:49:25.649
ETH,SELL,0.0200,465000.000,2024-07-08 00:49:25.649
ETH,SELL,0.1000,465000.000,2024-07-08 00:49:25.649
ETH,SELL,0.1249,465000.000,2024-07-08 00:49:25.649
ETH,SELL,0.3751,465000.000,2024-07-08 00:49:25.690
ETH,SELL,0.0250,465000.000,2024-07-08 00:49:25.690
ETH,SELL,0.0100,465000.000,2024-07-08 00:49:25.690
ETH,SELL,0.0100,465000.000,2024-07-08 00:49:25.690
ETH,SELL,0.0100,465000.000,2024-07-08 00:49:25.690
ETH,SELL,0.0100,465000.000,2024-07-08 00:49:25.690
ETH,SELL,0.0100,465000.000,2024-07-08 00:49:25.690
ETH,SELL,0.0200,465000.000,2024-07-08 00:49:25.690
ETH,BUY,0.3400,464831.000,2024-07-08 00:49:40.086
ETH,BUY,0.0100,465154.000,2024-07-08 00:50:01.968
ETH,BUY,0.0500,465187.000,2024-07-08 00:51:29.252
ETH,BUY,0.0100,465187.000,2024-07-08 00:51:31.567
ETH,BUY,0.0300,464980.000,2024-07-08 00:51:36.096
ETH,BUY,0.0700,465173.000,2024-07-08 00:51:42.552
ETH,BUY,0.0300,465184.000,2024-07-08 00:51:45.880
ETH,SELL,0.0121,464979.000,2024-07-08 00:52:01.527
ETH,BUY,0.1700,465241.000,2024-07-08 00:52:27.677
ETH,BUY,0.0100,465400.000,2024-07-08 00:52:57.916
ETH,BUY,0.2200,465410.000,2024-07-08 00:52:57.916
ETH,BUY,0.0500,465699.000,2024-07-08 00:53:09.236
ETH,BUY,0.0200,465657.000,2024-07-08 00:53:20.128
ETH,BUY,0.0100,465700.000,2024-07-08 00:53:30.660
ETH,BUY,0.4900,465796.000,2024-07-08 00:53:30.660
ETH,SELL,0.0270,465418.000,2024-07-08 00:54:00.854
ETH,SELL,0.0100,465400.000,2024-07-08 00:54:00.854
ETH,SELL,0.0100,465100.000,2024-07-08 00:54:00.854
ETH,SELL,0.0610,465030.000,2024-07-08 00:54:00.854
ETH,BUY,0.0100,465007.000,2024-07-08 00:55:16.720
ETH,BUY,0.1000,465118.000,2024-07-08 00:55:20.350
ETH,BUY,0.6442,465168.000,2024-07-08 00:55:55.119
ETH,BUY,0.1517,465169.000,2024-07-08 00:55:55.554
ETH,BUY,0.0483,465258.000,2024-07-08 00:55:55.554
ETH,BUY,0.2000,465197.000,2024-07-08 00:56:29.444
ETH,BUY,0.8000,465197.000,2024-07-08 00:56:29.589
ETH,BUY,0.0100,465400.000,2024-07-08 00:56:29.948
ETH,BUY,0.1900,465438.000,2024-07-08 00:56:29.948
ETH,BUY,0.8100,465438.000,2024-07-08 00:56:30.475
ETH,BUY,0.0100,465700.000,2024-07-08 00:56:31.240
ETH,BUY,0.0277,465841.000,2024-07-08 00:56:31.240
ETH,BUY,0.0100,466000.000,2024-07-08 00:56:32.387
ETH,BUY,0.0070,466023.000,2024-07-08 00:56:32.387
ETH,BUY,0.2000,466022.000,2024-07-08 00:56:33.310
ETH,BUY,0.0100,466054.000,2024-07-08 00:56:35.925
ETH,BUY,0.1500,465754.000,2024-07-08 00:56:45.028
ETH,BUY,0.8500,465754.000,2024-07-08 00:56:46.222
ETH,BUY,0.1000,466285.000,2024-07-08 00:56:51.745
ETH,BUY,0.1000,466175.000,2024-07-08 00:56:54.304
ETH,BUY,0.0137,466173.000,2024-07-08 00:56:57.938
ETH,SELL,0.0523,465705.000,2024-07-08 00:57:34.914
ETH,SELL,0.0100,465700.000,2024-07-08 00:57:57.994
ETH,SELL,0.0200,465700.000,2024-07-08 00:57:57.994
ETH,SELL,0.0100,465400.000,2024-07-08 00:57:58.760
ETH,SELL,0.0900,465160.000,2024-07-08 00:57:58.760
ETH,SELL,0.2000,465160.000,2024-07-08 00:58:00.890
ETH,SELL,0.1000,465160.000,2024-07-08 00:58:03.091
ETH,SELL,0.1000,465160.000,2024-07-08 00:58:08.110
ETH,SELL,0.0100,465160.000,2024-07-08 00:58:08.111
ETH,BUY,0.0800,465101.000,2024-07-08 00:58:11.886
ETH,SELL,0.0100,465100.000,2024-07-08 00:58:13.707
ETH,SELL,0.0200,464831.000,2024-07-08 00:58:19.746
ETH,SELL,0.0100,464800.000,2024-07-08 00:58:20.863
ETH,SELL,0.0500,464682.000,2024-07-08 00:58:26.545
ETH,SELL,0.0100,464500.000,2024-07-08 00:58:30.040
ETH,SELL,0.1000,464445.000,2024-07-08 00:58:30.040
ETH,SELL,0.3000,464444.000,2024-07-08 00:58:30.040
ETH,SELL,0.0900,464386.000,2024-07-08 00:58:30.040
ETH,SELL,0.7500,464460.000,2024-07-08 00:58:40.005
ETH,BUY,0.0324,464234.000,2024-07-08 01:00:13.436
ETH,BUY,0.0500,464240.000,2024-07-08 01:00:27.895
ETH,BUY,0.1500,464373.000,2024-07-08 01:00:27.895
ETH,BUY,0.0281,464545.000,2024-07-08 01:00:36.956
ETH,BUY,0.0430,464201.000,2024-07-08 01:00:51.669
ETH,SELL,0.0100,464200.000,2024-07-08 01:00:52.163
ETH,BUY,1.2549,464083.000,2024-07-08 01:00:56.125
ETH,BUY,0.6812,464082.000,2024-07-08 01:00:57.883
ETH,BUY,0.6814,464200.000,2024-07-08 01:01:04.294
ETH,BUY,0.4720,464200.000,2024-07-08 01:01:11.501
ETH,BUY,0.0570,464201.000,2024-07-08 01:01:11.501
ETH,BUY,0.1742,464201.000,2024-07-08 01:01:11.501
ETH,BUY,0.3231,464200.000,2024-07-08 01:01:14.412
ETH,BUY,0.6462,464200.000,2024-07-08 01:01:14.412
ETH,BUY,1.5800,464305.000,2024-07-08 01:01:17.032
ETH,BUY,0.4200,464385.000,2024-07-08 01:01:17.032
ETH,SELL,0.0150,464000.000,2024-07-08 01:01:24.422
ETH,SELL,0.0130,464000.000,2024-07-08 01:01:24.422
ETH,SELL,0.0100,463900.000,2024-07-08 01:01:24.422
ETH,SELL,0.0100,463839.000,2024-07-08 01:01:24.422
ETH,SELL,0.0519,463782.000,2024-07-08 01:01:24.422
ETH,BUY,0.7080,463809.000,2024-07-08 01:01:47.424
ETH,BUY,0.2920,463926.000,2024-07-08 01:01:47.424
ETH,BUY,0.0100,463956.000,2024-07-08 01:02:03.727
ETH,BUY,0.0389,463656.000,2024-07-08 01:02:36.911
ETH,BUY,0.0100,463601.000,2024-07-08 01:02:45.264
ETH,SELL,0.0100,463600.000,2024-07-08 01:02:55.958
ETH,SELL,0.0100,463300.000,2024-07-08 01:03:02.755
ETH,SELL,0.0440,463100.000,2024-07-08 01:03:13.176
ETH,SELL,0.1000,463099.000,2024-07-08 01:03:13.176
ETH,BUY,0.0995,463098.000,2024-07-08 01:03:13.307
ETH,SELL,0.0200,463000.000,2024-07-08 01:03:15.645
ETH,SELL,0.0110,463000.000,2024-07-08 01:03:15.645
ETH,SELL,0.0690,463000.000,2024-07-08 01:03:15.645
ETH,SELL,0.1000,463000.000,2024-07-08 01:03:15.877
ETH,SELL,0.1310,463000.000,2024-07-08 01:03:16.804
ETH,SELL,0.0100,463000.000,2024-07-08 01:03:16.804
ETH,SELL,0.0500,463000.000,2024-07-08 01:03:16.804
ETH,SELL,0.0100,462700.000,2024-07-08 01:03:19.509
ETH,SELL,0.0466,462554.000,2024-07-08 01:03:22.429
ETH,SELL,0.2534,462554.000,2024-07-08 01:03:22.542
ETH,SELL,0.0100,462500.000,2024-07-08 01:03:22.542
ETH,SELL,0.0200,462500.000,2024-07-08 01:03:22.542
ETH,SELL,0.0100,462400.000,2024-07-08 01:03:22.542
ETH,SELL,0.0100,462100.000,2024-07-08 01:03:22.542
ETH,SELL,0.1966,462002.000,2024-07-08 01:03:22.542
ETH,SELL,0.0910,462021.000,2024-07-08 01:03:25.805
ETH,BUY,0.0193,462231.000,2024-07-08 01:03:30.944
ETH,BUY,0.0100,462024.000,2024-07-08 01:03:35.194
ETH,SELL,0.0996,462023.000,2024-07-08 01:03:39.486
ETH,BUY,0.0800,462024.000,2024-07-08 01:03:42.994
ETH,BUY,0.0200,462024.000,2024-07-08 01:03:42.994
ETH,BUY,0.1000,462364.000,2024-07-08 01:03:57.486
ETH,BUY,0.0200,462364.000,2024-07-08 01:03:57.733
ETH,SELL,0.0100,462363.000,2024-07-08 01:03:58.205
ETH,SELL,0.1000,462372.000,2024-07-08 01:04:04.978
ETH,SELL,0.2000,462372.000,2024-07-08 01:04:05.096
ETH,SELL,0.1999,462001.000,2024-07-08 01:04:09.078
ETH,SELL,0.2000,462004.000,2024-07-08 01:04:14.128
ETH,SELL,0.0200,462000.000,2024-07-08 01:04:16.504
ETH,SELL,0.5000,462000.000,2024-07-08 01:04:16.504
ETH,SELL,0.0130,462000.000,2024-07-08 01:04:16.504
ETH,SELL,0.0100,462000.000,2024-07-08 01:04:16.504
ETH,SELL,0.5000,462000.000,2024-07-08 01:04:16.504
ETH,SELL,0.1015,461981.000,2024-07-08 01:04:16.504
ETH,SELL,0.0500,461980.000,2024-07-08 01:04:16.504
ETH,SELL,1.2055,461975.000,2024-07-08 01:04:16.504
ETH,BUY,0.6000,461952.000,2024-07-08 01:04:39.663
ETH,BUY,0.2000,461851.000,2024-07-08 01:04:48.315
ETH,SELL,0.0100,461800.000,2024-07-08 01:04:50.448
ETH,SELL,0.0024,461700.000,2024-07-08 01:04:50.448
ETH,BUY,0.1000,461734.000,2024-07-08 01:04:55.347
ETH,BUY,0.1714,461731.000,2024-07-08 01:04:58.728
ETH,SELL,0.0476,461700.000,2024-07-08 01:04:58.946
ETH,SELL,0.0048,461500.000,2024-07-08 01:04:58.946
ETH,SELL,0.0052,461500.000,2024-07-08 01:05:19.429
ETH,SELL,0.0052,461250.000,2024-07-08 01:05:19.429
ETH,SELL,0.0448,461250.000,2024-07-08 01:05:19.765
ETH,SELL,0.0100,461200.000,2024-07-08 01:05:19.765
ETH,SELL,0.0452,461111.000,2024-07-08 01:05:19.765
ETH,BUY,0.0800,461498.000,2024-07-08 01:05:19.826
ETH,SELL,0.1000,461111.000,2024-07-08 01:05:20.950
ETH,SELL,0.0548,461111.000,2024-07-08 01:05:21.348
ETH,SELL,0.1000,461072.000,2024-07-08 01:05:21.834
ETH,SELL,0.0100,461056.000,2024-07-08 01:05:22.139
ETH,SELL,0.0100,461000.000,2024-07-08 01:05:22.139
ETH,SELL,0.0630,461000.000,2024-07-08 01:05:22.139
ETH,SELL,0.0100,461000.000,2024-07-08 01:05:22.139
ETH,SELL,0.0100,461000.000,2024-07-08 01:05:22.139
ETH,SELL,0.0220,461000.000,2024-07-08 01:05:22.139
ETH,SELL,0.0750,461000.000,2024-07-08 01:05:22.139
ETH,SELL,0.2250,461000.000,2024-07-08 01:05:22.517
ETH,SELL,0.0100,461000.000,2024-07-08 01:05:22.517
ETH,SELL,0.0150,461000.000,2024-07-08 01:05:22.517
ETH,SELL,0.0050,461000.000,2024-07-08 01:05:22.586
ETH,SELL,0.0150,460994.000,2024-07-08 01:05:22.586
ETH,SELL,0.0050,460994.000,2024-07-08 01:05:22.843
ETH,SELL,0.0100,460900.000,2024-07-08 01:05:22.927
ETH,SELL,0.0239,460782.000,2024-07-08 01:05:23.147
ETH,SELL,0.0100,460600.000,2024-07-08 01:05:23.147
ETH,SELL,0.0100,460300.000,2024-07-08 01:05:25.228
ETH,SELL,0.0200,460100.000,2024-07-08 01:05:25.228
ETH,SELL,0.0700,460012.000,2024-07-08 01:05:25.228
ETH,SELL,0.1000,460015.000,2024-07-08 01:05:25.520
ETH,SELL,0.0500,460011.000,2024-07-08 01:05:28.670
ETH,SELL,0.0500,460010.000,2024-07-08 01:05:28.670
ETH,SELL,0.0500,460010.000,2024-07-08 01:05:33.675
ETH,SELL,0.0300,460000.000,2024-07-08 01:05:33.675
ETH,SELL,0.2171,460000.000,2024-07-08 01:05:33.675
ETH,SELL,0.0220,460000.000,2024-07-08 01:05:33.675
ETH,SELL,0.0300,460000.000,2024-07-08 01:05:33.675
ETH,SELL,0.1000,460000.000,2024-07-08 01:05:33.675
ETH,SELL,0.0130,460000.000,2024-07-08 01:05:33.675
ETH,SELL,0.0500,460000.000,2024-07-08 01:05:33.675
ETH,SELL,0.1000,460000.000,2024-07-08 01:05:33.675
ETH,SELL,0.0179,460000.000,2024-07-08 01:05:33.675
ETH,SELL,0.0821,460000.000,2024-07-08 01:05:35.696
ETH,SELL,0.1000,460000.000,2024-07-08 01:05:35.696
ETH,SELL,0.0200,460000.000,2024-07-08 01:05:35.696
ETH,SELL,0.1388,460000.000,2024-07-08 01:05:35.696
ETH,SELL,0.0829,460000.000,2024-07-08 01:05:35.786
ETH,SELL,0.3000,460000.000,2024-07-08 01:05:36.233
ETH,SELL,0.4783,460000.000,2024-07-08 01:05:36.374
ETH,SELL,0.5000,460000.000,2024-07-08 01:05:36.374
ETH,SELL,0.0100,460000.000,2024-07-08 01:05:36.374
ETH,SELL,0.0100,460000.000,2024-07-08 01:05:36.374
ETH,SELL,0.1400,460000.000,2024-07-08 01:05:36.374
ETH,SELL,0.0100,460000.000,2024-07-08 01:05:36.374
ETH,SELL,0.1000,460000.000,2024-07-08 01:05:36.374
ETH,SELL,0.0968,460000.000,2024-07-08 01:05:36.374
ETH,SELL,0.1000,460000.000,2024-07-08 01:05:36.760
ETH,SELL,0.0264,460000.000,2024-07-08 01:05:36.829
ETH,SELL,0.3410,460000.000,2024-07-08 01:05:37.065
ETH,SELL,0.2000,460000.000,2024-07-08 01:05:37.190
ETH,SELL,0.2358,460000.000,2024-07-08 01:05:38.032
ETH,SELL,0.1042,460000.000,2024-07-08 01:05:38.032
ETH,SELL,0.1958,460000.000,2024-07-08 01:05:38.180
ETH,SELL,0.0200,460000.000,2024-07-08 01:05:38.180
ETH,SELL,0.1842,460000.000,2024-07-08 01:05:38.180
ETH,SELL,0.3158,460000.000,2024-07-08 01:05:38.207
ETH,SELL,0.0242,460000.000,2024-07-08 01:05:38.207
ETH,SELL,0.0758,460000.000,2024-07-08 01:05:38.209
ETH,SELL,0.0447,460000.000,2024-07-08 01:05:38.209
ETH,SELL,0.0553,460000.000,2024-07-08 01:05:38.968
ETH,SELL,0.1000,460000.000,2024-07-08 01:05:38.968
ETH,SELL,0.1100,460000.000,2024-07-08 01:05:38.968
ETH,SELL,0.0347,460000.000,2024-07-08 01:05:38.968
ETH,SELL,0.0194,460000.000,2024-07-08 01:05:39.026
ETH,SELL,0.0200,460000.000,2024-07-08 01:05:39.460
ETH,BUY,0.1000,460001.000,2024-07-08 01:05:39.462
ETH,SELL,0.2000,460000.000,2024-07-08 01:05:39.463
ETH,SELL,0.2000,460000.000,2024-07-08 01:05:39.866
ETH,SELL,0.0194,460000.000,2024-07-08 01:05:40.019
ETH,SELL,0.4000,460000.000,2024-07-08 01:05:40.820
ETH,SELL,0.1065,460000.000,2024-07-08 01:05:40.864
ETH,SELL,0.1100,460000.000,2024-07-08 01:05:40.864
ETH,SELL,0.0200,460000.000,2024-07-08 01:05:40.864
ETH,SELL,0.0500,460000.000,2024-07-08 01:05:40.864
ETH,SELL,1.0000,460000.000,2024-07-08 01:05:40.864
ETH,SELL,0.0100,460000.000,2024-07-08 01:05:40.864
ETH,SELL,0.0300,460000.000,2024-07-08 01:05:40.864
ETH,SELL,0.1000,460000.000,2024-07-08 01:05:40.864
ETH,SELL,0.2000,460000.000,2024-07-08 01:05:40.864
ETH,SELL,0.0100,460000.000,2024-07-08 01:05:40.864
ETH,SELL,0.1000,460000.000,2024-07-08 01:05:40.864
ETH,SELL,0.1000,460000.000,2024-07-08 01:05:40.864
ETH,SELL,0.0109,460000.000,2024-07-08 01:05:40.864
ETH,SELL,1.0000,460000.000,2024-07-08 01:05:40.864
ETH,SELL,0.0210,460000.000,2024-07-08 01:05:40.864
ETH,SELL,0.1000,460000.000,2024-07-08 01:05:40.864
ETH,SELL,0.2000,460000.000,2024-07-08 01:05:40.864
ETH,SELL,0.0200,460000.000,2024-07-08 01:05:40.864
ETH,SELL,0.0200,460000.000,2024-07-08 01:05:40.864
ETH,SELL,1.0000,460000.000,2024-07-08 01:05:40.864
ETH,SELL,0.2000,460000.000,2024-07-08 01:05:40.864
ETH,SELL,0.0200,460000.000,2024-07-08 01:05:40.864
ETH,SELL,0.1000,460000.000,2024-07-08 01:05:40.864
ETH,SELL,0.0100,460000.000,2024-07-08 01:05:40.864
ETH,SELL,0.0200,460000.000,2024-07-08 01:05:40.864
ETH,SELL,3.4416,460000.000,2024-07-08 01:05:40.864
ETH,SELL,0.0200,460000.000,2024-07-08 01:05:41.382
ETH,SELL,0.4000,460000.000,2024-07-08 01:05:41.646
ETH,SELL,0.1384,460000.000,2024-07-08 01:05:42.234
ETH,SELL,0.0616,460000.000,2024-07-08 01:05:42.234
ETH,SELL,0.0384,460000.000,2024-07-08 01:05:42.712
ETH,SELL,0.0100,460000.000,2024-07-08 01:05:42.712
ETH,SELL,0.0100,460000.000,2024-07-08 01:05:42.712
ETH,SELL,0.0200,460000.000,2024-07-08 01:05:42.712
ETH,SELL,0.4000,460000.000,2024-07-08 01:05:42.712
ETH,SELL,0.1000,460000.000,2024-07-08 01:05:42.712
ETH,SELL,0.3936,460000.000,2024-07-08 01:05:42.712
ETH,SELL,0.0200,460000.000,2024-07-08 01:05:42.802
ETH,SELL,0.0864,460000.000,2024-07-08 01:05:42.882
ETH,SELL,0.0420,460000.000,2024-07-08 01:05:42.882
ETH,SELL,0.0100,460000.000,2024-07-08 01:05:42.882
ETH,SELL,0.0616,460000.000,2024-07-08 01:05:42.882
ETH,SELL,0.0884,460000.000,2024-07-08 01:05:42.893
ETH,SELL,0.2170,460000.000,2024-07-08 01:05:42.893
ETH,SELL,0.0300,460000.000,2024-07-08 01:05:42.893
ETH,SELL,0.0500,460000.000,2024-07-08 01:05:42.893
ETH,SELL,0.0100,460000.000,2024-07-08 01:05:42.893
ETH,SELL,0.1000,460000.000,2024-07-08 01:05:42.893
ETH,SELL,0.0046,460000.000,2024-07-08 01:05:42.893
ETH,SELL,0.0054,460000.000,2024-07-08 01:05:43.088
ETH,SELL,0.1946,460000.000,2024-07-08 01:05:43.088
ETH,SELL,0.1400,460000.000,2024-07-08 01:05:43.454
ETH,SELL,0.0100,460000.000,2024-07-08 01:05:43.538
ETH,SELL,0.0500,460000.000,2024-07-08 01:05:43.540
ETH,SELL,0.0354,460000.000,2024-07-08 01:05:43.542
ETH,SELL,0.4800,460000.000,2024-07-08 01:05:43.542
ETH,SELL,1.0000,460000.000,2024-07-08 01:05:43.542
ETH,SELL,0.0100,460000.000,2024-07-08 01:05:43.542
ETH,SELL,0.0100,460000.000,2024-07-08 01:05:43.542
ETH,SELL,0.4646,460000.000,2024-07-08 01:05:43.542
ETH,SELL,0.0300,460000.000,2024-07-08 01:05:43.603
ETH,SELL,0.5000,460000.000,2024-07-08 01:05:43.753
ETH,SELL,0.0054,460000.000,2024-07-08 01:05:44.316
ETH,SELL,0.0946,460000.000,2024-07-08 01:05:44.316
ETH,SELL,0.3200,460000.000,2024-07-08 01:05:44.317
ETH,SELL,0.1000,460000.000,2024-07-08 01:05:44.318
ETH,SELL,0.0200,460000.000,2024-07-08 01:05:44.319
ETH,SELL,0.0280,460000.000,2024-07-08 01:05:45.325
ETH,SELL,0.1000,460000.000,2024-07-08 01:05:45.600
ETH,SELL,0.0130,460000.000,2024-07-08 01:05:45.983
ETH,SELL,0.1000,460000.000,2024-07-08 01:05:46.079
ETH,SELL,0.0200,460000.000,2024-07-08 01:05:46.747
ETH,SELL,0.2000,460000.000,2024-07-08 01:05:47.470
ETH,SELL,0.0044,460000.000,2024-07-08 01:05:47.471
ETH,SELL,0.1000,460000.000,2024-07-08 01:05:47.471
ETH,SELL,0.0150,460000.000,2024-07-08 01:05:47.471
ETH,SELL,0.0467,460000.000,2024-07-08 01:05:47.471
ETH,SELL,0.1533,460000.000,2024-07-08 01:05:48.032
ETH,SELL,0.0100,460000.000,2024-07-08 01:05:48.032
ETH,SELL,0.1000,459875.000,2024-07-08 01:05:48.032
ETH,SELL,0.0100,459700.000,2024-07-08 01:05:48.032
ETH,SELL,0.0500,459690.000,2024-07-08 01:05:48.032
ETH,SELL,0.0100,459400.000,2024-07-08 01:05:48.032
ETH,SELL,0.0100,459100.000,2024-07-08 01:05:48.032
ETH,SELL,0.0066,459000.000,2024-07-08 01:05:48.032
ETH,SELL,0.0034,459000.000,2024-07-08 01:05:48.498
ETH,SELL,0.0100,458800.000,2024-07-08 01:05:48.498
ETH,SELL,0.0066,458501.000,2024-07-08 01:05:48.498
ETH,BUY,1.0000,458531.000,2024-07-08 01:05:51.562
ETH,BUY,0.0100,459100.000,2024-07-08 01:05:53.590
ETH,BUY,0.0900,459329.000,2024-07-08 01:05:53.590
ETH,BUY,0.0100,459400.000,2024-07-08 01:06:11.553
ETH,BUY,0.0100,459590.000,2024-07-08 01:06:11.556
ETH,BUY,0.0300,459590.000,2024-07-08 01:06:11.607
ETH,BUY,0.8700,459590.000,2024-07-08 01:06:12.813
ETH,BUY,0.0100,459700.000,2024-07-08 01:06:13.216
ETH,BUY,0.0100,459939.000,2024-07-08 01:06:15.627
ETH,BUY,0.0100,460000.000,2024-07-08 01:06:18.222
ETH,BUY,0.0100,460141.000,2024-07-08 01:06:19.024
ETH,BUY,0.3400,460140.000,2024-07-08 01:06:19.141
ETH,BUY,0.3200,460140.000,2024-07-08 01:06:19.224
ETH,BUY,0.3200,460256.000,2024-07-08 01:06:23.342
ETH,BUY,0.0100,460300.000,2024-07-08 01:06:23.342
ETH,BUY,0.0100,460600.000,2024-07-08 01:06:31.082
ETH,BUY,0.1700,460749.000,2024-07-08 01:06:31.082
ETH,BUY,0.3200,460750.000,2024-07-08 01:06:31.082
ETH,SELL,0.0100,460300.000,2024-07-08 01:06:39.319
ETH,SELL,0.0100,460000.000,2024-07-08 01:06:39.319
ETH,SELL,0.0800,459702.000,2024-07-08 01:06:39.319
ETH,BUY,1.0000,459795.000,2024-07-08 01:06:40.735
ETH,BUY,4.0000,459824.000,2024-07-08 01:06:40.735
ETH,BUY,0.0100,460300.000,2024-07-08 01:06:46.503
ETH,SELL,1.0000,460581.000,2024-07-08 01:06:59.257
ETH,BUY,0.1586,460435.000,2024-07-08 01:07:05.493
ETH,BUY,0.0414,460470.000,2024-07-08 01:07:05.493
ETH,BUY,0.0500,460268.000,2024-07-08 01:07:18.123
ETH,BUY,0.6800,460545.000,2024-07-08 01:07:22.416
ETH,SELL,0.0129,460001.000,2024-07-08 01:07:44.442
ETH,SELL,0.0100,460000.000,2024-07-08 01:07:48.232
ETH,SELL,0.0100,459700.000,2024-07-08 01:07:49.756
ETH,SELL,0.0100,459400.000,2024-07-08 01:07:49.756
ETH,SELL,0.0800,459389.000,2024-07-08 01:07:49.756
ETH,SELL,0.0100,459389.000,2024-07-08 01:07:49.935
ETH,SELL,0.0300,459389.000,2024-07-08 01:08:05.861
ETH,SELL,0.0100,459389.000,2024-07-08 01:08:07.142
ETH,SELL,0.0100,459100.000,2024-07-08 01:08:09.085
ETH,SELL,0.0100,458800.000,2024-07-08 01:08:11.430
ETH,SELL,0.1035,458510.000,2024-07-08 01:08:11.430
ETH,SELL,0.0100,458500.000,2024-07-08 01:08:22.415
ETH,SELL,0.0400,458500.000,2024-07-08 01:08:22.415
ETH,SELL,0.0040,458500.000,2024-07-08 01:08:23.334
ETH,SELL,0.0100,458290.000,2024-07-08 01:08:23.613
ETH,SELL,0.2500,458238.000,2024-07-08 01:08:23.613
ETH,SELL,0.0100,458200.000,2024-07-08 01:08:23.613
ETH,SELL,0.0300,458100.000,2024-07-08 01:08:23.613
ETH,SELL,0.3000,458100.000,2024-07-08 01:08:24.232
ETH,SELL,0.0131,458015.000,2024-07-08 01:08:25.240
ETH,SELL,0.0869,458000.000,2024-07-08 01:08:25.240
ETH,SELL,0.9131,458000.000,2024-07-08 01:08:25.338
ETH,SELL,0.0119,458000.000,2024-07-08 01:08:25.338
ETH,SELL,0.0011,458000.000,2024-07-08 01:08:27.665
ETH,SELL,0.1000,458000.000,2024-07-08 01:08:27.665
ETH,SELL,0.0100,458000.000,2024-07-08 01:08:27.665
ETH,SELL,0.1000,458000.000,2024-07-08 01:08:27.665
ETH,SELL,0.0100,458000.000,2024-07-08 01:08:27.665
ETH,SELL,0.0100,457900.000,2024-07-08 01:08:28.430
ETH,SELL,0.0100,457815.000,2024-07-08 01:08:29.074
ETH,BUY,0.0100,457967.000,2024-07-08 01:08:32.533
ETH,BUY,0.0700,458055.000,2024-07-08 01:08:40.886
ETH,BUY,1.0000,457860.000,2024-07-08 01:08:43.043
ETH,BUY,0.0500,458055.000,2024-07-08 01:08:43.542
ETH,BUY,0.0100,458200.000,2024-07-08 01:08:44.839
ETH,BUY,0.1900,458499.000,2024-07-08 01:08:44.839
ETH,BUY,0.3500,458490.000,2024-07-08 01:08:45.093
ETH,BUY,0.2000,458490.000,2024-07-08 01:08:45.413
ETH,BUY,0.0100,458500.000,2024-07-08 01:08:50.558
ETH,BUY,0.0100,458800.000,2024-07-08 01:08:52.927
ETH,BUY,0.2000,458738.000,2024-07-08 01:08:57.961
ETH,BUY,0.0190,458860.000,2024-07-08 01:09:17.407
ETH,BUY,0.1810,458995.000,2024-07-08 01:09:20.191
ETH,BUY,0.8190,458996.000,2024-07-08 01:09:20.191
ETH,SELL,0.0100,458627.000,2024-07-08 01:09:30.882
ETH,SELL,0.0300,458627.000,2024-07-08 01:09:31.172
ETH,SELL,0.0700,458627.000,2024-07-08 01:09:31.448
ETH,SELL,0.0100,458500.000,2024-07-08 01:09:31.448
ETH,SELL,0.1200,458203.000,2024-07-08 01:09:31.448
ETH,SELL,0.0300,458203.000,2024-07-08 01:09:31.450
ETH,SELL,0.0100,458200.000,2024-07-08 01:09:32.219
ETH,SELL,0.0127,458055.000,2024-07-08 01:09:32.219
ETH,SELL,0.0100,457900.000,2024-07-08 01:09:32.899
ETH,SELL,0.0100,457600.000,2024-07-08 01:09:32.899
ETH,SELL,0.0800,457560.000,2024-07-08 01:09:32.899
ETH,SELL,0.2352,457560.000,2024-07-08 01:09:38.001
ETH,SELL,0.0605,457560.000,2024-07-08 01:09:38.452
ETH,BUY,0.1810,457561.000,2024-07-08 01:09:41.775
ETH,BUY,0.0319,457563.000,2024-07-08 01:09:41.775
ETH,SELL,0.0603,457563.000,2024-07-08 01:09:43.916
ETH,SELL,0.0335,457563.000,2024-07-08 01:09:50.542
ETH,SELL,0.5733,457563.000,2024-07-08 01:09:50.628
ETH,SELL,0.0334,457560.000,2024-07-08 01:09:50.628
ETH,SELL,0.0909,457560.000,2024-07-08 01:09:51.171
ETH,SELL,0.0100,457300.000,2024-07-08 01:09:55.426
ETH,SELL,0.0040,457002.000,2024-07-08 01:09:55.426
ETH,SELL,0.2000,457006.000,2024-07-08 01:09:59.602
ETH,SELL,0.0116,457010.000,2024-07-08 01:10:03.668
ETH,SELL,0.0100,457000.000,2024-07-08 01:10:16.974
ETH,SELL,0.0200,457000.000,2024-07-08 01:10:16.974
ETH,SELL,0.0100,457000.000,2024-07-08 01:10:16.974
ETH,SELL,0.0500,457000.000,2024-07-08 01:10:16.974
ETH,SELL,0.0100,456700.000,2024-07-08 01:10:18.337
ETH,BUY,1.0000,456697.000,2024-07-08 01:10:21.854
ETH,BUY,0.9207,456726.000,2024-07-08 01:10:21.854
ETH,BUY,0.0793,456808.000,2024-07-08 01:10:21.854
ETH,SELL,0.7531,456401.000,2024-07-08 01:10:24.800
ETH,SELL,0.0100,456400.000,2024-07-08 01:10:24.800
ETH,SELL,0.0965,456105.000,2024-07-08 01:10:24.800
ETH,SELL,0.0100,456100.000,2024-07-08 01:10:24.800
ETH,SELL,0.0100,456000.000,2024-07-08 01:10:24.800
ETH,SELL,0.0130,456000.000,2024-07-08 01:10:24.800
ETH,SELL,0.0230,456000.000,2024-07-08 01:10:24.800
ETH,SELL,0.0658,456000.000,2024-07-08 01:10:24.800
ETH,SELL,0.1000,456000.000,2024-07-08 01:10:24.800
ETH,SELL,0.5000,456000.000,2024-07-08 01:10:24.800
ETH,SELL,0.2186,455998.000,2024-07-08 01:10:24.800
ETH,BUY,0.0100,456400.000,2024-07-08 01:10:28.374
ETH,BUY,0.0100,456700.000,2024-07-08 01:10:28.706
ETH,BUY,0.1900,456779.000,2024-07-08 01:10:28.706
ETH,BUY,0.2000,456775.000,2024-07-08 01:10:29.423
ETH,BUY,0.1000,456907.000,2024-07-08 01:10:29.423
ETH,BUY,0.0100,456915.000,2024-07-08 01:10:29.423
ETH,BUY,0.1740,456982.000,2024-07-08 01:10:29.423
ETH,SELL,0.0100,456404.000,2024-07-08 01:10:41.478
ETH,SELL,0.0300,456404.000,2024-07-08 01:10:42.721
ETH,SELL,0.0400,456404.000,2024-07-08 01:10:44.844
ETH,SELL,0.0100,456404.000,2024-07-08 01:10:45.448
ETH,SELL,0.0100,456400.000,2024-07-08 01:10:46.060
ETH,SELL,0.0900,456105.000,2024-07-08 01:10:46.060
ETH,SELL,0.1600,456105.000,2024-07-08 01:10:46.746
ETH,BUY,0.0800,456429.000,2024-07-08 01:10:46.818
ETH,BUY,0.1000,456429.000,2024-07-08 01:10:47.315
ETH,SELL,0.2000,456105.000,2024-07-08 01:10:47.512
ETH,BUY,0.0100,456170.000,2024-07-08 01:10:58.530
ETH,BUY,0.0300,456170.000,2024-07-08 01:10:59.171
ETH,SELL,0.5499,456105.000,2024-07-08 01:11:03.896
ETH,BUY,0.0200,456110.000,2024-07-08 01:11:07.836
ETH,SELL,0.0001,456105.000,2024-07-08 01:11:09.845
ETH,SELL,0.0100,456100.000,2024-07-08 01:11:09.845
ETH,SELL,0.1000,456000.000,2024-07-08 01:11:09.845
ETH,SELL,0.0667,456000.000,2024-07-08 01:11:09.845
ETH,SELL,0.0232,456000.000,2024-07-08 01:11:11.796
ETH,SELL,0.0100,456000.000,2024-07-08 01:11:12.122
ETH,SELL,0.0001,456000.000,2024-07-08 01:11:12.434
ETH,SELL,0.0100,455800.000,2024-07-08 01:11:12.434
ETH,SELL,0.0100,455700.000,2024-07-08 01:11:12.434
ETH,SELL,0.0200,455600.000,2024-07-08 01:11:12.434
ETH,SELL,0.0500,455569.000,2024-07-08 01:11:12.434
ETH,SELL,0.0100,455540.000,2024-07-08 01:11:12.434
ETH,SELL,0.0999,455500.000,2024-07-08 01:11:12.434
ETH,BUY,0.0100,455676.000,2024-07-08 01:11:26.670
ETH,BUY,0.5000,455676.000,2024-07-08 01:11:26.898
ETH,BUY,0.0100,456100.000,2024-07-08 01:11:35.044
ETH,BUY,0.0900,456257.000,2024-07-08 01:11:35.044
ETH,BUY,0.0100,456315.000,2024-07-08 01:11:37.867
ETH,BUY,0.0100,456400.000,2024-07-08 01:11:40.722
ETH,BUY,0.1900,456633.000,2024-07-08 01:11:40.722
ETH,BUY,0.0100,456700.000,2024-07-08 01:11:43.389
ETH,BUY,0.0900,456999.000,2024-07-08 01:11:43.389
ETH,BUY,0.0300,456998.000,2024-07-08 01:11:44.995
ETH,BUY,0.0100,457000.000,2024-07-08 01:11:44.995
ETH,BUY,0.0100,457300.000,2024-07-08 01:11:44.995
ETH,BUY,0.0500,457359.000,2024-07-08 01:11:44.995
ETH,BUY,0.0100,457417.000,2024-07-08 01:11:48.031
ETH,BUY,0.0300,457590.000,2024-07-08 01:11:49.170
ETH,BUY,0.1000,457354.000,2024-07-08 01:11:51.473
ETH,BUY,0.9000,457354.000,2024-07-08 01:11:52.302
ETH,BUY,0.0100,457600.000,2024-07-08 01:11:53.053
ETH,SELL,1.9600,457603.000,2024-07-08 01:11:54.032
ETH,SELL,1.0000,457357.000,2024-07-08 01:11:54.032
ETH,SELL,0.2000,457355.000,2024-07-08 01:11:54.032
ETH,SELL,0.1000,457353.000,2024-07-08 01:11:54.032
ETH,SELL,1.0000,457352.000,2024-07-08 01:11:54.032
ETH,SELL,0.0100,457300.000,2024-07-08 01:11:54.032
ETH,SELL,1.2781,457191.000,2024-07-08 01:11:54.032
ETH,SELL,0.7037,457184.000,2024-07-08 01:11:54.032
ETH,SELL,0.2813,457183.000,2024-07-08 01:11:54.032
ETH,SELL,0.0100,457000.000,2024-07-08 01:11:54.032
ETH,SELL,0.1000,456702.000,2024-07-08 01:11:54.032
ETH,SELL,0.0100,456700.000,2024-07-08 01:11:54.032
ETH,SELL,0.3269,456693.000,2024-07-08 01:11:54.032
ETH,BUY,0.5000,456924.000,2024-07-08 01:11:54.974
ETH,BUY,0.5000,456924.000,2024-07-08 01:11:55.440
ETH,BUY,0.0100,457000.000,2024-07-08 01:11:56.100
ETH,BUY,0.0100,457300.000,2024-07-08 01:11:56.100
ETH,BUY,0.0100,457600.000,2024-07-08 01:11:56.100
ETH,BUY,0.1200,457899.000,2024-07-08 01:11:56.100
ETH,BUY,0.1000,457823.000,2024-07-08 01:11:56.268
ETH,BUY,0.5000,457823.000,2024-07-08 01:11:56.291
ETH,BUY,0.4000,457823.000,2024-07-08 01:11:56.309
ETH,BUY,0.0974,457823.000,2024-07-08 01:11:56.498
ETH,BUY,0.4000,457823.000,2024-07-08 01:11:57.090
ETH,BUY,0.1000,457809.000,2024-07-08 01:12:01.414
ETH,BUY,0.7103,457809.000,2024-07-08 01:12:01.414
ETH,BUY,0.1800,457810.000,2024-07-08 01:12:01.414
ETH,BUY,0.0097,457813.000,2024-07-08 01:12:01.414
ETH,SELL,0.9000,457301.000,2024-07-08 01:12:04.112
ETH,SELL,0.0100,457300.000,2024-07-08 01:12:04.621
ETH,SELL,0.0100,457000.000,2024-07-08 01:12:04.621
ETH,SELL,0.1000,456701.000,2024-07-08 01:12:04.621
ETH,SELL,0.0100,456700.000,2024-07-08 01:12:04.621
ETH,SELL,0.0100,456400.000,2024-07-08 01:12:04.621
ETH,SELL,0.0600,456325.000,2024-07-08 01:12:04.621
ETH,BUY,1.0000,456444.000,2024-07-08 01:12:06.309
ETH,BUY,0.0100,456700.000,2024-07-08 01:12:06.309
ETH,BUY,0.0100,457000.000,2024-07-08 01:12:09.815
ETH,BUY,0.1000,457054.000,2024-07-08 01:12:09.960
ETH,BUY,0.2000,457054.000,2024-07-08 01:12:10.453
ETH,BUY,0.0100,457300.000,2024-07-08 01:12:12.774
ETH,BUY,0.0100,457600.000,2024-07-08 01:12:12.774
ETH,BUY,0.3172,457806.000,2024-07-08 01:12:12.774
ETH,BUY,0.1628,457807.000,2024-07-08 01:12:12.774
ETH,BUY,0.0100,457807.000,2024-07-08 01:12:12.777
ETH,BUY,0.4000,457807.000,2024-07-08 01:12:12.904
ETH,BUY,0.0400,457807.000,2024-07-08 01:12:13.125
ETH,BUY,0.0200,457807.000,2024-07-08 01:12:13.390
ETH,BUY,0.0400,457807.000,2024-07-08 01:12:13.391
ETH,BUY,0.1000,457808.000,2024-07-08 01:12:14.167
ETH,BUY,0.0100,457900.000,2024-07-08 01:12:14.253
ETH,BUY,0.0900,457967.000,2024-07-08 01:12:14.253
ETH,SELL,0.0100,457600.000,2024-07-08 01:12:14.992
ETH,SELL,0.1000,457301.000,2024-07-08 01:12:14.992
ETH,SELL,0.9400,457301.000,2024-07-08 01:12:14.992
ETH,SELL,0.0100,457300.000,2024-07-08 01:12:14.992
ETH,SELL,0.6555,457300.000,2024-07-08 01:12:14.992
ETH,SELL,0.1400,457130.000,2024-07-08 01:12:14.992
ETH,SELL,4.0000,457127.000,2024-07-08 01:12:14.992
ETH,SELL,0.1445,457069.000,2024-07-08 01:12:14.992
ETH,BUY,0.1000,457418.000,2024-07-08 01:12:18.773
ETH,BUY,0.0100,457600.000,2024-07-08 01:12:19.797
ETH,BUY,0.0872,457897.000,2024-07-08 01:12:19.797
ETH,BUY,0.0100,457900.000,2024-07-08 01:12:19.797
ETH,BUY,0.0928,457939.000,2024-07-08 01:12:19.797
ETH,BUY,0.0100,457939.000,2024-07-08 01:12:19.923
ETH,SELL,0.4000,457649.000,2024-07-08 01:12:35.037
ETH,SELL,0.2000,457630.000,2024-07-08 01:12:35.037
ETH,SELL,1.8000,457630.000,2024-07-08 01:12:35.037
ETH,SELL,1.0000,457630.000,2024-07-08 01:12:35.037
ETH,SELL,0.0100,457600.000,2024-07-08 01:12:35.037
ETH,SELL,1.0000,457568.000,2024-07-08 01:12:35.037
ETH,SELL,1.5900,457446.000,2024-07-08 01:12:35.037
ETH,BUY,0.2000,457866.000,2024-07-08 01:12:36.724
ETH,SELL,0.2000,457865.000,2024-07-08 01:12:47.990
ETH,SELL,0.8000,457529.000,2024-07-08 01:12:47.990
ETH,SELL,0.0110,457514.000,2024-07-08 01:12:51.263
ETH,BUY,0.4000,457516.000,2024-07-08 01:12:53.388
ETH,BUY,0.2000,457516.000,2024-07-08 01:12:53.504
ETH,BUY,0.1000,457516.000,2024-07-08 01:12:53.833
ETH,BUY,0.0200,457587.000,2024-07-08 01:12:54.421
ETH,BUY,0.1000,457587.000,2024-07-08 01:12:54.465
ETH,BUY,0.4000,457587.000,2024-07-08 01:12:54.465
ETH,BUY,0.1000,457587.000,2024-07-08 01:12:54.756
ETH,BUY,0.1000,457587.000,2024-07-08 01:12:56.174
ETH,BUY,0.2000,457587.000,2024-07-08 01:12:56.369
ETH,SELL,0.1000,457631.000,2024-07-08 01:12:58.402
ETH,SELL,0.3750,457631.000,2024-07-08 01:12:58.842
ETH,SELL,0.1000,457631.000,2024-07-08 01:12:58.916
ETH,BUY,0.0100,457894.000,2024-07-08 01:13:01.378
ETH,SELL,0.0247,457515.000,2024-07-08 01:13:04.436
ETH,BUY,0.4000,457546.000,2024-07-08 01:13:08.126
ETH,BUY,0.1200,457546.000,2024-07-08 01:13:08.226
ETH,BUY,0.0200,457546.000,2024-07-08 01:13:08.228
ETH,BUY,0.2000,457546.000,2024-07-08 01:13:08.403
ETH,BUY,0.0100,457546.000,2024-07-08 01:13:09.150
ETH,BUY,0.4000,457650.000,2024-07-08 01:13:09.365
ETH,BUY,0.1000,457650.000,2024-07-08 01:13:11.519
ETH,BUY,0.1000,457650.000,2024-07-08 01:13:11.937
ETH,BUY,0.0100,457900.000,2024-07-08 01:13:13.887
ETH,BUY,0.1900,458165.000,2024-07-08 01:13:13.887
ETH,SELL,0.1000,457650.000,2024-07-08 01:13:14.462
ETH,BUY,0.0200,457667.000,2024-07-08 01:13:18.229
ETH,BUY,0.4000,457667.000,2024-07-08 01:13:18.343
ETH,BUY,0.1960,457723.000,2024-07-08 01:13:18.443
ETH,BUY,0.3840,457723.000,2024-07-08 01:13:18.480
ETH,BUY,0.0100,458200.000,2024-07-08 01:13:18.480
ETH,BUY,0.0060,458269.000,2024-07-08 01:13:18.480
ETH,BUY,0.0200,458269.000,2024-07-08 01:13:18.549
ETH,BUY,0.0100,458273.000,2024-07-08 01:13:28.385
ETH,BUY,0.0100,458500.000,2024-07-08 01:13:28.385
ETH,BUY,0.2800,458509.000,2024-07-08 01:13:28.385
ETH,BUY,0.0100,458509.000,2024-07-08 01:13:28.450
ETH,BUY,0.1000,458249.000,2024-07-08 01:13:36.346
ETH,SELL,0.0100,458200.000,2024-07-08 01:13:54.396
ETH,SELL,0.0100,457900.000,2024-07-08 01:13:54.396
ETH,SELL,0.0799,457787.000,2024-07-08 01:13:54.396
ETH,BUY,0.1800,457788.000,2024-07-08 01:14:04.182
ETH,SELL,0.0293,457787.000,2024-07-08 01:14:04.950
ETH,SELL,0.0100,457600.000,2024-07-08 01:14:08.253
ETH,SELL,0.0100,457300.000,2024-07-08 01:14:08.253
ETH,SELL,0.0753,457006.000,2024-07-08 01:14:08.253
ETH,SELL,0.0500,457001.000,2024-07-08 01:14:08.253
ETH,SELL,0.0100,457000.000,2024-07-08 01:14:08.253
ETH,SELL,0.2000,456975.000,2024-07-08 01:14:08.253
ETH,SELL,0.1447,456971.000,2024-07-08 01:14:08.253
ETH,BUY,0.5001,456976.000,2024-07-08 01:14:09.685
ETH,BUY,0.1000,456976.000,2024-07-08 01:14:09.753
ETH,BUY,0.3540,456976.000,2024-07-08 01:14:10.075
ETH,BUY,0.0459,456976.000,2024-07-08 01:14:10.418
ETH,BUY,0.0100,457300.000,2024-07-08 01:14:10.418
ETH,BUY,0.0100,457600.000,2024-07-08 01:14:10.418
ETH,BUY,0.1341,457822.000,2024-07-08 01:14:10.418
ETH,SELL,0.0100,457000.000,2024-07-08 01:14:10.641
ETH,SELL,0.0100,456974.000,2024-07-08 01:14:10.641
ETH,BUY,0.1000,457821.000,2024-07-08 01:14:11.946
ETH,BUY,0.0811,457821.000,2024-07-08 01:14:11.948
ETH,BUY,0.4371,457523.000,2024-07-08 01:14:15.437
ETH,SELL,0.0627,457495.000,2024-07-08 01:14:20.532
ETH,SELL,0.2000,457495.000,2024-07-08 01:14:22.667
ETH,SELL,0.0242,457304.000,2024-07-08 01:14:25.944
ETH,SELL,0.0978,457327.000,2024-07-08 01:14:43.443
ETH,SELL,0.0100,457300.000,2024-07-08 01:14:53.412
ETH,SELL,0.0100,457038.000,2024-07-08 01:14:53.412
ETH,BUY,0.1000,457282.000,2024-07-08 01:14:57.928
ETH,BUY,0.4000,457282.000,2024-07-08 01:14:58.143
ETH,BUY,0.0999,457282.000,2024-07-08 01:14:58.625
ETH,BUY,0.3000,457282.000,2024-07-08 01:14:58.951
ETH,BUY,0.1001,457282.000,2024-07-08 01:14:59.606
ETH,BUY,0.0100,457595.000,2024-07-08 01:14:59.624
ETH,BUY,0.0100,457600.000,2024-07-08 01:14:59.624
ETH,BUY,0.0800,457736.000,2024-07-08 01:14:59.624
ETH,BUY,0.4000,457735.000,2024-07-08 01:15:00.490
ETH,BUY,0.0500,457793.000,2024-07-08 01:15:01.582
ETH,SELL,0.0100,457300.000,2024-07-08 01:15:01.916
ETH,SELL,0.0039,457290.000,2024-07-08 01:15:01.916
ETH,BUY,0.1200,457504.000,2024-07-08 01:15:05.117
ETH,SELL,0.0224,457322.000,2024-07-08 01:15:07.448
ETH,SELL,0.1999,457014.000,2024-07-08 01:15:12.979
ETH,SELL,0.0100,456700.000,2024-07-08 01:15:24.789
ETH,SELL,0.0900,456403.000,2024-07-08 01:15:24.789
ETH,SELL,0.0100,456400.000,2024-07-08 01:15:24.855
ETH,BUY,0.0380,456294.000,2024-07-08 01:15:26.890
ETH,BUY,0.0100,456513.000,2024-07-08 01:15:47.783
ETH,BUY,0.0100,456700.000,2024-07-08 01:15:50.491
ETH,BUY,0.2900,456816.000,2024-07-08 01:15:50.491
ETH,BUY,0.2000,456859.000,2024-07-08 01:15:51.604
ETH,BUY,0.0800,456855.000,2024-07-08 01:15:52.413
ETH,BUY,0.0200,456765.000,2024-07-08 01:15:56.119
ETH,SELL,0.0100,456400.000,2024-07-08 01:15:56.989
ETH,SELL,0.0900,456101.000,2024-07-08 01:15:56.989
ETH,BUY,0.1000,456503.000,2024-07-08 01:16:00.859
ETH,BUY,0.0395,456502.000,2024-07-08 01:16:03.783
ETH,BUY,0.2000,456502.000,2024-07-08 01:16:04.874
ETH,BUY,0.3845,456502.000,2024-07-08 01:16:04.932
ETH,BUY,0.3328,456503.000,2024-07-08 01:16:04.932
ETH,BUY,0.2827,456503.000,2024-07-08 01:16:05.996
ETH,SELL,0.0100,456315.000,2024-07-08 01:16:06.311
ETH,BUY,0.2000,456503.000,2024-07-08 01:16:06.313
ETH,BUY,0.2000,456503.000,2024-07-08 01:16:06.563
ETH,BUY,0.1000,456503.000,2024-07-08 01:16:06.651
ETH,BUY,0.1602,456562.000,2024-07-08 01:16:07.335
ETH,BUY,0.0398,456562.000,2024-07-08 01:16:08.280
ETH,BUY,0.1000,456669.000,2024-07-08 01:16:08.412
ETH,BUY,0.0100,456700.000,2024-07-08 01:16:09.951
ETH,BUY,0.0016,457000.000,2024-07-08 01:16:09.951
ETH,BUY,0.5000,456795.000,2024-07-08 01:16:22.240
ETH,BUY,0.0220,456797.000,2024-07-08 01:16:24.782
ETH,BUY,0.1000,456428.000,2024-07-08 01:16:32.491
ETH,SELL,0.3328,456427.000,2024-07-08 01:16:32.701
ETH,BUY,0.5300,456428.000,2024-07-08 01:16:32.914
ETH,BUY,0.0700,456692.000,2024-07-08 01:16:54.762
ETH,SELL,0.0100,456428.000,2024-07-08 01:17:04.860
ETH,SELL,0.0900,456428.000,2024-07-08 01:17:04.860
ETH,SELL,0.1000,456428.000,2024-07-08 01:17:05.083
ETH,SELL,0.1000,456428.000,2024-07-08 01:17:07.030
ETH,SELL,0.1000,456428.000,2024-07-08 01:17:07.176
ETH,BUY,0.0250,456430.000,2024-07-08 01:17:16.162
ETH,SELL,0.1100,456428.000,2024-07-08 01:17:20.092
ETH,SELL,0.0100,456400.000,2024-07-08 01:17:20.719
ETH,SELL,0.0200,456101.000,2024-07-08 01:17:27.856
ETH,SELL,0.0100,456100.000,2024-07-08 01:17:27.856
ETH,SELL,0.0100,455800.000,2024-07-08 01:17:28.914
ETH,SELL,0.0100,455526.000,2024-07-08 01:17:28.914
ETH,SELL,0.0100,455524.000,2024-07-08 01:17:32.262
ETH,SELL,0.1900,455500.000,2024-07-08 01:17:32.262
ETH,SELL,0.1924,455500.000,2024-07-08 01:17:33.160
ETH,SELL,0.0177,455500.000,2024-07-08 01:17:33.656
ETH,SELL,0.0100,455500.000,2024-07-08 01:17:33.656
ETH,SELL,0.2207,455202.000,2024-07-08 01:17:33.656
ETH,SELL,0.0100,455200.000,2024-07-08 01:17:33.656
ETH,SELL,0.0200,455116.000,2024-07-08 01:17:33.656
ETH,SELL,0.0200,455100.000,2024-07-08 01:17:33.656
ETH,SELL,0.0015,455001.000,2024-07-08 01:17:33.656
ETH,SELL,0.0145,455001.000,2024-07-08 01:17:37.522
ETH,SELL,0.0140,455001.000,2024-07-08 01:17:44.506
ETH,BUY,0.0627,455008.000,2024-07-08 01:17:45.522
ETH,BUY,0.1373,455009.000,2024-07-08 01:17:45.522
ETH,BUY,0.0253,455009.000,2024-07-08 01:17:45.677
ETH,BUY,0.2048,455068.000,2024-07-08 01:17:45.677
ETH,BUY,0.1699,455098.000,2024-07-08 01:17:45.677
ETH,BUY,1.0000,455266.000,2024-07-08 01:17:47.281
ETH,BUY,0.0500,455266.000,2024-07-08 01:17:47.481
ETH,SELL,0.0125,455005.000,2024-07-08 01:17:49.932
ETH,SELL,0.1000,455000.000,2024-07-08 01:18:01.170
ETH,BUY,0.4000,455001.000,2024-07-08 01:18:04.618
ETH,BUY,0.6000,455001.000,2024-07-08 01:18:05.023
ETH,BUY,0.4000,455173.000,2024-07-08 01:18:05.023
ETH,BUY,0.2000,455241.000,2024-07-08 01:18:06.941
ETH,BUY,0.0100,455500.000,2024-07-08 01:18:07.405
ETH,SELL,0.0100,455200.000,2024-07-08 01:18:07.981
ETH,SELL,0.0027,455021.000,2024-07-08 01:18:07.981
ETH,BUY,0.0100,455500.000,2024-07-08 01:18:09.262
ETH,BUY,0.0900,455711.000,2024-07-08 01:18:09.262
ETH,SELL,0.0117,455435.000,2024-07-08 01:18:16.486
ETH,BUY,1.0000,455436.000,2024-07-08 01:18:17.560
ETH,SELL,0.1000,455445.000,2024-07-08 01:18:23.465
ETH,BUY,0.1200,455594.000,2024-07-08 01:18:26.036
ETH,BUY,0.1000,455594.000,2024-07-08 01:18:26.197
ETH,BUY,0.1000,455594.000,2024-07-08 01:18:26.605
ETH,BUY,0.2600,455619.000,2024-07-08 01:18:32.029
ETH,BUY,0.4000,455713.000,2024-07-08 01:18:39.434
ETH,BUY,0.2000,455713.000,2024-07-08 01:18:39.619
ETH,BUY,0.2000,455713.000,2024-07-08 01:18:40.594
ETH,BUY,0.0100,455713.000,2024-07-08 01:18:41.412
ETH,SELL,0.3750,455712.000,2024-07-08 01:18:41.542
ETH,SELL,0.0171,455714.000,2024-07-08 01:18:46.923
ETH,BUY,0.0100,455800.000,2024-07-08 01:19:06.884
ETH,BUY,0.0100,456100.000,2024-07-08 01:19:06.884
ETH,BUY,0.9800,456160.000,2024-07-08 01:19:06.884
ETH,SELL,0.0238,455809.000,2024-07-08 01:19:20.988
ETH,BUY,0.0200,455814.000,2024-07-08 01:19:41.992
ETH,SELL,0.0100,455800.000,2024-07-08 01:19:45.945
ETH,SELL,0.0100,455547.000,2024-07-08 01:19:45.945
ETH,SELL,0.0350,455547.000,2024-07-08 01:19:46.127
ETH,SELL,0.0100,455550.000,2024-07-08 01:19:51.509
ETH,BUY,0.9800,455738.000,2024-07-08 01:19:57.987
ETH,BUY,0.0100,456100.000,2024-07-08 01:20:05.576
ETH,BUY,0.1900,456344.000,2024-07-08 01:20:05.576
ETH,BUY,0.2000,456099.000,2024-07-08 01:20:06.077
ETH,BUY,0.1000,456099.000,2024-07-08 01:20:06.152
ETH,BUY,0.1000,456399.000,2024-07-08 01:20:08.349
ETH,BUY,0.0100,456400.000,2024-07-08 01:20:08.663
ETH,BUY,0.0100,456700.000,2024-07-08 01:20:09.059
ETH,BUY,0.0900,456583.000,2024-07-08 01:20:10.213
ETH,BUY,0.0900,456583.000,2024-07-08 01:20:10.601
ETH,BUY,0.0996,456583.000,2024-07-08 01:20:10.759
ETH,BUY,0.2000,456672.000,2024-07-08 01:20:15.740
ETH,BUY,0.0084,457000.000,2024-07-08 01:20:16.489
ETH,BUY,0.2034,457051.000,2024-07-08 01:20:16.489
ETH,BUY,0.0750,457145.000,2024-07-08 01:20:16.489
ETH,BUY,0.7132,457149.000,2024-07-08 01:20:16.489
ETH,BUY,0.0100,457300.000,2024-07-08 01:20:16.568
ETH,BUY,0.1000,457300.000,2024-07-08 01:20:16.694
ETH,BUY,0.2000,457291.000,2024-07-08 01:20:17.798
ETH,BUY,0.1000,456727.000,2024-07-08 01:20:27.684
ETH,SELL,0.0100,456700.000,2024-07-08 01:20:34.624
ETH,SELL,0.0100,456400.000,2024-07-08 01:20:34.990
ETH,SELL,0.0900,456189.000,2024-07-08 01:20:34.990
ETH,SELL,0.0100,456100.000,2024-07-08 01:20:35.624
ETH,SELL,0.4314,456041.000,2024-07-08 01:20:35.624
ETH,SELL,0.5000,456040.000,2024-07-08 01:20:36.629
ETH,BUY,0.0300,456080.000,2024-07-08 01:20:46.891
ETH,SELL,0.0100,455800.000,2024-07-08 01:20:51.794
ETH,SELL,0.0100,455655.000,2024-07-08 01:20:52.760
ETH,SELL,0.0100,455500.000,2024-07-08 01:20:52.760
ETH,SELL,0.0112,455500.000,2024-07-08 01:20:52.760
ETH,SELL,0.0100,455200.000,2024-07-08 01:20:52.760
ETH,SELL,0.1587,455157.000,2024-07-08 01:20:52.760
ETH,SELL,0.1999,455002.000,2024-07-08 01:21:34.628
ETH,SELL,0.2530,455000.000,2024-07-08 01:21:50.239
ETH,SELL,0.0100,455000.000,2024-07-08 01:21:50.239
ETH,SELL,0.0110,455000.000,2024-07-08 01:21:50.239
ETH,SELL,0.1000,455000.000,2024-07-08 01:21:50.239
ETH,SELL,0.0100,455000.000,2024-07-08 01:21:50.239
ETH,SELL,0.0200,455000.000,2024-07-08 01:21:50.239
ETH,SELL,0.1000,455000.000,2024-07-08 01:21:50.239
ETH,SELL,0.1000,455000.000,2024-07-08 01:21:50.239
ETH,SELL,0.5000,455000.000,2024-07-08 01:21:50.239
ETH,SELL,0.0670,455000.000,2024-07-08 01:21:50.239
ETH,SELL,0.1000,455000.000,2024-07-08 01:21:50.239
ETH,SELL,0.0300,455000.000,2024-07-08 01:21:50.239
ETH,SELL,0.1000,455000.000,2024-07-08 01:21:50.239
ETH,SELL,0.2591,455000.000,2024-07-08 01:21:50.239
ETH,SELL,0.0074,455000.000,2024-07-08 01:21:50.391
ETH,SELL,0.0100,455000.000,2024-07-08 01:21:50.391
ETH,SELL,1.0000,455000.000,2024-07-08 01:21:50.391
ETH,SELL,0.4451,455000.000,2024-07-08 01:21:50.391
ETH,SELL,0.0549,455000.000,2024-07-08 01:21:50.653
ETH,SELL,0.0251,455000.000,2024-07-08 01:21:50.653
ETH,SELL,0.0749,455000.000,2024-07-08 01:21:50.655
ETH,SELL,0.0100,455000.000,2024-07-08 01:21:50.655
ETH,SELL,0.0100,455000.000,2024-07-08 01:21:50.655
ETH,SELL,0.0051,455000.000,2024-07-08 01:21:50.655
ETH,SELL,0.0049,455000.000,2024-07-08 01:21:50.926
ETH,SELL,0.0109,455000.000,2024-07-08 01:21:50.926
ETH,SELL,0.0091,455000.000,2024-07-08 01:21:52.321
ETH,SELL,0.0500,455000.000,2024-07-08 01:21:52.321
ETH,SELL,0.0100,455000.000,2024-07-08 01:21:52.321
ETH,SELL,0.0100,455000.000,2024-07-08 01:21:52.321
ETH,SELL,0.0100,454900.000,2024-07-08 01:21:52.321
ETH,SELL,0.0109,454623.000,2024-07-08 01:21:52.321
ETH,SELL,0.0191,454623.000,2024-07-08 01:21:52.484
ETH,SELL,0.0809,454600.000,2024-07-08 01:21:52.484
ETH,SELL,0.9191,454600.000,2024-07-08 01:21:58.746
ETH,SELL,0.0100,454600.000,2024-07-08 01:21:58.746
ETH,BUY,0.0799,454600.000,2024-07-08 01:22:04.705
ETH,BUY,1.9700,454600.000,2024-07-08 01:22:04.833
ETH,BUY,0.5579,454600.000,2024-07-08 01:22:04.834
ETH,BUY,0.1000,454600.000,2024-07-08 01:22:05.118
ETH,BUY,1.8631,454600.000,2024-07-08 01:22:05.191
ETH,BUY,0.1100,454665.000,2024-07-08 01:22:08.069
ETH,BUY,0.5000,454669.000,2024-07-08 01:22:10.513
ETH,BUY,0.0219,454383.000,2024-07-08 01:22:21.693
ETH,BUY,0.0100,454383.000,2024-07-08 01:22:23.429
ETH,BUY,0.0100,454455.000,2024-07-08 01:22:24.633
ETH,BUY,0.0938,454631.000,2024-07-08 01:22:37.126
ETH,BUY,0.0062,454688.000,2024-07-08 01:22:37.126
ETH,BUY,0.0219,454388.000,2024-07-08 01:22:41.760
ETH,BUY,0.0219,454626.000,2024-07-08 01:22:51.504
ETH,BUY,0.0100,454900.000,2024-07-08 01:22:59.657
ETH,BUY,0.0100,454956.000,2024-07-08 01:22:59.657
ETH,BUY,0.0219,454961.000,2024-07-08 01:23:11.531
ETH,BUY,0.1549,454961.000,2024-07-08 01:23:20.054
ETH,BUY,0.8451,454963.000,2024-07-08 01:23:20.054
ETH,BUY,0.0219,454897.000,2024-07-08 01:23:21.628
ETH,BUY,0.1063,454935.000,2024-07-08 01:23:23.531
ETH,BUY,0.1200,454935.000,2024-07-08 01:23:25.115
ETH,BUY,0.1000,454935.000,2024-07-08 01:23:25.117
ETH,BUY,0.5000,454935.000,2024-07-08 01:23:25.434
ETH,BUY,0.0937,454935.000,2024-07-08 01:23:25.616
ETH,BUY,0.0475,454935.000,2024-07-08 01:23:25.832
ETH,BUY,0.0300,454935.000,2024-07-08 01:23:26.594
ETH,BUY,0.0025,454935.000,2024-07-08 01:23:26.596
ETH,BUY,0.0475,455000.000,2024-07-08 01:23:26.596
ETH,BUY,0.9525,455000.000,2024-07-08 01:23:26.815
ETH,BUY,3.6000,455000.000,2024-07-08 01:23:27.013
ETH,BUY,0.0100,455200.000,2024-07-08 01:23:28.142
ETH,BUY,0.0900,455483.000,2024-07-08 01:23:28.142
ETH,BUY,0.2000,455483.000,2024-07-08 01:23:28.220
ETH,BUY,0.0100,455500.000,2024-07-08 01:23:29.672
ETH,BUY,0.0900,455565.000,2024-07-08 01:23:29.672
ETH,BUY,0.1655,455565.000,2024-07-08 01:23:31.744
ETH,BUY,0.2000,455742.000,2024-07-08 01:23:41.086
ETH,BUY,0.1000,455742.000,2024-07-08 01:23:41.262
ETH,BUY,1.0000,455794.000,2024-07-08 01:23:51.239
ETH,BUY,0.0100,455800.000,2024-07-08 01:23:51.239
ETH,BUY,0.0100,456100.000,2024-07-08 01:23:51.239
ETH,BUY,0.0200,456304.000,2024-07-08 01:23:51.239
ETH,BUY,0.0200,456303.000,2024-07-08 01:23:51.482
ETH,BUY,0.0400,456044.000,2024-07-08 01:23:58.329
ETH,SELL,0.0250,456000.000,2024-07-08 01:24:47.243
ETH,SELL,0.0100,455800.000,2024-07-08 01:24:55.406
ETH,SELL,0.0200,455800.000,2024-07-08 01:24:55.406
ETH,SELL,0.0100,455500.000,2024-07-08 01:25:03.757
ETH,SELL,0.0100,455200.000,2024-07-08 01:25:08.985
ETH,BUY,0.0220,455382.000,2024-07-08 01:25:45.738
ETH,BUY,0.0200,455268.000,2024-07-08 01:25:56.063
ETH,BUY,0.0100,455264.000,2024-07-08 01:26:05.838
ETH,SELL,0.1999,455048.000,2024-07-08 01:26:11.152
ETH,SELL,0.0250,455000.000,2024-07-08 01:26:13.179
ETH,SELL,0.0750,454901.000,2024-07-08 01:26:13.179
ETH,SELL,0.0600,454927.000,2024-07-08 01:26:24.966
ETH,SELL,0.0100,454900.000,2024-07-08 01:26:24.966
ETH,SELL,0.0200,454900.000,2024-07-08 01:26:24.966
