symbol,side,size,price,timestamp
BTC,BUY,0.0010,9226850.000,2024-07-07 21:00:26.147
BTC,BUY,0.0001,9226880.000,2024-07-07 21:00:48.107
BTC,SELL,0.0006,9226700.000,2024-07-07 21:01:38.933
BTC,SELL,0.0005,9223513.000,2024-07-07 21:01:38.933
BTC,SELL,0.0002,9223513.000,2024-07-07 21:01:38.933
BTC,SELL,0.0001,9223513.000,2024-07-07 21:01:38.933
BTC,SELL,0.0050,9220622.000,2024-07-07 21:01:38.933
BTC,SELL,0.0136,9220112.000,2024-07-07 21:01:38.933
BTC,SELL,0.0001,9220112.000,2024-07-07 21:03:40.484
BTC,SELL,0.0001,9220000.000,2024-07-07 21:03:43.220
BTC,BUY,0.0021,9220089.000,2024-07-07 21:04:26.908
BTC,SELL,0.0003,9212161.000,2024-07-07 21:05:30.404
BTC,BUY,0.0140,9212162.000,2024-07-07 21:05:53.386
BTC,BUY,0.0005,9212162.000,2024-07-07 21:06:34.419
BTC,SELL,0.0004,9212161.000,2024-07-07 21:06:52.794
BTC,SELL,0.0093,9212161.000,2024-07-07 21:06:53.333
BTC,SELL,0.0001,9209000.000,2024-07-07 21:06:53.333
BTC,SELL,0.0006,9208189.000,2024-07-07 21:06:53.333
BTC,SELL,0.0041,9208189.000,2024-07-07 21:07:09.635
BTC,SELL,0.0001,9207881.000,2024-07-07 21:07:13.481
BTC,SELL,0.0100,9207673.000,2024-07-07 21:07:14.366
BTC,SELL,0.0001,9200000.000,2024-07-07 21:07:54.014
BTC,SELL,0.0099,9200000.000,2024-07-07 21:07:54.014
BTC,SELL,0.0001,9200000.000,2024-07-07 21:08:29.194
BTC,SELL,0.0004,9193128.000,2024-07-07 21:08:32.435
BTC,BUY,0.0005,9191109.000,2024-07-07 21:08:59.577
BTC,BUY,0.0042,9191109.000,2024-07-07 21:09:03.039
BTC,BUY,0.0058,9191109.000,2024-07-07 21:09:03.039
BTC,BUY,0.0042,9191109.000,2024-07-07 21:09:45.221
BTC,BUY,0.0008,9194440.000,2024-07-07 21:09:45.221
BTC,SELL,0.0050,9186565.000,2024-07-07 21:10:19.285
BTC,SELL,0.0060,9186565.000,2024-07-07 21:10:19.344
BTC,SELL,0.0001,9182000.000,2024-07-07 21:10:20.054
BTC,SELL,0.0199,9180002.000,2024-07-07 21:10:20.054
BTC,BUY,0.0010,9180130.000,2024-07-07 21:10:27.924
BTC,SELL,0.0002,9180000.000,2024-07-07 21:10:41.025
BTC,SELL,0.0001,9180000.000,2024-07-07 21:10:43.811
BTC,SELL,0.0010,9171145.000,2024-07-07 21:11:20.699
BTC,BUY,0.0010,9171650.000,2024-07-07 21:11:23.185
BTC,SELL,0.0003,9170000.000,2024-07-07 21:11:41.275
BTC,SELL,0.0050,9170000.000,2024-07-07 21:11:41.275
BTC,SELL,0.0001,9168378.000,2024-07-07 21:11:41.275
BTC,BUY,0.0002,9169499.000,2024-07-07 21:11:50.098
BTC,BUY,0.0002,9169400.000,2024-07-07 21:11:51.662
BTC,SELL,0.0100,9160994.000,2024-07-07 21:12:18.103
BTC,SELL,0.0026,9160994.000,2024-07-07 21:12:18.465
BTC,SELL,0.0200,9160994.000,2024-07-07 21:12:18.618
BTC,SELL,0.0200,9160994.000,2024-07-07 21:12:18.655
BTC,SELL,0.0100,9160994.000,2024-07-07 21:12:18.867
BTC,SELL,0.0001,9160975.000,2024-07-07 21:12:19.267
BTC,SELL,0.0003,9160000.000,2024-07-07 21:12:19.267
BTC,SELL,0.0001,9157185.000,2024-07-07 21:12:19.267
BTC,SELL,0.0001,9155119.000,2024-07-07 21:12:19.267
BTC,SELL,0.0194,9152635.000,2024-07-07 21:12:19.267
BTC,SELL,0.0096,9153909.000,2024-07-07 21:12:22.481
BTC,SELL,0.0002,9156808.000,2024-07-07 21:12:42.277
BTC,BUY,0.0349,9157300.000,2024-07-07 21:13:06.825
BTC,BUY,0.1000,9157650.000,2024-07-07 21:13:25.825
BTC,BUY,0.1000,9157650.000,2024-07-07 21:13:25.825
BTC,BUY,0.1000,9157600.000,2024-07-07 21:13:27.567
BTC,BUY,0.1000,9157600.000,2024-07-07 21:13:27.567
BTC,BUY,0.0099,9157650.000,2024-07-07 21:13:31.164
BTC,BUY,0.1000,9157800.000,2024-07-07 21:13:31.164
BTC,BUY,0.0901,9157800.000,2024-07-07 21:13:31.164
BTC,BUY,0.0099,9157800.000,2024-07-07 21:13:44.832
BTC,BUY,0.0200,9157800.000,2024-07-07 21:13:44.832
BTC,BUY,0.0231,9157800.000,2024-07-07 21:13:44.832
BTC,BUY,0.0200,9157800.000,2024-07-07 21:13:44.832
BTC,BUY,0.0300,9157823.000,2024-07-07 21:13:44.832
BTC,BUY,0.0125,9159200.000,2024-07-07 21:13:44.832
BTC,BUY,0.0700,9159273.000,2024-07-07 21:13:44.832
BTC,BUY,0.0075,9159275.000,2024-07-07 21:13:44.832
BTC,BUY,0.0700,9159199.000,2024-07-07 21:13:45.944
BTC,BUY,0.0125,9159275.000,2024-07-07 21:13:45.944
BTC,BUY,0.0400,9166837.000,2024-07-07 21:13:45.944
BTC,BUY,0.0100,9167410.000,2024-07-07 21:13:45.944
BTC,BUY,0.0400,9167860.000,2024-07-07 21:13:45.944
BTC,BUY,0.0010,9167940.000,2024-07-07 21:13:45.944
BTC,BUY,0.0065,9168302.000,2024-07-07 21:13:45.944
BTC,SELL,0.0002,9163799.000,2024-07-07 21:13:54.803
BTC,BUY,0.0700,9163799.000,2024-07-07 21:13:56.943
BTC,BUY,0.0100,9163800.000,2024-07-07 21:13:56.943
BTC,BUY,0.0100,9163800.000,2024-07-07 21:13:56.943
BTC,BUY,0.0400,9163863.000,2024-07-07 21:13:56.943
BTC,BUY,0.0125,9168960.000,2024-07-07 21:13:56.943
BTC,BUY,0.0500,9168990.000,2024-07-07 21:13:56.943
BTC,BUY,0.0075,9169530.000,2024-07-07 21:13:56.943
BTC,BUY,0.0035,9163800.000,2024-07-07 21:13:57.959
BTC,BUY,0.0065,9163800.000,2024-07-07 21:13:58.084
BTC,BUY,0.0045,9169529.000,2024-07-07 21:13:58.084
BTC,BUY,0.0100,9169500.000,2024-07-07 21:13:58.217
BTC,BUY,0.0010,9169529.000,2024-07-07 21:13:58.217
BTC,BUY,0.0110,9169529.000,2024-07-07 21:13:58.350
BTC,SELL,0.0002,9163799.000,2024-07-07 21:13:59.197
BTC,BUY,0.0010,9169000.000,2024-07-07 21:14:00.525
BTC,BUY,0.0393,9168808.000,2024-07-07 21:14:11.134
BTC,BUY,0.0024,9170060.000,2024-07-07 21:14:11.134
BTC,SELL,0.0002,9170049.000,2024-07-07 21:14:19.908
BTC,SELL,0.0002,9165000.000,2024-07-07 21:14:38.499
BTC,SELL,0.0098,9155681.000,2024-07-07 21:14:38.499
BTC,SELL,0.0002,9155000.000,2024-07-07 21:14:48.708
BTC,SELL,0.0057,9154001.000,2024-07-07 21:14:48.708
BTC,SELL,0.0041,9154000.000,2024-07-07 21:14:48.708
BTC,SELL,0.0029,9154000.000,2024-07-07 21:14:49.686
BTC,SELL,0.0001,9152634.000,2024-07-07 21:14:50.144
BTC,SELL,0.0099,9151688.000,2024-07-07 21:14:50.144
BTC,SELL,0.0100,9150314.000,2024-07-07 21:14:50.919
BTC,SELL,0.0100,9150002.000,2024-07-07 21:14:50.919
BTC,SELL,0.0003,9150000.000,2024-07-07 21:14:51.749
BTC,SELL,0.0002,9150000.000,2024-07-07 21:14:51.749
BTC,SELL,0.0001,9150000.000,2024-07-07 21:14:51.749
BTC,SELL,0.0005,9150000.000,2024-07-07 21:14:51.749
BTC,SELL,0.0089,9146860.000,2024-07-07 21:14:51.749
BTC,SELL,0.0001,9146859.000,2024-07-07 21:14:52.372
BTC,SELL,0.0011,9145166.000,2024-07-07 21:14:52.372
BTC,SELL,0.0188,9141945.000,2024-07-07 21:14:52.372
BTC,SELL,0.0100,9143754.000,2024-07-07 21:14:57.099
BTC,SELL,0.0100,9142176.000,2024-07-07 21:14:57.099
BTC,SELL,0.0001,9140723.000,2024-07-07 21:15:00.525
BTC,SELL,0.0003,9140000.000,2024-07-07 21:15:00.525
BTC,SELL,0.0055,9137520.000,2024-07-07 21:15:00.525
BTC,SELL,0.0141,9137508.000,2024-07-07 21:15:00.525
BTC,BUY,0.2000,9141440.000,2024-07-07 21:15:04.013
BTC,BUY,0.1000,9141970.000,2024-07-07 21:15:04.536
BTC,BUY,0.1000,9142500.000,2024-07-07 21:15:04.536
BTC,BUY,0.2000,9142500.000,2024-07-07 21:15:04.679
BTC,BUY,0.2000,9144090.000,2024-07-07 21:15:06.579
BTC,BUY,0.2000,9144090.000,2024-07-07 21:15:06.682
BTC,BUY,0.2000,9144620.000,2024-07-07 21:15:07.571
BTC,BUY,0.2000,9144620.000,2024-07-07 21:15:07.707
BTC,BUY,0.0811,9144620.000,2024-07-07 21:15:07.818
BTC,SELL,0.0002,9149389.000,2024-07-07 21:15:31.630
BTC,BUY,0.2000,9150450.000,2024-07-07 21:15:33.610
BTC,BUY,0.2000,9150450.000,2024-07-07 21:15:33.692
BTC,BUY,0.2000,9150450.000,2024-07-07 21:15:33.786
BTC,BUY,0.1620,9151510.000,2024-07-07 21:15:34.190
BTC,BUY,0.1620,9151510.000,2024-07-07 21:15:34.319
BTC,BUY,0.0100,9152040.000,2024-07-07 21:15:37.677
BTC,BUY,0.0018,9154690.000,2024-07-07 21:15:44.298
BTC,SELL,0.0063,9156279.000,2024-07-07 21:15:51.034
BTC,SELL,0.0037,9153293.000,2024-07-07 21:15:51.034
BTC,SELL,0.0100,9153293.000,2024-07-07 21:15:51.569
BTC,BUY,0.2000,9154160.000,2024-07-07 21:15:57.448
BTC,BUY,0.2000,9154160.000,2024-07-07 21:15:57.553
BTC,BUY,0.1516,9154160.000,2024-07-07 21:15:57.669
BTC,BUY,0.0100,9154690.000,2024-07-07 21:15:59.224
BTC,SELL,0.0200,9146348.000,2024-07-07 21:16:01.317
BTC,SELL,0.0200,9146348.000,2024-07-07 21:16:01.776
BTC,BUY,0.0125,9147760.000,2024-07-07 21:16:12.948
BTC,BUY,0.0700,9147798.000,2024-07-07 21:16:12.948
BTC,BUY,0.1165,9147800.000,2024-07-07 21:16:12.948
BTC,BUY,0.1990,9147800.000,2024-07-07 21:16:13.084
BTC,SELL,0.0002,9145000.000,2024-07-07 21:16:13.721
BTC,SELL,0.0002,9145000.000,2024-07-07 21:16:13.848
BTC,BUY,0.2000,9145680.000,2024-07-07 21:16:16.547
BTC,BUY,0.2000,9145680.000,2024-07-07 21:16:16.669
BTC,SELL,0.0200,9145000.000,2024-07-07 21:16:17.527
BTC,SELL,0.0200,9145000.000,2024-07-07 21:16:18.073
BTC,SELL,0.0200,9145000.000,2024-07-07 21:16:19.672
BTC,SELL,0.0200,9145000.000,2024-07-07 21:16:20.241
BTC,SELL,0.0198,9145000.000,2024-07-07 21:16:21.858
BTC,SELL,0.0002,9140308.000,2024-07-07 21:16:21.858
BTC,SELL,0.0200,9140309.000,2024-07-07 21:16:22.377
BTC,BUY,0.0100,9145001.000,2024-07-07 21:16:25.595
BTC,BUY,0.1101,9145150.000,2024-07-07 21:16:25.595
BTC,BUY,0.2000,9146210.000,2024-07-07 21:16:27.657
BTC,BUY,0.2000,9146210.000,2024-07-07 21:16:27.746
BTC,BUY,0.0232,9148324.000,2024-07-07 21:16:28.287
BTC,BUY,0.0137,9148327.000,2024-07-07 21:16:28.287
BTC,BUY,0.1355,9148860.000,2024-07-07 21:16:28.287
BTC,BUY,0.0125,9149360.000,2024-07-07 21:16:45.765
BTC,BUY,0.0485,9150450.000,2024-07-07 21:16:45.765
BTC,BUY,0.0175,9150449.000,2024-07-07 21:16:46.810
BTC,BUY,0.0003,9151670.000,2024-07-07 21:16:46.810
BTC,BUY,0.0400,9153567.000,2024-07-07 21:16:46.810
BTC,BUY,0.0300,9154690.000,2024-07-07 21:16:46.810
BTC,BUY,0.0050,9155220.000,2024-07-07 21:16:46.810
BTC,BUY,0.0539,9155750.000,2024-07-07 21:16:46.810
BTC,BUY,0.0003,9156280.000,2024-07-07 21:16:47.051
BTC,BUY,0.0003,9157451.000,2024-07-07 21:16:50.430
BTC,BUY,0.0032,9155940.000,2024-07-07 21:16:54.612
BTC,BUY,0.0068,9158320.000,2024-07-07 21:16:54.612
BTC,BUY,0.0100,9152259.000,2024-07-07 21:16:55.319
BTC,BUY,0.0100,9155940.000,2024-07-07 21:16:55.319
BTC,BUY,0.0054,9158320.000,2024-07-07 21:16:55.319
BTC,SELL,0.0200,9138200.000,2024-07-07 21:16:58.241
BTC,SELL,0.0010,9138240.000,2024-07-07 21:17:00.123
BTC,SELL,0.0100,9136976.000,2024-07-07 21:17:00.381
BTC,SELL,0.0075,9136976.000,2024-07-07 21:17:00.804
BTC,SELL,0.0025,9136640.000,2024-07-07 21:17:00.804
BTC,BUY,0.0001,9141440.000,2024-07-07 21:18:17.318
BTC,SELL,0.0006,9137360.000,2024-07-07 21:18:58.074
BTC,SELL,0.0024,9136720.000,2024-07-07 21:19:14.774
BTC,SELL,0.0003,9136720.000,2024-07-07 21:19:28.056
BTC,SELL,0.0041,9136640.000,2024-07-07 21:19:28.531
BTC,SELL,0.0050,9136640.000,2024-07-07 21:19:29.254
BTC,SELL,0.0124,9136640.000,2024-07-07 21:19:29.618
BTC,SELL,0.0050,9136640.000,2024-07-07 21:19:29.775
BTC,SELL,0.0050,9136640.000,2024-07-07 21:19:30.255
BTC,SELL,0.0050,9136640.000,2024-07-07 21:19:31.267
BTC,SELL,0.0074,9136640.000,2024-07-07 21:19:32.532
BTC,SELL,0.0061,9136640.000,2024-07-07 21:19:36.099
BTC,SELL,0.0004,9136640.000,2024-07-07 21:19:36.099
BTC,SELL,0.0002,9135000.000,2024-07-07 21:19:36.099
BTC,SELL,0.0057,9130240.000,2024-07-07 21:19:36.099
BTC,SELL,0.0010,9130000.000,2024-07-07 21:19:36.099
BTC,SELL,0.0003,9130000.000,2024-07-07 21:19:36.099
BTC,SELL,0.0700,9129381.000,2024-07-07 21:19:36.099
BTC,SELL,0.0001,9129379.000,2024-07-07 21:19:36.099
BTC,SELL,0.0010,9129000.000,2024-07-07 21:19:36.099
BTC,SELL,0.0010,9128000.000,2024-07-07 21:19:36.099
BTC,SELL,0.0001,9127448.000,2024-07-07 21:19:36.099
BTC,SELL,0.0010,9127000.000,2024-07-07 21:19:36.099
BTC,SELL,0.0331,9126760.000,2024-07-07 21:19:36.099
BTC,BUY,0.0005,9130001.000,2024-07-07 21:20:25.901
BTC,SELL,0.0002,9130000.000,2024-07-07 21:21:26.135
BTC,BUY,0.0001,9126001.000,2024-07-07 21:21:28.035
BTC,SELL,0.0001,9126000.000,2024-07-07 21:21:28.988
BTC,SELL,0.0009,9126000.000,2024-07-07 21:21:47.504
BTC,SELL,0.0010,9125000.000,2024-07-07 21:21:47.504
BTC,SELL,0.0010,9120000.000,2024-07-07 21:21:47.504
BTC,SELL,0.0010,9120000.000,2024-07-07 21:21:47.504
BTC,SELL,0.0003,9120000.000,2024-07-07 21:21:47.504
BTC,SELL,0.0020,9120000.000,2024-07-07 21:21:47.504
BTC,SELL,0.0002,9120000.000,2024-07-07 21:21:47.504
BTC,SELL,0.0700,9114801.000,2024-07-07 21:21:47.504
BTC,SELL,0.0125,9114800.000,2024-07-07 21:21:47.504
BTC,SELL,0.0002,9113635.000,2024-07-07 21:21:47.504
BTC,SELL,0.0112,9113594.000,2024-07-07 21:21:47.504
BTC,SELL,0.0010,9111111.000,2024-07-07 21:21:47.504
BTC,SELL,0.0100,9110599.000,2024-07-07 21:21:47.504
BTC,SELL,0.0119,9110193.000,2024-07-07 21:21:47.504
BTC,BUY,0.0010,9115470.000,2024-07-07 21:21:51.919
BTC,BUY,0.0060,9118120.000,2024-07-07 21:21:54.941
BTC,BUY,0.0010,9125540.000,2024-07-07 21:22:02.522
BTC,BUY,0.0010,9123200.000,2024-07-07 21:22:11.684
BTC,SELL,0.1000,9115000.000,2024-07-07 21:22:34.222
BTC,BUY,0.1000,9117590.000,2024-07-07 21:22:37.584
BTC,BUY,0.0229,9118120.000,2024-07-07 21:22:37.584
BTC,BUY,0.1037,9119180.000,2024-07-07 21:22:38.596
BTC,BUY,0.1003,9122360.000,2024-07-07 21:22:50.616
BTC,BUY,0.0001,9123207.000,2024-07-07 21:22:51.115
BTC,BUY,0.0705,9123200.000,2024-07-07 21:22:59.667
BTC,BUY,0.0010,9123207.000,2024-07-07 21:23:04.616
BTC,SELL,0.0790,9120066.000,2024-07-07 21:23:16.782
BTC,SELL,0.1000,9119950.000,2024-07-07 21:23:16.782
BTC,SELL,0.0910,9119950.000,2024-07-07 21:23:16.782
BTC,SELL,0.0090,9119950.000,2024-07-07 21:23:16.806
BTC,SELL,0.0133,9118269.000,2024-07-07 21:23:17.183
BTC,SELL,0.0567,9118269.000,2024-07-07 21:23:17.496
BTC,SELL,0.0001,9118268.000,2024-07-07 21:23:17.496
BTC,SELL,0.0011,9113947.000,2024-07-07 21:23:17.852
BTC,SELL,0.0019,9110250.000,2024-07-07 21:23:17.852
BTC,SELL,0.0060,9110250.000,2024-07-07 21:23:17.892
BTC,SELL,0.0050,9110250.000,2024-07-07 21:23:18.541
BTC,SELL,0.0052,9110250.000,2024-07-07 21:23:18.546
BTC,SELL,0.0003,9110000.000,2024-07-07 21:23:18.546
BTC,SELL,0.0002,9110000.000,2024-07-07 21:23:18.546
BTC,SELL,0.0017,9109520.000,2024-07-07 21:23:18.546
BTC,SELL,0.0038,9107640.000,2024-07-07 21:23:18.546
BTC,SELL,0.0050,9107640.000,2024-07-07 21:23:18.973
BTC,SELL,0.0261,9107639.000,2024-07-07 21:23:19.474
BTC,SELL,0.0039,9107639.000,2024-07-07 21:23:19.681
BTC,SELL,0.0010,9104000.000,2024-07-07 21:23:19.934
BTC,SELL,0.0001,9103735.000,2024-07-07 21:23:19.934
BTC,BUY,0.0012,9113948.000,2024-07-07 21:23:19.943
BTC,SELL,0.0010,9103301.000,2024-07-07 21:23:20.117
BTC,SELL,0.0040,9103000.000,2024-07-07 21:23:20.117
BTC,SELL,0.0460,9103000.000,2024-07-07 21:23:20.123
BTC,SELL,0.0050,9101000.000,2024-07-07 21:23:20.123
BTC,SELL,0.0016,9101000.000,2024-07-07 21:23:20.123
BTC,SELL,0.0044,9100280.000,2024-07-07 21:23:20.123
BTC,SELL,0.0200,9100100.000,2024-07-07 21:23:20.123
BTC,SELL,0.0200,9100001.000,2024-07-07 21:23:20.123
BTC,SELL,0.0010,9100001.000,2024-07-07 21:23:20.123
BTC,SELL,0.0002,9100000.000,2024-07-07 21:23:20.123
BTC,SELL,0.0002,9100000.000,2024-07-07 21:23:20.123
BTC,SELL,0.0001,9100000.000,2024-07-07 21:23:20.123
BTC,SELL,0.0001,9100000.000,2024-07-07 21:23:20.123
BTC,SELL,0.0010,9100000.000,2024-07-07 21:23:20.123
BTC,SELL,0.0003,9100000.000,2024-07-07 21:23:20.123
BTC,SELL,0.0100,9100000.000,2024-07-07 21:23:20.123
BTC,SELL,0.0001,9100000.000,2024-07-07 21:23:20.123
BTC,SELL,0.0001,9100000.000,2024-07-07 21:23:20.123
BTC,SELL,0.0005,9100000.000,2024-07-07 21:23:20.123
BTC,SELL,0.0110,9100000.000,2024-07-07 21:23:20.123
BTC,SELL,0.0010,9100000.000,2024-07-07 21:23:20.123
BTC,SELL,0.0120,9100000.000,2024-07-07 21:23:20.123
BTC,SELL,0.0020,9100000.000,2024-07-07 21:23:20.123
BTC,SELL,0.0500,9100000.000,2024-07-07 21:23:20.123
BTC,SELL,0.1132,9100000.000,2024-07-07 21:23:20.123
BTC,SELL,0.0001,9100000.000,2024-07-07 21:23:20.123
BTC,SELL,0.0001,9100000.000,2024-07-07 21:23:20.123
BTC,SELL,0.0010,9100000.000,2024-07-07 21:23:20.123
BTC,SELL,0.0002,9100000.000,2024-07-07 21:23:20.123
BTC,SELL,0.0020,9100000.000,2024-07-07 21:23:20.123
BTC,SELL,0.0050,9100000.000,2024-07-07 21:23:20.123
BTC,SELL,0.0001,9100000.000,2024-07-07 21:23:20.123
BTC,SELL,0.0002,9100000.000,2024-07-07 21:23:20.123
BTC,SELL,0.0005,9100000.000,2024-07-07 21:23:20.123
BTC,SELL,0.0100,9100000.000,2024-07-07 21:23:20.123
BTC,SELL,0.0001,9100000.000,2024-07-07 21:23:20.123
BTC,SELL,0.0001,9100000.000,2024-07-07 21:23:20.123
BTC,SELL,0.0050,9100000.000,2024-07-07 21:23:20.123
BTC,SELL,0.0002,9100000.000,2024-07-07 21:23:20.123
BTC,SELL,0.0002,9100000.000,2024-07-07 21:23:20.123
BTC,SELL,0.0001,9100000.000,2024-07-07 21:23:20.123
BTC,SELL,0.0001,9100000.000,2024-07-07 21:23:20.123
BTC,SELL,0.0010,9100000.000,2024-07-07 21:23:20.123
BTC,SELL,0.0174,9100000.000,2024-07-07 21:23:20.123
BTC,SELL,0.0100,9100000.000,2024-07-07 21:23:20.441
BTC,SELL,0.0500,9100000.000,2024-07-07 21:23:20.632
BTC,SELL,0.1000,9100000.000,2024-07-07 21:23:20.634
BTC,SELL,0.0097,9100000.000,2024-07-07 21:23:20.901
BTC,SELL,0.0129,9100000.000,2024-07-07 21:23:21.468
BTC,SELL,0.0010,9100000.000,2024-07-07 21:23:21.468
BTC,SELL,0.0001,9100000.000,2024-07-07 21:23:21.468
BTC,SELL,0.0001,9100000.000,2024-07-07 21:23:21.468
BTC,SELL,0.0001,9100000.000,2024-07-07 21:23:21.468
BTC,SELL,0.0001,9100000.000,2024-07-07 21:23:21.468
BTC,SELL,0.0010,9100000.000,2024-07-07 21:23:21.468
BTC,SELL,0.0010,9100000.000,2024-07-07 21:23:21.468
BTC,SELL,0.0001,9100000.000,2024-07-07 21:23:21.468
BTC,SELL,0.0020,9100000.000,2024-07-07 21:23:21.468
BTC,SELL,0.0001,9100000.000,2024-07-07 21:23:21.468
BTC,SELL,0.0100,9100000.000,2024-07-07 21:23:21.468
BTC,SELL,0.0002,9100000.000,2024-07-07 21:23:21.468
BTC,SELL,0.0010,9100000.000,2024-07-07 21:23:21.468
BTC,SELL,0.0001,9100000.000,2024-07-07 21:23:21.468
BTC,SELL,0.0001,9100000.000,2024-07-07 21:23:21.468
BTC,SELL,0.0002,9100000.000,2024-07-07 21:23:21.468
BTC,SELL,0.0199,9100000.000,2024-07-07 21:23:21.468
BTC,SELL,0.0051,9100000.000,2024-07-07 21:23:21.482
BTC,SELL,0.0010,9100000.000,2024-07-07 21:23:21.482
BTC,SELL,0.0001,9100000.000,2024-07-07 21:23:21.482
BTC,SELL,0.0005,9100000.000,2024-07-07 21:23:21.482
BTC,SELL,0.0001,9100000.000,2024-07-07 21:23:21.482
BTC,SELL,0.0010,9100000.000,2024-07-07 21:23:21.482
BTC,SELL,0.0010,9100000.000,2024-07-07 21:23:21.482
BTC,SELL,0.0003,9100000.000,2024-07-07 21:23:21.482
BTC,SELL,0.0001,9100000.000,2024-07-07 21:23:21.482
BTC,SELL,0.0003,9100000.000,2024-07-07 21:23:21.482
BTC,SELL,0.0002,9100000.000,2024-07-07 21:23:21.482
BTC,SELL,0.0010,9100000.000,2024-07-07 21:23:21.482
BTC,SELL,0.0100,9100000.000,2024-07-07 21:23:21.482
BTC,SELL,0.0075,9100000.000,2024-07-07 21:23:21.482
BTC,SELL,0.0010,9100000.000,2024-07-07 21:23:21.482
BTC,SELL,0.0010,9100000.000,2024-07-07 21:23:21.482
BTC,SELL,0.0002,9100000.000,2024-07-07 21:23:21.482
BTC,SELL,0.0001,9099658.000,2024-07-07 21:23:21.482
BTC,SELL,0.0100,9099500.000,2024-07-07 21:23:21.482
BTC,SELL,0.0239,9098639.000,2024-07-07 21:23:21.482
BTC,SELL,0.0050,9098639.000,2024-07-07 21:23:21.583
BTC,SELL,0.0400,9098639.000,2024-07-07 21:23:21.587
BTC,SELL,0.0010,9098638.000,2024-07-07 21:23:21.968
BTC,SELL,0.0029,9098000.000,2024-07-07 21:23:22.100
BTC,SELL,0.0001,9097386.000,2024-07-07 21:23:22.100
BTC,SELL,0.0011,9097386.000,2024-07-07 21:23:22.671
BTC,SELL,0.0050,9097386.000,2024-07-07 21:23:23.054
BTC,SELL,0.0001,9092680.000,2024-07-07 21:23:23.450
BTC,SELL,0.0010,9091000.000,2024-07-07 21:23:23.450
BTC,SELL,0.0005,9091000.000,2024-07-07 21:23:23.450
BTC,SELL,0.0010,9090204.000,2024-07-07 21:23:23.450
BTC,SELL,0.0030,9090000.000,2024-07-07 21:23:23.450
BTC,SELL,0.0003,9090000.000,2024-07-07 21:23:23.450
BTC,SELL,0.0001,9090000.000,2024-07-07 21:23:23.450
BTC,SELL,0.0001,9090000.000,2024-07-07 21:23:23.450
BTC,SELL,0.0020,9090000.000,2024-07-07 21:23:23.450
BTC,SELL,0.0001,9090000.000,2024-07-07 21:23:23.450
BTC,SELL,0.0110,9090000.000,2024-07-07 21:23:23.450
BTC,SELL,0.0001,9088783.000,2024-07-07 21:23:23.450
BTC,SELL,0.0010,9087516.000,2024-07-07 21:23:23.450
BTC,SELL,0.0210,9083000.000,2024-07-07 21:23:23.450
BTC,SELL,0.0087,9080043.000,2024-07-07 21:23:23.450
BTC,SELL,0.0050,9080043.000,2024-07-07 21:23:24.135
BTC,BUY,0.0292,9081604.000,2024-07-07 21:23:25.252
BTC,BUY,0.0008,9081604.000,2024-07-07 21:23:25.544
BTC,BUY,0.0042,9085114.000,2024-07-07 21:23:25.544
BTC,BUY,0.0060,9080396.000,2024-07-07 21:23:26.425
BTC,BUY,0.0050,9080396.000,2024-07-07 21:23:26.545
BTC,BUY,0.0030,9080396.000,2024-07-07 21:23:27.021
BTC,BUY,0.0050,9080396.000,2024-07-07 21:23:27.584
BTC,BUY,0.0071,9080396.000,2024-07-07 21:23:27.720
BTC,BUY,0.0258,9085114.000,2024-07-07 21:23:27.720
BTC,BUY,0.0171,9089476.000,2024-07-07 21:23:27.720
BTC,BUY,0.0004,9089476.000,2024-07-07 21:23:28.888
BTC,BUY,0.0001,9092273.000,2024-07-07 21:23:28.888
BTC,BUY,0.0099,9092273.000,2024-07-07 21:23:28.987
BTC,BUY,0.0050,9099723.000,2024-07-07 21:23:29.148
BTC,BUY,0.0200,9092111.000,2024-07-07 21:23:31.884
BTC,BUY,0.0040,9092111.000,2024-07-07 21:23:32.118
BTC,SELL,0.0005,9094368.000,2024-07-07 21:23:39.326
BTC,SELL,0.0050,9099996.000,2024-07-07 21:23:40.302
BTC,SELL,0.0050,9099996.000,2024-07-07 21:23:40.705
BTC,SELL,0.0060,9099996.000,2024-07-07 21:23:41.655
BTC,SELL,0.0030,9099996.000,2024-07-07 21:23:42.445
BTC,SELL,0.0088,9099996.000,2024-07-07 21:23:42.884
BTC,SELL,0.0050,9092471.000,2024-07-07 21:23:44.084
BTC,SELL,0.0016,9092471.000,2024-07-07 21:23:53.387
BTC,SELL,0.0002,9090000.000,2024-07-07 21:23:53.387
BTC,SELL,0.0700,9083744.000,2024-07-07 21:23:53.387
BTC,SELL,0.0175,9083586.000,2024-07-07 21:23:53.387
BTC,SELL,0.0550,9082847.000,2024-07-07 21:23:53.387
BTC,SELL,0.0100,9082712.000,2024-07-07 21:23:53.387
BTC,SELL,0.0300,9082710.000,2024-07-07 21:23:53.387
BTC,SELL,0.0001,9080000.000,2024-07-07 21:23:53.387
BTC,SELL,0.0003,9080000.000,2024-07-07 21:23:53.387
BTC,SELL,0.0001,9080000.000,2024-07-07 21:23:53.387
BTC,SELL,0.0001,9080000.000,2024-07-07 21:23:53.387
BTC,SELL,0.0050,9080000.000,2024-07-07 21:23:53.387
BTC,SELL,0.0008,9080000.000,2024-07-07 21:23:53.387
BTC,SELL,0.0008,9080000.000,2024-07-07 21:23:53.387
BTC,SELL,0.0125,9078960.000,2024-07-07 21:23:53.387
BTC,SELL,0.0300,9078947.000,2024-07-07 21:23:53.387
BTC,SELL,0.0200,9078650.000,2024-07-07 21:23:53.387
BTC,SELL,0.0100,9078433.000,2024-07-07 21:23:53.387
BTC,SELL,0.0400,9077778.000,2024-07-07 21:23:53.387
BTC,SELL,0.0200,9077777.000,2024-07-07 21:23:53.387
BTC,SELL,0.1000,9077777.000,2024-07-07 21:23:53.387
BTC,SELL,0.0010,9076394.000,2024-07-07 21:23:53.387
BTC,SELL,0.1000,9073053.000,2024-07-07 21:23:53.387
BTC,SELL,0.0299,9072402.000,2024-07-07 21:23:53.387
BTC,SELL,0.0001,9070000.000,2024-07-07 21:23:53.387
BTC,SELL,0.0003,9070000.000,2024-07-07 21:23:53.387
BTC,SELL,0.0001,9070000.000,2024-07-07 21:23:53.387
BTC,SELL,0.0001,9070000.000,2024-07-07 21:23:53.387
BTC,SELL,0.0110,9070000.000,2024-07-07 21:23:53.387
BTC,SELL,0.0001,9070000.000,2024-07-07 21:23:53.387
BTC,SELL,0.0010,9070000.000,2024-07-07 21:23:53.387
BTC,SELL,0.1575,9067770.000,2024-07-07 21:23:53.387
BTC,BUY,0.0150,9086172.000,2024-07-07 21:23:54.965
BTC,BUY,0.0150,9086172.000,2024-07-07 21:23:55.340
BTC,BUY,0.0700,9087379.000,2024-07-07 21:23:55.340
BTC,BUY,0.0050,9089082.000,2024-07-07 21:23:55.505
BTC,BUY,0.0100,9089082.000,2024-07-07 21:23:55.595
BTC,BUY,0.0025,9089082.000,2024-07-07 21:23:55.731
BTC,BUY,0.0400,9091089.000,2024-07-07 21:23:55.731
BTC,BUY,0.0082,9092472.000,2024-07-07 21:23:56.723
BTC,BUY,0.0300,9092740.000,2024-07-07 21:23:56.723
BTC,BUY,0.1504,9093740.000,2024-07-07 21:23:56.723
BTC,BUY,0.0010,9100000.000,2024-07-07 21:24:22.879
BTC,SELL,0.0015,9096150.000,2024-07-07 21:24:32.773
BTC,SELL,0.0050,9095974.000,2024-07-07 21:24:38.620
BTC,SELL,0.0041,9095974.000,2024-07-07 21:24:39.556
BTC,SELL,0.0009,9095974.000,2024-07-07 21:24:46.593
BTC,SELL,0.0021,9089262.000,2024-07-07 21:24:46.593
BTC,SELL,0.0004,9089262.000,2024-07-07 21:24:48.393
BTC,SELL,0.0096,9080473.000,2024-07-07 21:24:48.393
BTC,BUY,0.0004,9081020.000,2024-07-07 21:24:53.608
BTC,BUY,0.0060,9088440.000,2024-07-07 21:25:10.155
BTC,BUY,0.0030,9088754.000,2024-07-07 21:25:10.441
BTC,BUY,0.0050,9093740.000,2024-07-07 21:25:14.091
BTC,BUY,0.0013,9096471.000,2024-07-07 21:25:21.745
BTC,BUY,0.0051,9100000.000,2024-07-07 21:25:29.475
BTC,BUY,0.0349,9100630.000,2024-07-07 21:25:29.475
BTC,BUY,0.0100,9101160.000,2024-07-07 21:25:32.058
BTC,BUY,0.0022,9092800.000,2024-07-07 21:26:23.990
BTC,BUY,0.0200,9082150.000,2024-07-07 21:26:41.363
BTC,SELL,0.0033,9077899.000,2024-07-07 21:26:41.889
BTC,SELL,0.0002,9077899.000,2024-07-07 21:26:42.003
BTC,SELL,0.0079,9073075.000,2024-07-07 21:26:42.506
BTC,SELL,0.0221,9070951.000,2024-07-07 21:26:42.506
BTC,SELL,0.0002,9070000.000,2024-07-07 21:26:46.242
BTC,SELL,0.0200,9065847.000,2024-07-07 21:26:46.242
BTC,BUY,0.0011,9070950.000,2024-07-07 21:27:02.803
BTC,BUY,0.0200,9070000.000,2024-07-07 21:27:30.461
BTC,BUY,0.0014,9070000.000,2024-07-07 21:27:30.773
BTC,BUY,0.0002,9070000.000,2024-07-07 21:27:36.244
BTC,BUY,0.0009,9070000.000,2024-07-07 21:27:38.540
BTC,BUY,0.0001,9070000.000,2024-07-07 21:28:22.735
BTC,BUY,0.0200,9070000.000,2024-07-07 21:28:34.983
BTC,BUY,0.0074,9070000.000,2024-07-07 21:28:35.979
BTC,BUY,0.0200,9073070.000,2024-07-07 21:28:38.501
BTC,SELL,0.0010,9065272.000,2024-07-07 21:28:59.636
BTC,SELL,0.0004,9064983.000,2024-07-07 21:28:59.636
BTC,SELL,0.0040,9064701.000,2024-07-07 21:28:59.636
BTC,SELL,0.0010,9061420.000,2024-07-07 21:28:59.636
BTC,SELL,0.0336,9060003.000,2024-07-07 21:28:59.636
BTC,BUY,0.0008,9060880.000,2024-07-07 21:29:00.993
BTC,BUY,0.0003,9060880.000,2024-07-07 21:29:01.076
BTC,BUY,0.0030,9061410.000,2024-07-07 21:29:02.133
BTC,BUY,0.0011,9064590.000,2024-07-07 21:29:02.815
BTC,BUY,0.0030,9065116.000,2024-07-07 21:29:22.869
BTC,SELL,0.0003,9060000.000,2024-07-07 21:30:03.637
BTC,SELL,0.0001,9060000.000,2024-07-07 21:30:03.637
BTC,SELL,0.0001,9060000.000,2024-07-07 21:30:03.637
BTC,BUY,0.0003,9067989.000,2024-07-07 21:30:21.718
BTC,BUY,0.0200,9067989.000,2024-07-07 21:30:22.942
BTC,BUY,0.0100,9067989.000,2024-07-07 21:30:22.946
BTC,BUY,0.0058,9067989.000,2024-07-07 21:30:23.219
BTC,BUY,0.0100,9067989.000,2024-07-07 21:30:23.409
BTC,BUY,0.0100,9067989.000,2024-07-07 21:30:25.343
BTC,SELL,0.0050,9067281.000,2024-07-07 21:30:53.889
BTC,SELL,0.0050,9067281.000,2024-07-07 21:30:54.411
BTC,SELL,0.0050,9067281.000,2024-07-07 21:30:54.937
BTC,SELL,0.0041,9067281.000,2024-07-07 21:31:32.929
BTC,SELL,0.0100,9067281.000,2024-07-07 21:31:36.468
BTC,SELL,0.0050,9067281.000,2024-07-07 21:31:48.799
BTC,SELL,0.0154,9067281.000,2024-07-07 21:31:49.134
BTC,SELL,0.0050,9067281.000,2024-07-07 21:31:49.291
BTC,SELL,0.0050,9067281.000,2024-07-07 21:31:49.777
BTC,SELL,0.0050,9067281.000,2024-07-07 21:31:54.577
BTC,SELL,0.0005,9067281.000,2024-07-07 21:31:55.491
BTC,SELL,0.0036,9063056.000,2024-07-07 21:31:55.491
BTC,SELL,0.0025,9063056.000,2024-07-07 21:31:55.494
BTC,SELL,0.0100,9063056.000,2024-07-07 21:31:56.096
BTC,BUY,0.0008,9063057.000,2024-07-07 21:32:03.368
BTC,SELL,0.0120,9063056.000,2024-07-07 21:32:07.421
BTC,SELL,0.0041,9063056.000,2024-07-07 21:32:42.602
BTC,SELL,0.0149,9063056.000,2024-07-07 21:32:42.857
BTC,SELL,0.0149,9063056.000,2024-07-07 21:32:42.974
BTC,SELL,0.0027,9063056.000,2024-07-07 21:32:43.993
BTC,SELL,0.0023,9063056.000,2024-07-07 21:32:43.993
BTC,SELL,0.0050,9063056.000,2024-07-07 21:32:45.035
BTC,SELL,0.0050,9063056.000,2024-07-07 21:32:45.573
BTC,SELL,0.0004,9063150.000,2024-07-07 21:33:25.031
BTC,SELL,0.0140,9063150.000,2024-07-07 21:33:25.371
BTC,BUY,0.0040,9063057.000,2024-07-07 21:34:13.533
BTC,BUY,0.0020,9063057.000,2024-07-07 21:34:23.942
BTC,SELL,0.0035,9063056.000,2024-07-07 21:34:53.504
BTC,BUY,0.0003,9066710.000,2024-07-07 21:35:16.223
BTC,BUY,0.0021,9067989.000,2024-07-07 21:35:30.828
BTC,BUY,0.0100,9067989.000,2024-07-07 21:35:31.892
BTC,BUY,0.0018,9067989.000,2024-07-07 21:35:32.078
BTC,BUY,0.0003,9070420.000,2024-07-07 21:35:45.813
BTC,BUY,0.0006,9070947.000,2024-07-07 21:36:19.881
BTC,BUY,0.0200,9076776.000,2024-07-07 21:36:35.852
BTC,BUY,0.0050,9078365.000,2024-07-07 21:36:42.225
BTC,BUY,0.0005,9071620.000,2024-07-07 21:37:39.702
BTC,BUY,0.0001,9071615.000,2024-07-07 21:37:44.620
BTC,BUY,0.0055,9071610.000,2024-07-07 21:37:49.749
BTC,BUY,0.0100,9072539.000,2024-07-07 21:38:26.338
BTC,BUY,0.0200,9072540.000,2024-07-07 21:38:26.338
BTC,BUY,0.0250,9076780.000,2024-07-07 21:39:49.570
BTC,SELL,0.0005,9076650.000,2024-07-07 21:40:03.181
BTC,BUY,0.0250,9082077.000,2024-07-07 21:40:16.102
BTC,BUY,0.0050,9083140.000,2024-07-07 21:40:21.232
BTC,BUY,0.0001,9084533.000,2024-07-07 21:40:37.052
BTC,BUY,0.0001,9084550.000,2024-07-07 21:40:51.318
BTC,BUY,0.0044,9084550.000,2024-07-07 21:41:02.780
BTC,BUY,0.0286,9084550.000,2024-07-07 21:41:11.580
BTC,BUY,0.0014,9084551.000,2024-07-07 21:41:11.580
BTC,BUY,0.0012,9084551.000,2024-07-07 21:41:11.819
BTC,BUY,0.0002,9084972.000,2024-07-07 21:41:28.711
BTC,BUY,0.0004,9093766.000,2024-07-07 21:41:42.028
BTC,BUY,0.0001,9095852.000,2024-07-07 21:41:52.079
BTC,BUY,0.0099,9098558.000,2024-07-07 21:42:06.682
BTC,BUY,0.0004,9099000.000,2024-07-07 21:42:09.015
BTC,BUY,0.0096,9099000.000,2024-07-07 21:42:09.355
BTC,BUY,0.0003,9100000.000,2024-07-07 21:42:09.355
BTC,BUY,0.0100,9100000.000,2024-07-07 21:42:09.355
BTC,BUY,0.0300,9102750.000,2024-07-07 21:42:21.065
BTC,BUY,0.0050,9099200.000,2024-07-07 21:42:28.467
BTC,BUY,0.0002,9099500.000,2024-07-07 21:42:39.982
BTC,BUY,0.0050,9102750.000,2024-07-07 21:43:43.998
BTC,SELL,0.0013,9099500.000,2024-07-07 21:44:36.605
BTC,SELL,0.0007,9099500.000,2024-07-07 21:44:37.184
BTC,SELL,0.0003,9086698.000,2024-07-07 21:44:37.184
BTC,BUY,0.0168,9086650.000,2024-07-07 21:44:41.636
BTC,BUY,0.0010,9083516.000,2024-07-07 21:44:51.950
BTC,BUY,0.0001,9085000.000,2024-07-07 21:45:17.969
BTC,BUY,0.0005,9087380.000,2024-07-07 21:45:52.630
BTC,BUY,0.0002,9087000.000,2024-07-07 21:46:11.864
BTC,BUY,0.0001,9087910.000,2024-07-07 21:49:05.112
BTC,SELL,0.0003,9087910.000,2024-07-07 21:49:18.435
BTC,BUY,0.0004,9087911.000,2024-07-07 21:49:27.122
BTC,SELL,0.0100,9087910.000,2024-07-07 21:49:31.372
BTC,SELL,0.0700,9087910.000,2024-07-07 21:49:31.462
BTC,SELL,0.0006,9087910.000,2024-07-07 21:49:31.536
BTC,SELL,0.0200,9087910.000,2024-07-07 21:49:31.786
BTC,SELL,0.0100,9087910.000,2024-07-07 21:49:34.078
BTC,SELL,0.0050,9087910.000,2024-07-07 21:49:34.813
BTC,SELL,0.0050,9087910.000,2024-07-07 21:49:35.297
BTC,SELL,0.0050,9087910.000,2024-07-07 21:49:36.319
BTC,SELL,0.0032,9087910.000,2024-07-07 21:49:37.135
BTC,SELL,0.0005,9087910.000,2024-07-07 21:50:03.045
BTC,SELL,0.0018,9087910.000,2024-07-07 21:50:31.360
BTC,BUY,0.0001,9088970.000,2024-07-07 21:50:38.015
BTC,BUY,0.0002,9090000.000,2024-07-07 21:50:56.501
BTC,BUY,0.0098,9096919.000,2024-07-07 21:50:56.501
BTC,BUY,0.0004,9098815.000,2024-07-07 21:51:16.006
BTC,BUY,0.0146,9099570.000,2024-07-07 21:51:16.006
BTC,BUY,0.0030,9098584.000,2024-07-07 21:51:34.921
BTC,BUY,0.0002,9100000.000,2024-07-07 21:52:18.067
BTC,BUY,0.0008,9102038.000,2024-07-07 21:52:18.067
BTC,BUY,0.0327,9102750.000,2024-07-07 21:52:33.755
BTC,BUY,0.0001,9103711.000,2024-07-07 21:52:47.311
BTC,BUY,0.0003,9110000.000,2024-07-07 21:54:08.530
BTC,BUY,0.0030,9116000.000,2024-07-07 21:54:10.759
BTC,SELL,0.0342,9118649.000,2024-07-07 21:54:54.576
BTC,BUY,0.0010,9116352.000,2024-07-07 21:56:02.498
BTC,SELL,0.0023,9111703.000,2024-07-07 21:56:14.234
BTC,BUY,0.0077,9111563.000,2024-07-07 21:56:26.645
BTC,BUY,0.0023,9112290.000,2024-07-07 21:56:26.645
BTC,SELL,0.0125,9114000.000,2024-07-07 21:57:31.524
BTC,SELL,0.0097,9113951.000,2024-07-07 21:57:31.524
BTC,SELL,0.0400,9115050.000,2024-07-07 21:57:41.537
BTC,SELL,0.0493,9115205.000,2024-07-07 21:57:47.557
BTC,SELL,0.0174,9115650.000,2024-07-07 21:58:03.509
BTC,BUY,0.0050,9113900.000,2024-07-07 21:58:36.724
BTC,BUY,0.0002,9113157.000,2024-07-07 21:58:44.072
BTC,BUY,0.0353,9114410.000,2024-07-07 21:58:44.072
BTC,BUY,0.0007,9113993.000,2024-07-07 21:59:19.144
BTC,BUY,0.0009,9114940.000,2024-07-07 22:00:03.518
BTC,BUY,0.0001,9116530.000,2024-07-07 22:00:03.871
BTC,BUY,0.0099,9118185.000,2024-07-07 22:00:14.627
BTC,BUY,0.0001,9118293.000,2024-07-07 22:00:14.627
BTC,BUY,0.0164,9118293.000,2024-07-07 22:00:14.630
BTC,BUY,0.0004,9119943.000,2024-07-07 22:00:26.132
BTC,BUY,0.0196,9119943.000,2024-07-07 22:00:31.257
BTC,BUY,0.0003,9120000.000,2024-07-07 22:00:31.257
BTC,BUY,0.0001,9120000.000,2024-07-07 22:00:31.257
BTC,BUY,0.0001,9120000.000,2024-07-07 22:00:31.260
BTC,BUY,0.0030,9123420.000,2024-07-07 22:00:31.796
BTC,BUY,0.0050,9123420.000,2024-07-07 22:00:31.969
BTC,BUY,0.0050,9126600.000,2024-07-07 22:01:03.970
BTC,BUY,0.0003,9130000.000,2024-07-07 22:02:39.603
BTC,BUY,0.0002,9130000.000,2024-07-07 22:02:39.603
BTC,BUY,0.0001,9134147.000,2024-07-07 22:02:54.739
BTC,BUY,0.0001,9137551.000,2024-07-07 22:06:06.775
BTC,BUY,0.0002,9140000.000,2024-07-07 22:06:17.600
BTC,SELL,0.0020,9130978.000,2024-07-07 22:07:23.494
BTC,SELL,0.0020,9126876.000,2024-07-07 22:07:32.279
BTC,BUY,0.0013,9126979.000,2024-07-07 22:07:53.619
BTC,BUY,0.0011,9120001.000,2024-07-07 22:08:26.923
BTC,SELL,0.0050,9120000.000,2024-07-07 22:08:55.244
BTC,SELL,0.0145,9119913.000,2024-07-07 22:08:55.244
BTC,SELL,0.0054,9116530.000,2024-07-07 22:08:55.244
BTC,SELL,0.0300,9115905.000,2024-07-07 22:08:55.244
BTC,BUY,0.0002,9117908.000,2024-07-07 22:09:48.985
BTC,BUY,0.0074,9115051.000,2024-07-07 22:11:15.676
BTC,BUY,0.0226,9116798.000,2024-07-07 22:11:15.676
BTC,BUY,0.0030,9116798.000,2024-07-07 22:11:15.941
BTC,SELL,0.0004,9114170.000,2024-07-07 22:11:20.405
BTC,SELL,0.0002,9113238.000,2024-07-07 22:11:20.405
BTC,BUY,0.0002,9115007.000,2024-07-07 22:12:17.001
BTC,BUY,0.0001,9115007.000,2024-07-07 22:13:12.647
BTC,BUY,0.0002,9115007.000,2024-07-07 22:13:34.134
BTC,BUY,0.0001,9115007.000,2024-07-07 22:13:38.873
BTC,BUY,0.0007,9115007.000,2024-07-07 22:13:43.242
BTC,BUY,0.0001,9115007.000,2024-07-07 22:13:47.944
BTC,BUY,0.0032,9115007.000,2024-07-07 22:13:50.753
BTC,BUY,0.0022,9115007.000,2024-07-07 22:13:54.945
BTC,BUY,0.0032,9115007.000,2024-07-07 22:13:59.361
BTC,SELL,0.0100,9125750.000,2024-07-07 22:14:27.134
BTC,BUY,0.0001,9126600.000,2024-07-07 22:15:15.638
BTC,BUY,0.0004,9131524.000,2024-07-07 22:16:16.499
BTC,BUY,0.0005,9132427.000,2024-07-07 22:16:20.322
BTC,BUY,0.0444,9132750.000,2024-07-07 22:16:36.431
BTC,BUY,0.0002,9133421.000,2024-07-07 22:16:36.431
BTC,BUY,0.0044,9133490.000,2024-07-07 22:16:36.431
BTC,BUY,0.0050,9134008.000,2024-07-07 22:16:56.461
BTC,BUY,0.0007,9135080.000,2024-07-07 22:17:07.373
BTC,SELL,0.0002,9133490.000,2024-07-07 22:18:27.212
BTC,SELL,0.0198,9128425.000,2024-07-07 22:18:27.212
BTC,SELL,0.0020,9122052.000,2024-07-07 22:19:10.146
BTC,SELL,0.0002,9115000.000,2024-07-07 22:20:38.249
BTC,SELL,0.0098,9110937.000,2024-07-07 22:20:38.249
BTC,BUY,0.0003,9114391.000,2024-07-07 22:21:12.256
BTC,SELL,0.0061,9117587.000,2024-07-07 22:21:59.872
BTC,SELL,0.0486,9117587.000,2024-07-07 22:21:59.872
BTC,BUY,0.0001,9117588.000,2024-07-07 22:22:02.499
BTC,BUY,0.0005,9117588.000,2024-07-07 22:22:51.710
BTC,BUY,0.0010,9117588.000,2024-07-07 22:23:18.368
BTC,BUY,0.0084,9117588.000,2024-07-07 22:23:23.419
BTC,BUY,0.0001,9118650.000,2024-07-07 22:23:55.652
BTC,BUY,0.0001,9118650.000,2024-07-07 22:23:56.635
BTC,SELL,0.0001,9126100.000,2024-07-07 22:25:39.858
BTC,BUY,0.0001,9126101.000,2024-07-07 22:27:08.106
BTC,BUY,0.0100,9126101.000,2024-07-07 22:27:14.887
BTC,BUY,0.0139,9126101.000,2024-07-07 22:28:06.983
BTC,BUY,0.0011,9126101.000,2024-07-07 22:28:06.983
BTC,SELL,0.0050,9126100.000,2024-07-07 22:28:21.901
BTC,SELL,0.0050,9126100.000,2024-07-07 22:28:22.413
BTC,BUY,0.0020,9126101.000,2024-07-07 22:28:23.096
BTC,SELL,0.0050,9126100.000,2024-07-07 22:28:23.931
BTC,SELL,0.0095,9126100.000,2024-07-07 22:28:23.975
BTC,SELL,0.0034,9126100.000,2024-07-07 22:28:23.975
BTC,BUY,0.0080,9126101.000,2024-07-07 22:28:24.017
BTC,SELL,0.0066,9126100.000,2024-07-07 22:28:24.084
BTC,SELL,0.0034,9126100.000,2024-07-07 22:28:24.084
BTC,SELL,0.0060,9126100.000,2024-07-07 22:28:24.218
BTC,SELL,0.0001,9126100.000,2024-07-07 22:28:24.231
BTC,SELL,0.0005,9126100.000,2024-07-07 22:28:24.411
BTC,SELL,0.0025,9117107.000,2024-07-07 22:28:24.411
BTC,SELL,0.0175,9117107.000,2024-07-07 22:28:24.522
BTC,SELL,0.0050,9117107.000,2024-07-07 22:28:24.569
BTC,SELL,0.0001,9117105.000,2024-07-07 22:28:25.304
BTC,SELL,0.0099,9114399.000,2024-07-07 22:28:25.304
BTC,BUY,0.0003,9114001.000,2024-07-07 22:29:06.342
BTC,SELL,0.0001,9114000.000,2024-07-07 22:29:16.344
BTC,BUY,0.0001,9105001.000,2024-07-07 22:30:04.045
BTC,BUY,0.0040,9108564.000,2024-07-07 22:31:05.954
BTC,BUY,0.0010,9109640.000,2024-07-07 22:31:36.503
BTC,BUY,0.0001,9110700.000,2024-07-07 22:31:49.357
BTC,BUY,0.0003,9109520.000,2024-07-07 22:32:27.981
BTC,BUY,0.0007,9109549.000,2024-07-07 22:32:27.981
BTC,BUY,0.0001,9109499.000,2024-07-07 22:32:29.872
BTC,SELL,0.0002,9105000.000,2024-07-07 22:33:35.768
BTC,SELL,0.0001,9100000.000,2024-07-07 22:34:35.766
BTC,BUY,0.0005,9100001.000,2024-07-07 22:35:01.079
BTC,BUY,0.0002,9100001.000,2024-07-07 22:35:20.235
BTC,SELL,0.0024,9100000.000,2024-07-07 22:36:14.409
BTC,SELL,0.0001,9100000.000,2024-07-07 22:36:14.409
BTC,SELL,0.0075,9100000.000,2024-07-07 22:36:14.409
BTC,SELL,0.0025,9100000.000,2024-07-07 22:36:14.448
BTC,SELL,0.0025,9094388.000,2024-07-07 22:36:14.448
BTC,BUY,0.0001,9094389.000,2024-07-07 22:39:04.078
BTC,BUY,0.0005,9096385.000,2024-07-07 22:41:20.596
BTC,BUY,0.0110,9102001.000,2024-07-07 22:42:18.439
BTC,SELL,0.0004,9100944.000,2024-07-07 22:42:24.639
BTC,BUY,0.0001,9100720.000,2024-07-07 22:42:44.736
BTC,SELL,0.0099,9100158.000,2024-07-07 22:43:01.269
BTC,BUY,0.0160,9100132.000,2024-07-07 22:43:23.366
BTC,SELL,0.0045,9098029.000,2024-07-07 22:43:25.430
BTC,BUY,0.0001,9100129.000,2024-07-07 22:43:26.315
BTC,SELL,0.0100,9103476.000,2024-07-07 22:43:38.212
BTC,SELL,0.0101,9104639.000,2024-07-07 22:43:52.534
BTC,SELL,0.0189,9103478.000,2024-07-07 22:43:52.534
BTC,SELL,0.0071,9104700.000,2024-07-07 22:43:53.595
BTC,SELL,0.0980,9104705.000,2024-07-07 22:43:54.484
BTC,SELL,0.0589,9104705.000,2024-07-07 22:43:54.484
BTC,BUY,0.0007,9109591.000,2024-07-07 22:43:54.671
BTC,SELL,0.0391,9104705.000,2024-07-07 22:43:54.741
BTC,SELL,0.0842,9104700.000,2024-07-07 22:43:54.741
BTC,SELL,0.0100,9104701.000,2024-07-07 22:43:54.906
BTC,SELL,0.0531,9103480.000,2024-07-07 22:43:54.906
BTC,SELL,0.0007,9103478.000,2024-07-07 22:43:54.906
BTC,SELL,0.0007,9103476.000,2024-07-07 22:43:54.906
BTC,SELL,0.0050,9103303.000,2024-07-07 22:43:54.906
BTC,SELL,0.0300,9101589.000,2024-07-07 22:43:54.906
BTC,SELL,0.0100,9098708.000,2024-07-07 22:43:54.906
BTC,SELL,0.0779,9097478.000,2024-07-07 22:43:54.906
BTC,SELL,0.1000,9104750.000,2024-07-07 22:43:55.643
BTC,SELL,0.0531,9103325.000,2024-07-07 22:43:55.643
BTC,SELL,0.0018,9102286.000,2024-07-07 22:43:55.932
BTC,SELL,0.1000,9099975.000,2024-07-07 22:43:55.932
BTC,SELL,0.0007,9097479.000,2024-07-07 22:43:55.932
BTC,SELL,0.1069,9096390.000,2024-07-07 22:43:55.932
BTC,SELL,0.0100,9104751.000,2024-07-07 22:43:56.407
BTC,SELL,0.1449,9095860.000,2024-07-07 22:43:56.407
BTC,BUY,0.0100,9102037.000,2024-07-07 22:43:58.998
BTC,BUY,0.0200,9102037.000,2024-07-07 22:43:59.031
BTC,BUY,0.0050,9102037.000,2024-07-07 22:43:59.035
BTC,BUY,0.0060,9102037.000,2024-07-07 22:43:59.139
BTC,BUY,0.0039,9102037.000,2024-07-07 22:44:00.459
BTC,BUY,0.0100,9102037.000,2024-07-07 22:44:01.032
BTC,BUY,0.0119,9103105.000,2024-07-07 22:44:02.330
BTC,BUY,0.0026,9103105.000,2024-07-07 22:44:03.848
BTC,BUY,0.0050,9103105.000,2024-07-07 22:44:04.598
BTC,BUY,0.0050,9109700.000,2024-07-07 22:44:24.009
BTC,BUY,0.0010,9109700.000,2024-07-07 22:44:30.804
BTC,BUY,0.0132,9109700.000,2024-07-07 22:44:37.803
BTC,BUY,0.0162,9109700.000,2024-07-07 22:44:38.089
BTC,BUY,0.0050,9109700.000,2024-07-07 22:44:38.170
BTC,BUY,0.0050,9109700.000,2024-07-07 22:44:38.613
BTC,BUY,0.0050,9109700.000,2024-07-07 22:44:39.639
BTC,BUY,0.0050,9109700.000,2024-07-07 22:44:40.651
BTC,BUY,0.0100,9109700.000,2024-07-07 22:44:46.139
BTC,BUY,0.0070,9109700.000,2024-07-07 22:45:00.562
BTC,BUY,0.0050,9109700.000,2024-07-07 22:45:18.756
BTC,BUY,0.0050,9109700.000,2024-07-07 22:45:20.689
BTC,BUY,0.0004,9109700.000,2024-07-07 22:45:26.160
BTC,BUY,0.0050,9109700.000,2024-07-07 22:45:45.070
BTC,BUY,0.0022,9109700.000,2024-07-07 22:46:03.713
BTC,BUY,0.0008,9109700.000,2024-07-07 22:46:03.713
BTC,BUY,0.0001,9110423.000,2024-07-07 22:46:36.114
BTC,BUY,0.0001,9107725.000,2024-07-07 22:47:58.862
BTC,BUY,0.0010,9107725.000,2024-07-07 22:47:59.179
BTC,BUY,0.0050,9105069.000,2024-07-07 22:48:34.292
BTC,BUY,0.0001,9105031.000,2024-07-07 22:48:48.507
BTC,SELL,0.0001,9105000.000,2024-07-07 22:49:28.197
BTC,SELL,0.0010,9100000.000,2024-07-07 22:49:31.412
BTC,SELL,0.0100,9100000.000,2024-07-07 22:49:42.013
BTC,BUY,0.0010,9100000.000,2024-07-07 22:50:08.544
BTC,SELL,0.0060,9099999.000,2024-07-07 22:50:13.448
BTC,SELL,0.0040,9099999.000,2024-07-07 22:50:13.521
BTC,SELL,0.0002,9095000.000,2024-07-07 22:50:13.521
BTC,SELL,0.0008,9094154.000,2024-07-07 22:50:13.521
BTC,BUY,0.0001,9093393.000,2024-07-07 22:50:28.497
BTC,BUY,0.0001,9093393.000,2024-07-07 22:51:01.872
BTC,SELL,0.0075,9093392.000,2024-07-07 22:51:12.700
BTC,SELL,0.0003,9090000.000,2024-07-07 22:51:14.568
BTC,SELL,0.0047,9090000.000,2024-07-07 22:51:14.568
BTC,SELL,0.0200,9090000.000,2024-07-07 22:51:14.776
BTC,SELL,0.0050,9090000.000,2024-07-07 22:51:14.779
BTC,SELL,0.0003,9090000.000,2024-07-07 22:51:14.930
BTC,SELL,0.0001,9089652.000,2024-07-07 22:51:14.930
BTC,SELL,0.0493,9087910.000,2024-07-07 22:51:15.214
BTC,SELL,0.0002,9087910.000,2024-07-07 22:52:01.296
BTC,SELL,0.0010,9087910.000,2024-07-07 22:52:20.747
BTC,BUY,0.0003,9091175.000,2024-07-07 22:52:34.111
BTC,BUY,0.0006,9090651.000,2024-07-07 22:53:07.988
BTC,SELL,0.0002,9088400.000,2024-07-07 22:55:15.461
BTC,BUY,0.0003,9092920.000,2024-07-07 22:55:31.070
BTC,BUY,0.0022,9088649.000,2024-07-07 22:56:23.012
BTC,SELL,0.0040,9087910.000,2024-07-07 22:56:25.694
BTC,BUY,0.0005,9088438.000,2024-07-07 22:56:28.053
BTC,BUY,0.0001,9088428.000,2024-07-07 22:56:38.741
BTC,SELL,0.0500,9087910.000,2024-07-07 22:57:47.799
BTC,SELL,0.1000,9087910.000,2024-07-07 22:57:48.228
BTC,SELL,0.0038,9087910.000,2024-07-07 22:57:48.330
BTC,SELL,0.0050,9087910.000,2024-07-07 22:57:48.531
BTC,SELL,0.0980,9087910.000,2024-07-07 22:57:56.306
BTC,SELL,0.0573,9087910.000,2024-07-07 22:57:56.388
BTC,SELL,0.0022,9087910.000,2024-07-07 22:57:56.388
BTC,BUY,0.0040,9087500.000,2024-07-07 22:58:01.135
BTC,BUY,0.0033,9087001.000,2024-07-07 22:58:16.066
BTC,SELL,0.0001,9087000.000,2024-07-07 22:59:03.881
BTC,BUY,0.0070,9087200.000,2024-07-07 22:59:21.814
BTC,SELL,0.0050,9087000.000,2024-07-07 23:00:08.714
BTC,BUY,0.0002,9087268.000,2024-07-07 23:00:25.860
BTC,BUY,0.0004,9087268.000,2024-07-07 23:00:26.328
BTC,SELL,0.0009,9087579.000,2024-07-07 23:00:32.090
BTC,SELL,0.0009,9087000.000,2024-07-07 23:00:33.434
BTC,BUY,0.0003,9089713.000,2024-07-07 23:00:52.071
BTC,BUY,0.0048,9095840.000,2024-07-07 23:01:29.963
BTC,BUY,0.0021,9096376.000,2024-07-07 23:02:17.027
BTC,BUY,0.0003,9096376.000,2024-07-07 23:02:17.562
BTC,BUY,0.0005,9090350.000,2024-07-07 23:02:54.701
BTC,BUY,0.0090,9092375.000,2024-07-07 23:03:13.371
BTC,BUY,0.0001,9093505.000,2024-07-07 23:03:26.462
BTC,SELL,0.0100,9087000.000,2024-07-07 23:04:09.946
BTC,SELL,0.0200,9087000.000,2024-07-07 23:04:10.050
BTC,SELL,0.0050,9087000.000,2024-07-07 23:04:10.629
BTC,SELL,0.0050,9087000.000,2024-07-07 23:04:11.155
BTC,SELL,0.0100,9087000.000,2024-07-07 23:04:12.095
BTC,SELL,0.0129,9087000.000,2024-07-07 23:04:16.195
BTC,SELL,0.0191,9087000.000,2024-07-07 23:04:16.280
BTC,SELL,0.0100,9087000.000,2024-07-07 23:04:17.099
BTC,SELL,0.0216,9087000.000,2024-07-07 23:04:17.102
BTC,SELL,0.0038,9087000.000,2024-07-07 23:04:17.161
BTC,SELL,0.0010,9087000.000,2024-07-07 23:04:17.161
BTC,SELL,0.0002,9087000.000,2024-07-07 23:04:17.161
BTC,SELL,0.0002,9085000.000,2024-07-07 23:04:17.199
BTC,SELL,0.0001,9080000.000,2024-07-07 23:04:17.199
BTC,SELL,0.0002,9080000.000,2024-07-07 23:04:17.199
BTC,SELL,0.0003,9080000.000,2024-07-07 23:04:17.199
BTC,SELL,0.0022,9080000.000,2024-07-07 23:04:17.199
BTC,SELL,0.0020,9075945.000,2024-07-07 23:04:17.199
BTC,SELL,0.0050,9076000.000,2024-07-07 23:04:19.158
BTC,SELL,0.0050,9071650.000,2024-07-07 23:05:18.332
BTC,BUY,0.0001,9075190.000,2024-07-07 23:05:28.880
BTC,SELL,0.0050,9071610.000,2024-07-07 23:06:12.210
BTC,SELL,0.0050,9071610.000,2024-07-07 23:06:18.844
BTC,SELL,0.0003,9070000.000,2024-07-07 23:06:30.598
BTC,SELL,0.0001,9070000.000,2024-07-07 23:06:30.598
BTC,BUY,0.0001,9069992.000,2024-07-07 23:06:41.597
BTC,SELL,0.0005,9069991.000,2024-07-07 23:06:52.091
BTC,SELL,0.0001,9068423.000,2024-07-07 23:06:52.091
BTC,SELL,0.0106,9060001.000,2024-07-07 23:06:52.091
BTC,SELL,0.0019,9060000.000,2024-07-07 23:06:52.091
BTC,SELL,0.0001,9060000.000,2024-07-07 23:06:52.091
BTC,SELL,0.0003,9060000.000,2024-07-07 23:06:52.091
BTC,SELL,0.0001,9060000.000,2024-07-07 23:06:52.091
BTC,SELL,0.0004,9057876.000,2024-07-07 23:06:52.091
BTC,SELL,0.0001,9057569.000,2024-07-07 23:06:52.091
BTC,SELL,0.0119,9056513.000,2024-07-07 23:06:52.091
BTC,SELL,0.0009,9063303.000,2024-07-07 23:06:59.521
BTC,SELL,0.0006,9069400.000,2024-07-07 23:07:44.600
BTC,BUY,0.0010,9070900.000,2024-07-07 23:07:54.435
BTC,SELL,0.0050,9078162.000,2024-07-07 23:08:32.629
BTC,SELL,0.0053,9077755.000,2024-07-07 23:08:32.629
BTC,BUY,0.0001,9081785.000,2024-07-07 23:08:50.366
BTC,SELL,0.0200,9085955.000,2024-07-07 23:09:08.561
BTC,SELL,0.0050,9093000.000,2024-07-07 23:09:46.117
BTC,SELL,0.0050,9093000.000,2024-07-07 23:09:46.606
BTC,SELL,0.0050,9093000.000,2024-07-07 23:09:47.607
BTC,SELL,0.0050,9092100.000,2024-07-07 23:09:50.329
BTC,BUY,0.0003,9091884.000,2024-07-07 23:09:52.805
BTC,SELL,0.0010,9085048.000,2024-07-07 23:10:20.209
BTC,BUY,0.0005,9085001.000,2024-07-07 23:11:19.285
BTC,SELL,0.0010,9085000.000,2024-07-07 23:11:22.573
BTC,SELL,0.0010,9085000.000,2024-07-07 23:11:22.573
BTC,SELL,0.0010,9084000.000,2024-07-07 23:11:22.573
BTC,SELL,0.0010,9080000.000,2024-07-07 23:11:22.573
BTC,SELL,0.0005,9075001.000,2024-07-07 23:11:22.573
BTC,SELL,0.0002,9075000.000,2024-07-07 23:11:22.573
BTC,SELL,0.0400,9074134.000,2024-07-07 23:11:22.573
BTC,SELL,0.1000,9074133.000,2024-07-07 23:11:22.573
BTC,SELL,0.0038,9073731.000,2024-07-07 23:11:22.573
BTC,SELL,0.0100,9070001.000,2024-07-07 23:11:22.573
BTC,SELL,0.0010,9070000.000,2024-07-07 23:11:22.573
BTC,SELL,0.0125,9067840.000,2024-07-07 23:11:22.573
BTC,SELL,0.0400,9066816.000,2024-07-07 23:11:22.573
BTC,SELL,0.5000,9065120.000,2024-07-07 23:11:22.573
BTC,SELL,0.2880,9064590.000,2024-07-07 23:11:22.573
BTC,BUY,0.0840,9071143.000,2024-07-07 23:11:23.694
BTC,BUY,0.0013,9071143.000,2024-07-07 23:11:23.986
BTC,BUY,0.0147,9071143.000,2024-07-07 23:11:24.298
BTC,BUY,0.0005,9078639.000,2024-07-07 23:12:06.409
BTC,BUY,0.0011,9078560.000,2024-07-07 23:12:08.016
BTC,BUY,0.0001,9077600.000,2024-07-07 23:12:19.599
BTC,BUY,0.0001,9077600.000,2024-07-07 23:13:39.086
BTC,SELL,0.0001,9077595.000,2024-07-07 23:13:58.338
BTC,SELL,0.0354,9073050.000,2024-07-07 23:14:16.450
BTC,BUY,0.0200,9076476.000,2024-07-07 23:14:36.357
BTC,BUY,0.0010,9076200.000,2024-07-07 23:14:41.798
BTC,BUY,0.0010,9077600.000,2024-07-07 23:15:04.581
BTC,BUY,0.0001,9077001.000,2024-07-07 23:16:26.263
BTC,BUY,0.0001,9077600.000,2024-07-07 23:17:54.368
BTC,BUY,0.0001,9077600.000,2024-07-07 23:18:17.405
BTC,BUY,0.0002,9077519.000,2024-07-07 23:18:25.261
BTC,SELL,0.0010,9077000.000,2024-07-07 23:19:16.803
BTC,SELL,0.0010,9077000.000,2024-07-07 23:19:16.803
BTC,SELL,0.0010,9076000.000,2024-07-07 23:19:29.004
BTC,SELL,0.0010,9070000.000,2024-07-07 23:19:43.102
BTC,SELL,0.0010,9070000.000,2024-07-07 23:19:43.102
BTC,SELL,0.0005,9068000.000,2024-07-07 23:19:43.102
BTC,SELL,0.0175,9067000.000,2024-07-07 23:19:43.102
BTC,BUY,0.0001,9070080.000,2024-07-07 23:19:43.225
BTC,SELL,0.0004,9069844.000,2024-07-07 23:20:27.245
BTC,SELL,0.0010,9072650.000,2024-07-07 23:20:49.641
BTC,BUY,0.0010,9074800.000,2024-07-07 23:20:53.645
BTC,BUY,0.0100,9076480.000,2024-07-07 23:21:03.268
BTC,BUY,0.0006,9077600.000,2024-07-07 23:21:20.639
BTC,SELL,0.0002,9077599.000,2024-07-07 23:21:22.873
BTC,SELL,0.0060,9073008.000,2024-07-07 23:23:52.662
BTC,SELL,0.0020,9073055.000,2024-07-07 23:24:02.952
BTC,SELL,0.1000,9073000.000,2024-07-07 23:24:17.692
BTC,SELL,0.0234,9073000.000,2024-07-07 23:24:17.692
BTC,BUY,0.0003,9075907.000,2024-07-07 23:24:30.201
BTC,SELL,0.0007,9076105.000,2024-07-07 23:25:13.180
BTC,BUY,0.0002,9077273.000,2024-07-07 23:26:26.946
BTC,BUY,0.0008,9077273.000,2024-07-07 23:26:47.425
BTC,BUY,0.0041,9077600.000,2024-07-07 23:26:47.425
BTC,BUY,0.0051,9080000.000,2024-07-07 23:26:47.425
BTC,BUY,0.0003,9077040.000,2024-07-07 23:27:58.218
BTC,BUY,0.0050,9076106.000,2024-07-07 23:28:19.392
BTC,BUY,0.0100,9078255.000,2024-07-07 23:28:56.120
BTC,BUY,0.0054,9078450.000,2024-07-07 23:29:10.393
BTC,BUY,0.0001,9080000.000,2024-07-07 23:30:13.386
BTC,BUY,0.0006,9080000.000,2024-07-07 23:30:17.948
BTC,BUY,0.0020,9078485.000,2024-07-07 23:31:26.513
BTC,BUY,0.0102,9080000.000,2024-07-07 23:32:13.573
BTC,BUY,0.0100,9081060.000,2024-07-07 23:32:20.461
BTC,BUY,0.0050,9080701.000,2024-07-07 23:33:19.003
BTC,BUY,0.0010,9080701.000,2024-07-07 23:33:19.003
BTC,SELL,0.0100,9076110.000,2024-07-07 23:33:26.643
BTC,BUY,0.0001,9077100.000,2024-07-07 23:34:45.850
BTC,SELL,0.0003,9076110.000,2024-07-07 23:35:14.863
BTC,SELL,0.0002,9076110.000,2024-07-07 23:35:14.863
BTC,SELL,0.0122,9076105.000,2024-07-07 23:35:14.863
BTC,SELL,0.0127,9076105.000,2024-07-07 23:35:14.867
BTC,SELL,0.0001,9076105.000,2024-07-07 23:35:15.963
BTC,SELL,0.0015,9076000.000,2024-07-07 23:35:16.533
BTC,SELL,0.0020,9073910.000,2024-07-07 23:35:17.197
BTC,SELL,0.0092,9072945.000,2024-07-07 23:35:18.498
BTC,SELL,0.0018,9072945.000,2024-07-07 23:35:19.950
BTC,BUY,0.0010,9071775.000,2024-07-07 23:35:20.554
BTC,SELL,0.0010,9070000.000,2024-07-07 23:35:25.967
BTC,BUY,0.0005,9069001.000,2024-07-07 23:35:51.070
BTC,SELL,0.0010,9069000.000,2024-07-07 23:36:27.528
BTC,SELL,0.0010,9068000.000,2024-07-07 23:36:29.822
BTC,SELL,0.0156,9067000.000,2024-07-07 23:37:02.686
BTC,SELL,0.0010,9067000.000,2024-07-07 23:37:02.686
BTC,BUY,0.0010,9066001.000,2024-07-07 23:37:22.632
BTC,SELL,0.0010,9066000.000,2024-07-07 23:37:36.592
BTC,SELL,0.0004,9060000.000,2024-07-07 23:37:44.464
BTC,BUY,0.0100,9055470.000,2024-07-07 23:38:05.767
BTC,SELL,0.0001,9055000.000,2024-07-07 23:38:44.336
BTC,SELL,0.0004,9055000.000,2024-07-07 23:39:28.802
BTC,SELL,0.0001,9054690.000,2024-07-07 23:39:28.802
BTC,BUY,0.0010,9057000.000,2024-07-07 23:39:33.264
BTC,SELL,0.0010,9054150.000,2024-07-07 23:40:12.684
BTC,SELL,0.0001,9052332.000,2024-07-07 23:40:13.111
BTC,SELL,0.0002,9050080.000,2024-07-07 23:40:13.111
BTC,SELL,0.0003,9050000.000,2024-07-07 23:40:13.111
BTC,SELL,0.0004,9050000.000,2024-07-07 23:40:13.111
BTC,SELL,0.0003,9050000.000,2024-07-07 23:40:37.076
BTC,BUY,0.0045,9050001.000,2024-07-07 23:40:46.305
BTC,BUY,0.0005,9050001.000,2024-07-07 23:40:46.305
BTC,SELL,0.0003,9050000.000,2024-07-07 23:40:53.945
BTC,SELL,0.0001,9050000.000,2024-07-07 23:40:53.945
BTC,SELL,0.0001,9050000.000,2024-07-07 23:40:53.945
BTC,SELL,0.0045,9050000.000,2024-07-07 23:40:53.945
BTC,SELL,0.0005,9050000.000,2024-07-07 23:40:55.758
BTC,SELL,0.0092,9050000.000,2024-07-07 23:40:55.758
BTC,SELL,0.0008,9050000.000,2024-07-07 23:41:00.241
BTC,SELL,0.0003,9050000.000,2024-07-07 23:41:00.241
BTC,SELL,0.0005,9050000.000,2024-07-07 23:41:00.241
BTC,SELL,0.0001,9050000.000,2024-07-07 23:41:00.241
BTC,SELL,0.0100,9050000.000,2024-07-07 23:41:00.241
BTC,SELL,0.0055,9050000.000,2024-07-07 23:41:00.241
BTC,SELL,0.0012,9050000.000,2024-07-07 23:41:00.241
BTC,SELL,0.0001,9050000.000,2024-07-07 23:41:00.241
BTC,SELL,0.0005,9050000.000,2024-07-07 23:41:00.241
BTC,SELL,0.0110,9050000.000,2024-07-07 23:41:00.241
BTC,SELL,0.0001,9050000.000,2024-07-07 23:41:00.241
BTC,SELL,0.0001,9050000.000,2024-07-07 23:41:00.241
BTC,SELL,0.0001,9050000.000,2024-07-07 23:41:00.241
BTC,SELL,0.0001,9050000.000,2024-07-07 23:41:00.241
BTC,SELL,0.0011,9050000.000,2024-07-07 23:41:00.241
BTC,SELL,0.0040,9050000.000,2024-07-07 23:41:00.241
BTC,SELL,0.0010,9050000.000,2024-07-07 23:41:16.813
BTC,SELL,0.0100,9050000.000,2024-07-07 23:41:28.760
BTC,SELL,0.0050,9050000.000,2024-07-07 23:41:29.493
BTC,SELL,0.0050,9050000.000,2024-07-07 23:41:34.918
BTC,SELL,0.0002,9050000.000,2024-07-07 23:41:34.918
BTC,SELL,0.0001,9050000.000,2024-07-07 23:41:34.918
BTC,SELL,0.0002,9050000.000,2024-07-07 23:41:34.918
BTC,SELL,0.0001,9050000.000,2024-07-07 23:41:34.918
BTC,SELL,0.0050,9050000.000,2024-07-07 23:41:34.918
BTC,SELL,0.0010,9050000.000,2024-07-07 23:41:34.918
BTC,SELL,0.0002,9050000.000,2024-07-07 23:41:34.918
BTC,SELL,0.0001,9048120.000,2024-07-07 23:41:34.918
BTC,SELL,0.0023,9046400.000,2024-07-07 23:41:34.918
BTC,SELL,0.0005,9046120.000,2024-07-07 23:41:34.918
BTC,SELL,0.0153,9043691.000,2024-07-07 23:41:34.918
BTC,BUY,0.0005,9043700.000,2024-07-07 23:42:51.718
BTC,SELL,0.0001,9043691.000,2024-07-07 23:43:04.594
BTC,SELL,0.0002,9043691.000,2024-07-07 23:43:06.718
BTC,SELL,0.0007,9043691.000,2024-07-07 23:43:26.403
BTC,SELL,0.0010,9043028.000,2024-07-07 23:43:27.698
BTC,SELL,0.0003,9040000.000,2024-07-07 23:43:37.835
BTC,SELL,0.0002,9040000.000,2024-07-07 23:43:37.835
BTC,SELL,0.0001,9040000.000,2024-07-07 23:43:37.835
BTC,SELL,0.0001,9040000.000,2024-07-07 23:43:37.835
BTC,SELL,0.0005,9036963.000,2024-07-07 23:43:37.835
BTC,SELL,0.0001,9035549.000,2024-07-07 23:43:37.835
BTC,SELL,0.0001,9033028.000,2024-07-07 23:43:37.835
BTC,SELL,0.0325,9032013.000,2024-07-07 23:43:37.835
BTC,SELL,0.0020,9032000.000,2024-07-07 23:43:37.835
BTC,SELL,0.0029,9032000.000,2024-07-07 23:43:37.835
BTC,SELL,0.0010,9031906.000,2024-07-07 23:43:37.835
BTC,SELL,0.0553,9031069.000,2024-07-07 23:43:37.835
BTC,SELL,0.0002,9031000.000,2024-07-07 23:43:37.835
BTC,SELL,0.0001,9030000.000,2024-07-07 23:43:37.835
BTC,SELL,0.0003,9030000.000,2024-07-07 23:43:37.835
BTC,SELL,0.0001,9030000.000,2024-07-07 23:43:37.835
BTC,SELL,0.0002,9030000.000,2024-07-07 23:43:37.835
BTC,SELL,0.0010,9030000.000,2024-07-07 23:43:37.835
BTC,SELL,0.0020,9030000.000,2024-07-07 23:43:37.835
BTC,SELL,0.0001,9030000.000,2024-07-07 23:43:37.835
BTC,SELL,0.0001,9030000.000,2024-07-07 23:43:37.835
BTC,SELL,0.0001,9030000.000,2024-07-07 23:43:37.835
BTC,SELL,0.0050,9030000.000,2024-07-07 23:43:37.835
BTC,SELL,0.0100,9026819.000,2024-07-07 23:43:37.835
BTC,SELL,0.0100,9026818.000,2024-07-07 23:43:37.835
BTC,SELL,0.1000,9025070.000,2024-07-07 23:43:37.835
BTC,SELL,0.0010,9025000.000,2024-07-07 23:43:37.835
BTC,SELL,0.0005,9023331.000,2024-07-07 23:43:37.835
BTC,SELL,0.0400,9022581.000,2024-07-07 23:43:37.835
BTC,SELL,0.0125,9021680.000,2024-07-07 23:43:37.835
BTC,SELL,0.0003,9021485.000,2024-07-07 23:43:37.835
BTC,SELL,0.0002,9021107.000,2024-07-07 23:43:37.835
BTC,SELL,0.0010,9021000.000,2024-07-07 23:43:37.835
BTC,SELL,0.0010,9020784.000,2024-07-07 23:43:37.835
BTC,SELL,0.0003,9020000.000,2024-07-07 23:43:37.835
BTC,SELL,0.0001,9020000.000,2024-07-07 23:43:37.835
BTC,SELL,0.0001,9020000.000,2024-07-07 23:43:37.835
BTC,SELL,0.0055,9020000.000,2024-07-07 23:43:37.835
BTC,SELL,0.0100,9020000.000,2024-07-07 23:43:37.835
BTC,SELL,0.0022,9020000.000,2024-07-07 23:43:37.835
BTC,SELL,0.0100,9020000.000,2024-07-07 23:43:37.835
BTC,SELL,0.0001,9020000.000,2024-07-07 23:43:37.835
BTC,SELL,0.4969,9016890.000,2024-07-07 23:43:37.835
BTC,BUY,0.0050,9023586.000,2024-07-07 23:43:38.711
BTC,BUY,0.0500,9023586.000,2024-07-07 23:43:38.752
BTC,BUY,0.0450,9023586.000,2024-07-07 23:43:38.922
BTC,BUY,0.0050,9034379.000,2024-07-07 23:43:38.922
BTC,BUY,0.0200,9034379.000,2024-07-07 23:43:39.184
BTC,BUY,0.0060,9034379.000,2024-07-07 23:43:39.218
BTC,BUY,0.0050,9034379.000,2024-07-07 23:43:39.220
BTC,BUY,0.0001,9028480.000,2024-07-07 23:44:09.864
BTC,BUY,0.0005,9027250.000,2024-07-07 23:44:33.145
BTC,BUY,0.0001,9026960.000,2024-07-07 23:44:39.944
BTC,BUY,0.0010,9025375.000,2024-07-07 23:45:07.662
BTC,BUY,0.0100,9025360.000,2024-07-07 23:45:21.999
BTC,SELL,0.0002,9025359.000,2024-07-07 23:45:23.023
BTC,SELL,0.0498,9021625.000,2024-07-07 23:45:23.023
BTC,SELL,0.0009,9018550.000,2024-07-07 23:45:27.223
BTC,SELL,0.0002,9018550.000,2024-07-07 23:45:28.730
BTC,SELL,0.0014,9018550.000,2024-07-07 23:45:34.159
BTC,SELL,0.0001,9018504.000,2024-07-07 23:45:39.449
BTC,SELL,0.0002,9021118.000,2024-07-07 23:45:43.612
BTC,BUY,0.0020,9018320.000,2024-07-07 23:46:06.117
BTC,SELL,0.0019,9016890.000,2024-07-07 23:46:20.324
BTC,SELL,0.0200,9013500.000,2024-07-07 23:46:23.877
BTC,SELL,0.0720,9011930.000,2024-07-07 23:46:23.877
BTC,SELL,0.0310,9011840.000,2024-07-07 23:46:23.877
BTC,SELL,0.0011,9010885.000,2024-07-07 23:46:24.179
BTC,SELL,0.0003,9010000.000,2024-07-07 23:46:24.179
BTC,SELL,0.0001,9010000.000,2024-07-07 23:46:24.179
BTC,SELL,0.0001,9010000.000,2024-07-07 23:46:24.179
BTC,SELL,0.0001,9010000.000,2024-07-07 23:46:24.179
BTC,SELL,0.0010,9009662.000,2024-07-07 23:46:24.179
BTC,SELL,0.0100,9004202.000,2024-07-07 23:46:24.179
BTC,SELL,0.0360,9004202.000,2024-07-07 23:46:24.179
BTC,SELL,0.0001,9003852.000,2024-07-07 23:46:25.120
BTC,SELL,0.0059,9003596.000,2024-07-07 23:46:25.120
BTC,BUY,0.0002,9005155.000,2024-07-07 23:46:29.407
BTC,SELL,0.0010,9004810.000,2024-07-07 23:46:35.555
BTC,BUY,0.0001,9004810.000,2024-07-07 23:46:36.688
BTC,SELL,0.0007,9004755.000,2024-07-07 23:46:44.762
BTC,SELL,0.0002,9004755.000,2024-07-07 23:46:44.762
BTC,SELL,0.0008,9004305.000,2024-07-07 23:46:44.762
BTC,SELL,0.0115,9001562.000,2024-07-07 23:46:44.762
BTC,SELL,0.0030,9001160.000,2024-07-07 23:47:01.272
BTC,SELL,0.0023,9001160.000,2024-07-07 23:47:01.649
BTC,SELL,0.0002,9001160.000,2024-07-07 23:47:01.649
BTC,SELL,0.0050,9001000.000,2024-07-07 23:47:01.649
BTC,SELL,0.0017,9001000.000,2024-07-07 23:47:01.649
BTC,SELL,0.0013,9001000.000,2024-07-07 23:47:01.649
BTC,SELL,0.0007,9001000.000,2024-07-07 23:47:01.654
BTC,SELL,0.0093,9000100.000,2024-07-07 23:47:01.654
BTC,SELL,0.0007,9000100.000,2024-07-07 23:47:01.685
BTC,SELL,0.0010,9000001.000,2024-07-07 23:47:01.685
BTC,SELL,0.0010,9000001.000,2024-07-07 23:47:01.685
BTC,SELL,0.0073,9000001.000,2024-07-07 23:47:01.685
BTC,SELL,0.0105,9000001.000,2024-07-07 23:47:01.707
BTC,SELL,0.0322,9000001.000,2024-07-07 23:47:02.110
BTC,SELL,0.0005,9000000.000,2024-07-07 23:47:02.110
BTC,SELL,0.0228,9000000.000,2024-07-07 23:47:02.110
BTC,SELL,0.0400,9000000.000,2024-07-07 23:47:02.113
BTC,BUY,0.0015,9000990.000,2024-07-07 23:47:02.156
BTC,SELL,0.0310,9000000.000,2024-07-07 23:47:02.218
BTC,SELL,0.0010,9000000.000,2024-07-07 23:47:02.220
BTC,SELL,0.0052,9000000.000,2024-07-07 23:47:02.221
BTC,SELL,0.0148,9000000.000,2024-07-07 23:47:02.221
BTC,SELL,0.0200,9000000.000,2024-07-07 23:47:02.330
BTC,SELL,0.0100,9000000.000,2024-07-07 23:47:02.378
BTC,SELL,0.0050,9000000.000,2024-07-07 23:47:02.503
BTC,SELL,0.0002,9000000.000,2024-07-07 23:47:02.583
BTC,SELL,0.0010,9000000.000,2024-07-07 23:47:02.583
BTC,SELL,0.0020,9000000.000,2024-07-07 23:47:02.583
BTC,SELL,0.0001,9000000.000,2024-07-07 23:47:02.583
BTC,SELL,0.0010,9000000.000,2024-07-07 23:47:02.583
BTC,SELL,0.0003,9000000.000,2024-07-07 23:47:02.583
BTC,SELL,0.0020,9000000.000,2024-07-07 23:47:02.583
BTC,SELL,0.0001,9000000.000,2024-07-07 23:47:02.583
BTC,SELL,0.0010,9000000.000,2024-07-07 23:47:02.583
BTC,SELL,0.0023,9000000.000,2024-07-07 23:47:02.583
BTC,SELL,0.0077,9000000.000,2024-07-07 23:47:02.592
BTC,SELL,0.0001,9000000.000,2024-07-07 23:47:02.592
BTC,SELL,0.0020,9000000.000,2024-07-07 23:47:02.592
BTC,SELL,0.0001,9000000.000,2024-07-07 23:47:02.592
BTC,SELL,0.0001,9000000.000,2024-07-07 23:47:02.592
BTC,SELL,0.0073,9000000.000,2024-07-07 23:47:02.598
BTC,SELL,0.0026,9000000.000,2024-07-07 23:47:02.600
BTC,SELL,0.0001,9000000.000,2024-07-07 23:47:02.600
BTC,SELL,0.0001,9000000.000,2024-07-07 23:47:02.600
BTC,SELL,0.0005,9000000.000,2024-07-07 23:47:02.600
BTC,SELL,0.0014,9000000.000,2024-07-07 23:47:02.600
BTC,SELL,0.0001,9000000.000,2024-07-07 23:47:02.600
BTC,SELL,0.0001,9000000.000,2024-07-07 23:47:02.600
BTC,SELL,0.0051,9000000.000,2024-07-07 23:47:02.600
BTC,SELL,0.0064,9000000.000,2024-07-07 23:47:02.702
BTC,SELL,0.0046,9000000.000,2024-07-07 23:47:02.702
BTC,SELL,0.0054,9000000.000,2024-07-07 23:47:02.759
BTC,SELL,0.0001,9000000.000,2024-07-07 23:47:02.759
BTC,SELL,0.0020,9000000.000,2024-07-07 23:47:02.759
BTC,SELL,0.0077,9000000.000,2024-07-07 23:47:02.759
BTC,SELL,0.0023,9000000.000,2024-07-07 23:47:02.815
BTC,SELL,0.0015,9000000.000,2024-07-07 23:47:02.815
BTC,SELL,0.0020,9000000.000,2024-07-07 23:47:02.815
BTC,SELL,0.0050,9000000.000,2024-07-07 23:47:02.815
BTC,SELL,0.0001,9000000.000,2024-07-07 23:47:02.815
BTC,SELL,0.0001,9000000.000,2024-07-07 23:47:02.815
BTC,SELL,0.0033,9000000.000,2024-07-07 23:47:02.977
BTC,SELL,0.0100,9000000.000,2024-07-07 23:47:02.977
BTC,SELL,0.0010,9000000.000,2024-07-07 23:47:02.977
BTC,SELL,0.0005,9000000.000,2024-07-07 23:47:02.977
BTC,SELL,0.0002,9000000.000,2024-07-07 23:47:02.977
BTC,SELL,0.0008,9000000.000,2024-07-07 23:47:03.087
BTC,SELL,0.0022,9000000.000,2024-07-07 23:47:03.087
BTC,SELL,0.0120,9000000.000,2024-07-07 23:47:03.087
BTC,SELL,0.0200,9000000.000,2024-07-07 23:47:03.242
BTC,SELL,0.0050,9000000.000,2024-07-07 23:47:04.182
BTC,SELL,0.0050,9000000.000,2024-07-07 23:47:08.614
BTC,SELL,0.0050,9000000.000,2024-07-07 23:47:10.663
BTC,SELL,0.0105,9000000.000,2024-07-07 23:47:11.142
BTC,SELL,0.0050,9000000.000,2024-07-07 23:47:11.145
BTC,SELL,0.0375,9000000.000,2024-07-07 23:47:11.826
BTC,SELL,0.0010,9000000.000,2024-07-07 23:47:11.826
BTC,SELL,0.0001,9000000.000,2024-07-07 23:47:11.826
BTC,SELL,0.0001,9000000.000,2024-07-07 23:47:11.826
BTC,SELL,0.0001,9000000.000,2024-07-07 23:47:11.826
BTC,SELL,0.0010,9000000.000,2024-07-07 23:47:11.826
BTC,SELL,0.0003,9000000.000,2024-07-07 23:47:11.826
BTC,SELL,0.0100,9000000.000,2024-07-07 23:47:11.826
BTC,SELL,0.0001,9000000.000,2024-07-07 23:47:11.826
BTC,SELL,0.0002,9000000.000,2024-07-07 23:47:11.826
BTC,SELL,0.0010,9000000.000,2024-07-07 23:47:11.826
BTC,SELL,0.1097,9000000.000,2024-07-07 23:47:11.826
BTC,SELL,0.0002,9000000.000,2024-07-07 23:47:11.826
BTC,SELL,0.0025,9000000.000,2024-07-07 23:47:11.826
BTC,SELL,0.0001,9000000.000,2024-07-07 23:47:11.826
BTC,SELL,0.0010,9000000.000,2024-07-07 23:47:11.826
BTC,SELL,0.0001,9000000.000,2024-07-07 23:47:11.826
BTC,SELL,0.0005,9000000.000,2024-07-07 23:47:11.826
BTC,SELL,0.0002,9000000.000,2024-07-07 23:47:11.826
BTC,SELL,0.0100,9000000.000,2024-07-07 23:47:11.826
BTC,SELL,0.0100,9000000.000,2024-07-07 23:47:11.826
BTC,SELL,0.0014,9000000.000,2024-07-07 23:47:11.826
BTC,SELL,0.0100,9000000.000,2024-07-07 23:47:11.826
BTC,SELL,0.0050,9000000.000,2024-07-07 23:47:11.826
BTC,SELL,0.0001,9000000.000,2024-07-07 23:47:11.826
BTC,SELL,0.0050,9000000.000,2024-07-07 23:47:11.826
BTC,SELL,0.0050,9000000.000,2024-07-07 23:47:11.826
BTC,SELL,0.0005,9000000.000,2024-07-07 23:47:11.826
BTC,SELL,0.0010,9000000.000,2024-07-07 23:47:11.826
BTC,SELL,0.0100,9000000.000,2024-07-07 23:47:11.826
BTC,SELL,0.0200,9000000.000,2024-07-07 23:47:11.826
BTC,SELL,0.0002,9000000.000,2024-07-07 23:47:11.826
BTC,SELL,0.0005,9000000.000,2024-07-07 23:47:11.826
BTC,SELL,0.0010,9000000.000,2024-07-07 23:47:11.826
BTC,SELL,0.0046,9000000.000,2024-07-07 23:47:11.826
BTC,SELL,0.0034,9000000.000,2024-07-07 23:47:13.660
BTC,SELL,0.0001,9000000.000,2024-07-07 23:47:13.660
BTC,SELL,0.0003,9000000.000,2024-07-07 23:47:13.660
BTC,SELL,0.0002,9000000.000,2024-07-07 23:47:13.660
BTC,SELL,0.0250,9000000.000,2024-07-07 23:47:13.660
BTC,SELL,0.0007,9000000.000,2024-07-07 23:47:13.660
BTC,SELL,0.0012,9000000.000,2024-07-07 23:47:13.660
BTC,SELL,0.0470,9000000.000,2024-07-07 23:47:13.660
BTC,SELL,0.0001,9000000.000,2024-07-07 23:47:13.660
BTC,SELL,0.0020,9000000.000,2024-07-07 23:47:13.660
BTC,SELL,0.0200,9000000.000,2024-07-07 23:47:13.660
BTC,SELL,0.0300,9000000.000,2024-07-07 23:47:13.670
BTC,SELL,0.0011,9000000.000,2024-07-07 23:47:13.670
BTC,SELL,0.0010,9000000.000,2024-07-07 23:47:13.670
BTC,SELL,0.0500,9000000.000,2024-07-07 23:47:13.670
BTC,SELL,0.0010,9000000.000,2024-07-07 23:47:13.670
BTC,SELL,0.0110,9000000.000,2024-07-07 23:47:13.670
BTC,SELL,0.0001,9000000.000,2024-07-07 23:47:13.670
BTC,SELL,0.0058,9000000.000,2024-07-07 23:47:13.670
BTC,SELL,0.0050,9000000.000,2024-07-07 23:47:13.684
BTC,SELL,0.0089,9000000.000,2024-07-07 23:47:13.974
BTC,SELL,0.0026,9000000.000,2024-07-07 23:47:14.703
BTC,SELL,0.0001,9000000.000,2024-07-07 23:47:14.703
BTC,SELL,0.0005,9000000.000,2024-07-07 23:47:14.703
BTC,SELL,0.0018,9000000.000,2024-07-07 23:47:14.703
BTC,SELL,0.0116,9000000.000,2024-07-07 23:47:14.989
BTC,SELL,0.0050,9000000.000,2024-07-07 23:47:15.249
BTC,SELL,0.0036,9000000.000,2024-07-07 23:47:15.564
BTC,SELL,0.0075,9000000.000,2024-07-07 23:47:15.564
BTC,SELL,0.0010,9000000.000,2024-07-07 23:47:15.564
BTC,SELL,0.0010,9000000.000,2024-07-07 23:47:15.564
BTC,SELL,0.0050,9000000.000,2024-07-07 23:47:15.564
BTC,SELL,0.0002,9000000.000,2024-07-07 23:47:15.564
BTC,SELL,0.0030,9000000.000,2024-07-07 23:47:15.564
BTC,SELL,0.0001,9000000.000,2024-07-07 23:47:15.564
BTC,SELL,0.0020,9000000.000,2024-07-07 23:47:15.564
BTC,SELL,0.0001,9000000.000,2024-07-07 23:47:15.564
BTC,SELL,0.0020,9000000.000,2024-07-07 23:47:15.564
BTC,SELL,0.0001,9000000.000,2024-07-07 23:47:15.564
BTC,SELL,0.0500,9000000.000,2024-07-07 23:47:15.564
BTC,SELL,0.0244,9000000.000,2024-07-07 23:47:15.564
BTC,SELL,0.1000,9000000.000,2024-07-07 23:47:15.575
BTC,SELL,0.0050,9000000.000,2024-07-07 23:47:16.208
BTC,SELL,0.0006,9000000.000,2024-07-07 23:47:16.719
BTC,SELL,0.0044,9000000.000,2024-07-07 23:47:16.719
BTC,SELL,0.0150,9000000.000,2024-07-07 23:47:16.778
BTC,SELL,0.0162,9000000.000,2024-07-07 23:47:17.124
BTC,SELL,0.0050,9000000.000,2024-07-07 23:47:17.248
BTC,SELL,0.0200,9000000.000,2024-07-07 23:47:17.308
BTC,SELL,0.0419,9000000.000,2024-07-07 23:47:17.780
BTC,SELL,0.0020,9000000.000,2024-07-07 23:47:17.780
BTC,SELL,0.0010,9000000.000,2024-07-07 23:47:17.780
BTC,SELL,0.0551,9000000.000,2024-07-07 23:47:17.780
BTC,SELL,0.0005,9000000.000,2024-07-07 23:47:22.329
BTC,SELL,0.0003,9000000.000,2024-07-07 23:47:22.329
BTC,SELL,0.0001,9000000.000,2024-07-07 23:47:22.329
BTC,SELL,0.0005,9000000.000,2024-07-07 23:47:22.329
BTC,SELL,0.0036,9000000.000,2024-07-07 23:47:22.329
BTC,SELL,0.0039,9000000.000,2024-07-07 23:47:22.514
BTC,SELL,0.0020,9000000.000,2024-07-07 23:47:22.514
BTC,SELL,0.0001,9000000.000,2024-07-07 23:47:22.514
BTC,SELL,0.0100,9000000.000,2024-07-07 23:47:22.514
BTC,SELL,0.0050,9000000.000,2024-07-07 23:47:22.514
BTC,SELL,0.0002,9000000.000,2024-07-07 23:47:22.514
BTC,SELL,0.0250,9000000.000,2024-07-07 23:47:22.514
BTC,SELL,0.0020,9000000.000,2024-07-07 23:47:22.514
BTC,SELL,0.0001,9000000.000,2024-07-07 23:47:22.514
BTC,SELL,0.0002,9000000.000,2024-07-07 23:47:22.514
BTC,SELL,0.0015,9000000.000,2024-07-07 23:47:22.514
BTC,SELL,0.0005,9000000.000,2024-07-07 23:47:22.855
BTC,SELL,0.0055,9000000.000,2024-07-07 23:47:22.855
BTC,SELL,0.0010,9000000.000,2024-07-07 23:47:22.855
BTC,SELL,0.0030,9000000.000,2024-07-07 23:47:22.855
BTC,SELL,0.0005,9000000.000,2024-07-07 23:47:23.095
BTC,SELL,0.0033,9000000.000,2024-07-07 23:47:23.095
BTC,SELL,0.0003,9000000.000,2024-07-07 23:47:23.095
BTC,SELL,0.0100,9000000.000,2024-07-07 23:47:23.095
BTC,SELL,0.0050,9000000.000,2024-07-07 23:47:23.095
BTC,SELL,0.0040,9000000.000,2024-07-07 23:47:23.095
BTC,SELL,0.0010,9000000.000,2024-07-07 23:47:23.095
BTC,SELL,0.0010,9000000.000,2024-07-07 23:47:23.095
BTC,SELL,0.0005,9000000.000,2024-07-07 23:47:23.095
BTC,SELL,0.0011,9000000.000,2024-07-07 23:47:23.095
BTC,SELL,0.0010,9000000.000,2024-07-07 23:47:23.095
BTC,SELL,0.0001,9000000.000,2024-07-07 23:47:23.095
BTC,SELL,0.0050,9000000.000,2024-07-07 23:47:23.095
BTC,SELL,0.0005,9000000.000,2024-07-07 23:47:23.095
BTC,SELL,0.0010,9000000.000,2024-07-07 23:47:23.095
BTC,SELL,0.0010,9000000.000,2024-07-07 23:47:23.095
BTC,SELL,0.0010,8999999.000,2024-07-07 23:47:23.095
BTC,SELL,0.0152,8999999.000,2024-07-07 23:47:23.095
BTC,SELL,0.0058,8999999.000,2024-07-07 23:47:23.212
BTC,SELL,0.0013,8999999.000,2024-07-07 23:47:23.212
BTC,SELL,0.0110,8999999.000,2024-07-07 23:47:23.212
BTC,SELL,0.0010,8999999.000,2024-07-07 23:47:23.212
BTC,SELL,0.0010,8999800.000,2024-07-07 23:47:23.212
BTC,SELL,0.0032,8999745.000,2024-07-07 23:47:23.212
BTC,SELL,0.0040,8999500.000,2024-07-07 23:47:23.212
BTC,SELL,0.0100,8999500.000,2024-07-07 23:47:23.212
BTC,SELL,0.0001,8999100.000,2024-07-07 23:47:23.212
BTC,SELL,0.0010,8998540.000,2024-07-07 23:47:23.212
BTC,SELL,0.0012,8995000.000,2024-07-07 23:47:23.212
BTC,SELL,0.0100,8993245.000,2024-07-07 23:47:23.212
BTC,SELL,0.0003,8991028.000,2024-07-07 23:47:23.212
BTC,SELL,0.0001,8990000.000,2024-07-07 23:47:23.212
BTC,SELL,0.0009,8990000.000,2024-07-07 23:47:23.292
BTC,SELL,0.0001,8990000.000,2024-07-07 23:47:23.292
BTC,SELL,0.0001,8990000.000,2024-07-07 23:47:23.292
BTC,SELL,0.0001,8990000.000,2024-07-07 23:47:23.292
BTC,SELL,0.0001,8990000.000,2024-07-07 23:47:23.292
BTC,SELL,0.0110,8990000.000,2024-07-07 23:47:23.292
BTC,SELL,0.0160,8990000.000,2024-07-07 23:47:23.292
BTC,SELL,0.0001,8990000.000,2024-07-07 23:47:23.292
BTC,SELL,0.0010,8990000.000,2024-07-07 23:47:23.292
BTC,SELL,0.0500,8990000.000,2024-07-07 23:47:23.292
BTC,SELL,0.0003,8990000.000,2024-07-07 23:47:23.292
BTC,SELL,0.0040,8989512.000,2024-07-07 23:47:23.292
BTC,SELL,0.0002,8989200.000,2024-07-07 23:47:23.292
BTC,SELL,0.0012,8989000.000,2024-07-07 23:47:23.292
BTC,SELL,0.0100,8987992.000,2024-07-07 23:47:23.292
BTC,SELL,0.0010,8987418.000,2024-07-07 23:47:23.292
BTC,SELL,0.0039,8985000.000,2024-07-07 23:47:23.292
BTC,SELL,0.0070,8985599.000,2024-07-07 23:47:37.573
BTC,SELL,0.0010,8985005.000,2024-07-07 23:47:37.573
BTC,SELL,0.0010,8985005.000,2024-07-07 23:47:37.573
BTC,SELL,0.0095,8985000.000,2024-07-07 23:47:37.573
BTC,SELL,0.0556,8984666.000,2024-07-07 23:47:37.573
BTC,SELL,0.0030,8981100.000,2024-07-07 23:47:37.573
BTC,SELL,0.0010,8981000.000,2024-07-07 23:47:37.573
BTC,SELL,0.0001,8980001.000,2024-07-07 23:47:37.573
BTC,SELL,0.0001,8980000.000,2024-07-07 23:47:37.573
BTC,SELL,0.0001,8980000.000,2024-07-07 23:47:37.573
BTC,SELL,0.0008,8980000.000,2024-07-07 23:47:37.573
BTC,SELL,0.6300,8980000.000,2024-07-07 23:47:37.573
BTC,SELL,0.0100,8980000.000,2024-07-07 23:47:37.573
BTC,SELL,0.0025,8980000.000,2024-07-07 23:47:37.573
BTC,SELL,0.0003,8980000.000,2024-07-07 23:47:37.573
BTC,SELL,0.0200,8977001.000,2024-07-07 23:47:37.573
BTC,SELL,0.0010,8976296.000,2024-07-07 23:47:37.573
BTC,SELL,0.1000,8975155.000,2024-07-07 23:47:37.573
BTC,SELL,0.0020,8970000.000,2024-07-07 23:47:37.573
BTC,SELL,0.0001,8970000.000,2024-07-07 23:47:37.573
BTC,SELL,0.0001,8970000.000,2024-07-07 23:47:37.573
BTC,SELL,0.0002,8970000.000,2024-07-07 23:47:37.573
BTC,SELL,0.0003,8970000.000,2024-07-07 23:47:37.573
BTC,SELL,0.1543,8969190.000,2024-07-07 23:47:37.573
BTC,BUY,0.0200,8974848.000,2024-07-07 23:47:39.035
BTC,BUY,0.0400,8974848.000,2024-07-07 23:47:39.037
BTC,BUY,0.0400,8974848.000,2024-07-07 23:47:39.272
BTC,BUY,0.0156,8983822.000,2024-07-07 23:47:39.272
BTC,BUY,0.0019,8983822.000,2024-07-07 23:47:39.566
BTC,BUY,0.0031,8985679.000,2024-07-07 23:47:39.566
BTC,BUY,0.0125,8974880.000,2024-07-07 23:47:39.777
BTC,BUY,0.0275,8985679.000,2024-07-07 23:47:39.777
BTC,BUY,0.0200,8986149.000,2024-07-07 23:47:40.163
BTC,BUY,0.0030,8988799.000,2024-07-07 23:47:40.649
BTC,BUY,0.0060,8988799.000,2024-07-07 23:47:40.719
BTC,BUY,0.0050,8989680.000,2024-07-07 23:47:46.217
BTC,SELL,0.0300,8985700.000,2024-07-07 23:47:55.146
BTC,SELL,0.0100,8989839.000,2024-07-07 23:48:11.214
BTC,SELL,0.0200,8982232.000,2024-07-07 23:48:11.214
BTC,SELL,0.1000,8982300.000,2024-07-07 23:48:16.585
BTC,SELL,0.0160,8982300.000,2024-07-07 23:48:16.585
BTC,BUY,0.0001,8991439.000,2024-07-07 23:48:42.764
BTC,BUY,0.0010,8980001.000,2024-07-07 23:49:31.939
BTC,SELL,0.0010,8980000.000,2024-07-07 23:49:35.483
BTC,SELL,0.0005,8980000.000,2024-07-07 23:49:35.483
BTC,SELL,0.0002,8980000.000,2024-07-07 23:49:35.483
BTC,BUY,0.0010,8982400.000,2024-07-07 23:49:57.430
BTC,BUY,0.0021,8978480.000,2024-07-07 23:50:14.132
BTC,SELL,0.0010,8977158.000,2024-07-07 23:51:02.793
BTC,SELL,0.0002,8977158.000,2024-07-07 23:51:02.793
BTC,SELL,0.0010,8969000.000,2024-07-07 23:51:02.793
BTC,SELL,0.0078,8968187.000,2024-07-07 23:51:02.793
BTC,SELL,0.0010,8968192.000,2024-07-07 23:51:06.044
BTC,SELL,0.0010,8965793.000,2024-07-07 23:51:06.044
BTC,SELL,0.0010,8965174.000,2024-07-07 23:51:06.044
BTC,SELL,0.0003,8965000.000,2024-07-07 23:51:06.044
BTC,SELL,0.0017,8961925.000,2024-07-07 23:51:06.044
BTC,BUY,0.0003,8968559.000,2024-07-07 23:51:11.642
BTC,SELL,0.0080,8966650.000,2024-07-07 23:51:36.376
BTC,BUY,0.0398,8968067.000,2024-07-07 23:51:42.718
BTC,BUY,0.0050,8968067.000,2024-07-07 23:51:43.173
BTC,BUY,0.0035,8968067.000,2024-07-07 23:51:43.917
BTC,BUY,0.0050,8968067.000,2024-07-07 23:51:43.979
BTC,BUY,0.0050,8968084.000,2024-07-07 23:51:44.645
BTC,BUY,0.0050,8968084.000,2024-07-07 23:51:45.173
BTC,BUY,0.0557,8968084.000,2024-07-07 23:51:45.241
BTC,BUY,0.0114,8968084.000,2024-07-07 23:51:45.350
BTC,BUY,0.0229,8968084.000,2024-07-07 23:51:45.536
BTC,BUY,0.0326,8976342.000,2024-07-07 23:51:45.536
BTC,BUY,0.0200,8976342.000,2024-07-07 23:51:45.562
BTC,BUY,0.0050,8969211.000,2024-07-07 23:51:47.631
BTC,BUY,0.0185,8969211.000,2024-07-07 23:51:48.026
BTC,BUY,0.0050,8969211.000,2024-07-07 23:51:48.120
BTC,BUY,0.0050,8969211.000,2024-07-07 23:51:48.658
BTC,BUY,0.0214,8969211.000,2024-07-07 23:51:48.892
BTC,BUY,0.0100,8969211.000,2024-07-07 23:51:49.112
BTC,BUY,0.0100,8969211.000,2024-07-07 23:51:49.666
BTC,BUY,0.0050,8969211.000,2024-07-07 23:51:49.670
BTC,BUY,0.0200,8969211.000,2024-07-07 23:51:49.764
BTC,BUY,0.0001,8969211.000,2024-07-07 23:51:49.765
BTC,BUY,0.0015,8973479.000,2024-07-07 23:51:53.029
BTC,BUY,0.0165,8973652.000,2024-07-07 23:51:55.760
BTC,BUY,0.0050,8975993.000,2024-07-07 23:51:56.764
BTC,BUY,0.0050,8975993.000,2024-07-07 23:51:57.268
BTC,BUY,0.0900,8975993.000,2024-07-07 23:51:57.394
BTC,BUY,0.0110,8982539.000,2024-07-07 23:51:57.984
BTC,BUY,0.0090,8986179.000,2024-07-07 23:51:57.984
BTC,BUY,0.0050,8978498.000,2024-07-07 23:51:59.681
BTC,BUY,0.0100,8978498.000,2024-07-07 23:52:01.903
BTC,BUY,0.0100,8978498.000,2024-07-07 23:52:01.909
BTC,BUY,0.0050,8978498.000,2024-07-07 23:52:01.949
BTC,BUY,0.0700,8978498.000,2024-07-07 23:52:02.020
BTC,BUY,0.0100,8980716.000,2024-07-07 23:52:02.168
BTC,BUY,0.0522,8980716.000,2024-07-07 23:52:02.600
BTC,BUY,0.0150,8980716.000,2024-07-07 23:52:02.605
BTC,BUY,0.0110,8980716.000,2024-07-07 23:52:02.947
BTC,BUY,0.0110,8980716.000,2024-07-07 23:52:03.069
BTC,BUY,0.0008,8980716.000,2024-07-07 23:52:04.227
BTC,BUY,0.0042,8989475.000,2024-07-07 23:52:04.227
BTC,SELL,0.0025,8985413.000,2024-07-07 23:52:30.363
BTC,SELL,0.0007,8980900.000,2024-07-07 23:52:40.657
BTC,BUY,0.0001,8988993.000,2024-07-07 23:52:48.479
BTC,BUY,0.0050,8989520.000,2024-07-07 23:53:06.354
BTC,SELL,0.0002,8989567.000,2024-07-07 23:53:41.658
BTC,SELL,0.0019,8982087.000,2024-07-07 23:53:41.658
BTC,SELL,0.0093,8980612.000,2024-07-07 23:53:41.658
BTC,BUY,0.0020,8988399.000,2024-07-07 23:54:00.583
BTC,BUY,0.0006,8990300.000,2024-07-07 23:54:07.580
BTC,SELL,0.0002,8985484.000,2024-07-07 23:54:13.407
BTC,BUY,0.0058,8986790.000,2024-07-07 23:54:15.539
BTC,BUY,0.0050,8986790.000,2024-07-07 23:54:16.055
BTC,SELL,0.0008,8986789.000,2024-07-07 23:54:16.335
BTC,BUY,0.0050,8987395.000,2024-07-07 23:54:18.795
BTC,BUY,0.0050,8987395.000,2024-07-07 23:54:19.070
BTC,BUY,0.0200,8987395.000,2024-07-07 23:54:19.353
BTC,BUY,0.0200,8987395.000,2024-07-07 23:54:19.608
BTC,BUY,0.0060,8987395.000,2024-07-07 23:54:19.975
BTC,BUY,0.0200,8987395.000,2024-07-07 23:54:20.354
BTC,BUY,0.0150,8986488.000,2024-07-07 23:54:36.928
BTC,SELL,0.0010,8985050.000,2024-07-07 23:54:53.244
BTC,BUY,0.0002,8990159.000,2024-07-07 23:55:00.700
BTC,BUY,0.0010,8993360.000,2024-07-07 23:55:22.816
BTC,BUY,0.0024,8988355.000,2024-07-07 23:55:34.929
BTC,BUY,0.0050,8988355.000,2024-07-07 23:55:34.934
BTC,BUY,0.0500,8988355.000,2024-07-07 23:55:35.013
BTC,BUY,0.0200,8988355.000,2024-07-07 23:55:35.125
BTC,BUY,0.0060,8990154.000,2024-07-07 23:55:37.474
BTC,BUY,0.0100,8990727.000,2024-07-07 23:55:50.814
BTC,BUY,0.0200,8990727.000,2024-07-07 23:55:51.177
BTC,BUY,0.0050,8990727.000,2024-07-07 23:55:51.232
BTC,BUY,0.0200,8990727.000,2024-07-07 23:55:51.350
BTC,BUY,0.0050,8990727.000,2024-07-07 23:55:51.740
BTC,BUY,0.0200,8990727.000,2024-07-07 23:55:53.253
BTC,BUY,0.0200,8992213.000,2024-07-07 23:55:53.579
BTC,BUY,0.0001,8992213.000,2024-07-07 23:55:54.906
BTC,BUY,0.0200,8992213.000,2024-07-07 23:55:55.672
BTC,BUY,0.0200,8992528.000,2024-07-07 23:56:09.900
BTC,BUY,0.0050,8992528.000,2024-07-07 23:56:11.076
BTC,BUY,0.0100,8993042.000,2024-07-07 23:56:14.024
BTC,BUY,0.0050,8993167.000,2024-07-07 23:56:14.692
BTC,BUY,0.0001,8993520.000,2024-07-07 23:56:18.887
BTC,BUY,0.0040,8993520.000,2024-07-07 23:56:20.349
BTC,BUY,0.0006,8999826.000,2024-07-07 23:56:20.969
BTC,BUY,0.0120,8999598.000,2024-07-07 23:56:48.673
BTC,BUY,0.0020,8999839.000,2024-07-07 23:57:00.588
BTC,BUY,0.0001,8999760.000,2024-07-07 23:57:01.225
BTC,BUY,0.0001,8999759.000,2024-07-07 23:57:01.789
BTC,BUY,0.0040,8998715.000,2024-07-07 23:57:22.636
BTC,SELL,0.1000,8993350.000,2024-07-07 23:57:40.430
BTC,SELL,0.0600,8993350.000,2024-07-07 23:57:40.430
BTC,BUY,0.0010,8993454.000,2024-07-07 23:57:46.399
BTC,BUY,0.0001,8993900.000,2024-07-07 23:57:56.315
BTC,BUY,0.0002,8990160.000,2024-07-07 23:58:20.194
BTC,BUY,0.0123,8990160.000,2024-07-07 23:58:20.272
BTC,BUY,0.0077,8990199.000,2024-07-07 23:58:20.272
BTC,BUY,0.0010,8990150.000,2024-07-07 23:58:21.150
BTC,BUY,0.0001,8990634.000,2024-07-07 23:58:26.568
BTC,BUY,0.0001,8991349.000,2024-07-07 23:58:42.335
BTC,BUY,0.0040,8991249.000,2024-07-07 23:58:46.215
BTC,SELL,0.0010,8990000.000,2024-07-07 23:58:50.539
BTC,SELL,0.0002,8985000.000,2024-07-07 23:58:50.539
BTC,SELL,0.0344,8984561.000,2024-07-07 23:58:50.539
BTC,BUY,0.0005,8986649.000,2024-07-07 23:59:28.292
BTC,SELL,0.0005,8984561.000,2024-07-08 00:00:03.500
BTC,BUY,0.0013,8989529.000,2024-07-08 00:00:26.496
BTC,BUY,0.0001,8989500.000,2024-07-08 00:00:34.013
BTC,BUY,0.0200,8985305.000,2024-07-08 00:00:42.693
BTC,BUY,0.0200,8987011.000,2024-07-08 00:00:44.830
BTC,BUY,0.0009,8987011.000,2024-07-08 00:00:45.355
BTC,BUY,0.0010,8989350.000,2024-07-08 00:01:06.028
BTC,SELL,0.0050,8988000.000,2024-07-08 00:01:09.772
BTC,SELL,0.0060,8988000.000,2024-07-08 00:01:32.468
BTC,SELL,0.0010,8988000.000,2024-07-08 00:01:32.759
BTC,SELL,0.0011,8988000.000,2024-07-08 00:01:32.759
BTC,SELL,0.0020,8984561.000,2024-07-08 00:01:32.759
BTC,SELL,0.0031,8984561.000,2024-07-08 00:01:32.989
BTC,SELL,0.0079,8979012.000,2024-07-08 00:01:32.989
BTC,SELL,0.0030,8979012.000,2024-07-08 00:01:33.040
BTC,SELL,0.0068,8979012.000,2024-07-08 00:01:33.142
BTC,SELL,0.0042,8978560.000,2024-07-08 00:01:33.142
BTC,BUY,0.0050,8978499.000,2024-07-08 00:01:47.637
BTC,SELL,0.0005,8978498.000,2024-07-08 00:02:00.085
BTC,SELL,0.0003,8971719.000,2024-07-08 00:02:00.085
BTC,SELL,0.0050,8970000.000,2024-07-08 00:02:00.085
BTC,SELL,0.0172,8966081.000,2024-07-08 00:02:00.085
BTC,SELL,0.0100,8966160.000,2024-07-08 00:02:01.549
BTC,BUY,0.0120,8961449.000,2024-07-08 00:02:07.966
BTC,BUY,0.0144,8963619.000,2024-07-08 00:02:12.803
BTC,BUY,0.0050,8963619.000,2024-07-08 00:02:13.668
BTC,BUY,0.0136,8963619.000,2024-07-08 00:02:13.713
BTC,BUY,0.0200,8963619.000,2024-07-08 00:02:13.768
BTC,BUY,0.0060,8963619.000,2024-07-08 00:02:13.902
BTC,BUY,0.0050,8963619.000,2024-07-08 00:02:14.142
BTC,BUY,0.0050,8967129.000,2024-07-08 00:02:14.679
BTC,SELL,0.1000,8968223.000,2024-07-08 00:02:25.371
BTC,SELL,0.1000,8968223.000,2024-07-08 00:02:25.371
BTC,SELL,0.0700,8968161.000,2024-07-08 00:02:25.371
BTC,SELL,0.0029,8968160.000,2024-07-08 00:02:25.371
BTC,BUY,0.0200,8975258.000,2024-07-08 00:02:42.349
BTC,BUY,0.0002,8980451.000,2024-07-08 00:02:44.684
BTC,BUY,0.0200,8977000.000,2024-07-08 00:02:53.604
BTC,SELL,0.0002,8975000.000,2024-07-08 00:03:02.707
BTC,SELL,0.0002,8965000.000,2024-07-08 00:03:03.859
BTC,SELL,0.0048,8963364.000,2024-07-08 00:03:03.859
BTC,SELL,0.0052,8963364.000,2024-07-08 00:03:04.458
BTC,SELL,0.0010,8961000.000,2024-07-08 00:03:04.458
BTC,SELL,0.0041,8960001.000,2024-07-08 00:03:04.458
BTC,SELL,0.0060,8960001.000,2024-07-08 00:03:04.716
BTC,SELL,0.0100,8960001.000,2024-07-08 00:03:04.724
BTC,SELL,0.0554,8960001.000,2024-07-08 00:03:04.799
BTC,SELL,0.0400,8960001.000,2024-07-08 00:03:04.882
BTC,SELL,0.0030,8960001.000,2024-07-08 00:03:04.886
BTC,SELL,0.0558,8960001.000,2024-07-08 00:03:05.063
BTC,SELL,0.0010,8960006.000,2024-07-08 00:03:05.399
BTC,SELL,0.0040,8960001.000,2024-07-08 00:03:05.399
BTC,SELL,0.0500,8960001.000,2024-07-08 00:03:05.596
BTC,SELL,0.0200,8960001.000,2024-07-08 00:03:05.880
BTC,SELL,0.0181,8960001.000,2024-07-08 00:03:06.116
BTC,SELL,0.0046,8960001.000,2024-07-08 00:03:06.175
BTC,SELL,0.0125,8960001.000,2024-07-08 00:03:06.616
BTC,SELL,0.0200,8960001.000,2024-07-08 00:03:06.842
BTC,SELL,0.1000,8960001.000,2024-07-08 00:03:07.097
BTC,SELL,0.0118,8960001.000,2024-07-08 00:03:07.391
BTC,SELL,0.0050,8960001.000,2024-07-08 00:03:07.439
BTC,SELL,0.0100,8960001.000,2024-07-08 00:03:07.884
BTC,SELL,0.0050,8960001.000,2024-07-08 00:03:07.962
BTC,SELL,0.0508,8960001.000,2024-07-08 00:03:08.025
BTC,SELL,0.1000,8960001.000,2024-07-08 00:03:08.099
BTC,SELL,0.0200,8960001.000,2024-07-08 00:03:08.101
BTC,SELL,0.0050,8960001.000,2024-07-08 00:03:08.162
BTC,SELL,0.0166,8960001.000,2024-07-08 00:03:08.280
BTC,SELL,0.0990,8960001.000,2024-07-08 00:03:08.282
BTC,SELL,0.0050,8960001.000,2024-07-08 00:03:08.524
BTC,SELL,0.0003,8960001.000,2024-07-08 00:03:09.413
BTC,SELL,0.0001,8960000.000,2024-07-08 00:03:09.413
BTC,SELL,0.0010,8960000.000,2024-07-08 00:03:09.413
BTC,SELL,0.0001,8960000.000,2024-07-08 00:03:09.413
BTC,SELL,0.0003,8960000.000,2024-07-08 00:03:09.413
BTC,SELL,0.0005,8960000.000,2024-07-08 00:03:09.413
BTC,SELL,0.0001,8960000.000,2024-07-08 00:03:09.413
BTC,SELL,0.0003,8958999.000,2024-07-08 00:03:09.419
BTC,SELL,0.0047,8955735.000,2024-07-08 00:03:09.419
BTC,SELL,0.0030,8955735.000,2024-07-08 00:03:09.855
BTC,BUY,0.0294,8955736.000,2024-07-08 00:03:10.728
BTC,BUY,0.0206,8959911.000,2024-07-08 00:03:10.728
BTC,BUY,0.0006,8955736.000,2024-07-08 00:03:12.782
BTC,BUY,0.0500,8959058.000,2024-07-08 00:03:14.733
BTC,BUY,0.0500,8959000.000,2024-07-08 00:03:17.569
BTC,BUY,0.0050,8958999.000,2024-07-08 00:03:20.637
BTC,BUY,0.0200,8958900.000,2024-07-08 00:03:32.434
BTC,BUY,0.0800,8958900.000,2024-07-08 00:03:32.610
BTC,BUY,0.0190,8958900.000,2024-07-08 00:03:32.610
BTC,BUY,0.0200,8958900.000,2024-07-08 00:03:33.252
BTC,BUY,0.0020,8958900.000,2024-07-08 00:03:33.366
BTC,BUY,0.0200,8961037.000,2024-07-08 00:03:34.707
BTC,BUY,0.0017,8962629.000,2024-07-08 00:03:43.370
BTC,BUY,0.0200,8962629.000,2024-07-08 00:03:43.574
BTC,BUY,0.0041,8965143.000,2024-07-08 00:03:49.632
BTC,BUY,0.0010,8966382.000,2024-07-08 00:03:57.753
BTC,BUY,0.1000,8968102.000,2024-07-08 00:04:04.132
BTC,BUY,0.0200,8976935.000,2024-07-08 00:04:09.835
BTC,SELL,0.0050,8976879.000,2024-07-08 00:04:15.669
BTC,SELL,0.0250,8976879.000,2024-07-08 00:04:15.739
BTC,SELL,0.0200,8976130.000,2024-07-08 00:04:16.380
BTC,SELL,0.0039,8970452.000,2024-07-08 00:04:18.736
BTC,SELL,0.0011,8968175.000,2024-07-08 00:04:18.736
BTC,SELL,0.0100,8968021.000,2024-07-08 00:04:29.588
BTC,SELL,0.0100,8961161.000,2024-07-08 00:04:38.745
BTC,BUY,0.0001,8966649.000,2024-07-08 00:04:43.241
BTC,BUY,0.0200,8966600.000,2024-07-08 00:04:45.856
BTC,SELL,0.0380,8961493.000,2024-07-08 00:04:50.999
BTC,SELL,0.0120,8961400.000,2024-07-08 00:04:50.999
BTC,BUY,0.0100,8966500.000,2024-07-08 00:05:02.165
BTC,SELL,0.0060,8961137.000,2024-07-08 00:05:13.517
BTC,SELL,0.0390,8959127.000,2024-07-08 00:05:14.382
BTC,SELL,0.0023,8955735.000,2024-07-08 00:05:15.113
BTC,SELL,0.0010,8955555.000,2024-07-08 00:05:15.113
BTC,SELL,0.0010,8954052.000,2024-07-08 00:05:15.113
BTC,SELL,0.0007,8952322.000,2024-07-08 00:05:15.113
BTC,SELL,0.0200,8952322.000,2024-07-08 00:05:15.768
BTC,SELL,0.0002,8952322.000,2024-07-08 00:05:16.842
BTC,SELL,0.0002,8950200.000,2024-07-08 00:05:19.799
BTC,SELL,0.0020,8950200.000,2024-07-08 00:05:20.337
BTC,SELL,0.0010,8950000.000,2024-07-08 00:05:20.337
BTC,SELL,0.0020,8950000.000,2024-07-08 00:05:20.337
BTC,SELL,0.0080,8950000.000,2024-07-08 00:05:20.406
BTC,SELL,0.0050,8950000.000,2024-07-08 00:05:20.406
BTC,SELL,0.0001,8950000.000,2024-07-08 00:05:20.406
BTC,SELL,0.0100,8950000.000,2024-07-08 00:05:20.406
BTC,SELL,0.0002,8950000.000,2024-07-08 00:05:20.406
BTC,SELL,0.0001,8950000.000,2024-07-08 00:05:20.406
BTC,SELL,0.0001,8950000.000,2024-07-08 00:05:20.406
BTC,SELL,0.0001,8950000.000,2024-07-08 00:05:20.406
BTC,SELL,0.0003,8950000.000,2024-07-08 00:05:20.406
BTC,SELL,0.0001,8950000.000,2024-07-08 00:05:20.406
BTC,SELL,0.0016,8950000.000,2024-07-08 00:05:20.406
BTC,SELL,0.0104,8950000.000,2024-07-08 00:05:20.406
BTC,SELL,0.0050,8950000.000,2024-07-08 00:05:21.236
BTC,SELL,0.0046,8950000.000,2024-07-08 00:05:29.568
BTC,SELL,0.0007,8950000.000,2024-07-08 00:05:29.568
BTC,SELL,0.0003,8950000.000,2024-07-08 00:05:29.568
BTC,SELL,0.0050,8950000.000,2024-07-08 00:05:29.568
BTC,SELL,0.0005,8950000.000,2024-07-08 00:05:29.568
BTC,SELL,0.0050,8950000.000,2024-07-08 00:05:29.568
BTC,SELL,0.0002,8950000.000,2024-07-08 00:05:29.568
BTC,SELL,0.0002,8950000.000,2024-07-08 00:05:29.568
BTC,SELL,0.0001,8950000.000,2024-07-08 00:05:29.568
BTC,SELL,0.0020,8950000.000,2024-07-08 00:05:29.568
BTC,SELL,0.0014,8950000.000,2024-07-08 00:05:29.568
BTC,SELL,0.0036,8950000.000,2024-07-08 00:05:29.579
BTC,SELL,0.0002,8950000.000,2024-07-08 00:05:29.579
BTC,SELL,0.0003,8950000.000,2024-07-08 00:05:29.579
BTC,SELL,0.0286,8950000.000,2024-07-08 00:05:29.579
BTC,SELL,0.0014,8950000.000,2024-07-08 00:05:29.978
BTC,SELL,0.0036,8950000.000,2024-07-08 00:05:29.978
BTC,SELL,0.0041,8950000.000,2024-07-08 00:05:30.096
BTC,SELL,0.0033,8950000.000,2024-07-08 00:05:30.741
BTC,SELL,0.0002,8950000.000,2024-07-08 00:05:30.741
BTC,SELL,0.0002,8950000.000,2024-07-08 00:05:30.741
BTC,SELL,0.0050,8949575.000,2024-07-08 00:05:30.741
BTC,SELL,0.0013,8944220.000,2024-07-08 00:05:30.741
BTC,BUY,0.0002,8943679.000,2024-07-08 00:05:42.785
BTC,BUY,0.0004,8943679.000,2024-07-08 00:05:43.387
BTC,SELL,0.0010,8942930.000,2024-07-08 00:05:43.832
BTC,SELL,0.0010,8940000.000,2024-07-08 00:05:44.364
BTC,BUY,0.0200,8940410.000,2024-07-08 00:05:50.963
BTC,BUY,0.0001,8940001.000,2024-07-08 00:05:59.161
BTC,BUY,0.0050,8940001.000,2024-07-08 00:05:59.911
BTC,SELL,0.0010,8940000.000,2024-07-08 00:06:00.324
BTC,SELL,0.0001,8940000.000,2024-07-08 00:06:00.324
BTC,SELL,0.0001,8940000.000,2024-07-08 00:06:00.324
BTC,SELL,0.0003,8940000.000,2024-07-08 00:06:00.324
BTC,SELL,0.0001,8940000.000,2024-07-08 00:06:00.324
BTC,SELL,0.0001,8940000.000,2024-07-08 00:06:00.324
BTC,SELL,0.0053,8935000.000,2024-07-08 00:06:00.324
BTC,BUY,0.0050,8937669.000,2024-07-08 00:06:09.533
BTC,BUY,0.0950,8937669.000,2024-07-08 00:06:09.652
BTC,BUY,0.0499,8943575.000,2024-07-08 00:06:10.677
BTC,BUY,0.0297,8943575.000,2024-07-08 00:06:10.930
BTC,BUY,0.0042,8943630.000,2024-07-08 00:06:10.930
BTC,BUY,0.0010,8943182.000,2024-07-08 00:06:15.899
BTC,BUY,0.0400,8943764.000,2024-07-08 00:06:21.207
BTC,BUY,0.0600,8943764.000,2024-07-08 00:06:21.465
BTC,BUY,0.0050,8946515.000,2024-07-08 00:06:21.696
BTC,BUY,0.0151,8950000.000,2024-07-08 00:06:24.330
BTC,BUY,0.0050,8950000.000,2024-07-08 00:06:24.575
BTC,SELL,0.0100,8945701.000,2024-07-08 00:06:27.769
BTC,BUY,0.0001,8945702.000,2024-07-08 00:06:27.969
BTC,SELL,0.0140,8945701.000,2024-07-08 00:06:28.269
BTC,SELL,0.0100,8943989.000,2024-07-08 00:06:29.960
BTC,SELL,0.0050,8943903.000,2024-07-08 00:06:29.960
BTC,BUY,0.0100,8947597.000,2024-07-08 00:06:33.409
BTC,BUY,0.0004,8947597.000,2024-07-08 00:06:33.592
BTC,BUY,0.1000,8949750.000,2024-07-08 00:06:42.920
BTC,BUY,0.0010,8950000.000,2024-07-08 00:06:42.928
BTC,BUY,0.0089,8950000.000,2024-07-08 00:06:44.021
BTC,BUY,0.0099,8955241.000,2024-07-08 00:06:44.853
BTC,BUY,0.0030,8955241.000,2024-07-08 00:06:45.001
BTC,BUY,0.0079,8955241.000,2024-07-08 00:06:45.497
BTC,BUY,0.1000,8958079.000,2024-07-08 00:06:51.530
BTC,BUY,0.0001,8961521.000,2024-07-08 00:06:51.713
BTC,BUY,0.0200,8961521.000,2024-07-08 00:06:52.453
BTC,BUY,0.0060,8961521.000,2024-07-08 00:06:52.457
BTC,BUY,0.0439,8961521.000,2024-07-08 00:06:52.576
BTC,BUY,0.0050,8966697.000,2024-07-08 00:06:54.549
BTC,BUY,0.0002,8966697.000,2024-07-08 00:06:55.464
BTC,BUY,0.0001,8967639.000,2024-07-08 00:06:59.722
BTC,SELL,0.0014,8967634.000,2024-07-08 00:07:01.224
BTC,BUY,0.0099,8968039.000,2024-07-08 00:07:02.947
BTC,SELL,0.0009,8968037.000,2024-07-08 00:07:03.484
BTC,SELL,0.0991,8968037.000,2024-07-08 00:07:03.957
BTC,SELL,0.0335,8968034.000,2024-07-08 00:07:04.327
BTC,SELL,0.0555,8968034.000,2024-07-08 00:07:04.378
BTC,SELL,0.0050,8964421.000,2024-07-08 00:07:04.381
BTC,SELL,0.0060,8960260.000,2024-07-08 00:07:04.810
BTC,SELL,0.0050,8960260.000,2024-07-08 00:07:05.002
BTC,SELL,0.0200,8960260.000,2024-07-08 00:07:05.185
BTC,SELL,0.0060,8959263.000,2024-07-08 00:07:06.184
BTC,SELL,0.0200,8959263.000,2024-07-08 00:07:06.542
BTC,BUY,0.0006,8959264.000,2024-07-08 00:07:07.105
BTC,SELL,0.0050,8959263.000,2024-07-08 00:07:07.276
BTC,SELL,0.0690,8959263.000,2024-07-08 00:07:07.464
BTC,SELL,0.0050,8955864.000,2024-07-08 00:07:07.467
BTC,SELL,0.0050,8955864.000,2024-07-08 00:07:08.024
BTC,SELL,0.0050,8951979.000,2024-07-08 00:07:16.963
BTC,BUY,0.0200,8951901.000,2024-07-08 00:07:25.472
BTC,SELL,0.0280,8952509.000,2024-07-08 00:07:28.046
BTC,SELL,0.0280,8952509.000,2024-07-08 00:07:28.552
BTC,SELL,0.0030,8946200.000,2024-07-08 00:07:34.127
BTC,BUY,0.1000,8948326.000,2024-07-08 00:07:36.102
BTC,BUY,0.0200,8950935.000,2024-07-08 00:07:41.534
BTC,SELL,0.0001,8950011.000,2024-07-08 00:07:48.050
BTC,SELL,0.0949,8950011.000,2024-07-08 00:07:49.679
BTC,SELL,0.0050,8950011.000,2024-07-08 00:07:49.897
BTC,BUY,0.0100,8946241.000,2024-07-08 00:07:51.496
BTC,BUY,0.0005,8950674.000,2024-07-08 00:08:18.491
BTC,BUY,0.0034,8950674.000,2024-07-08 00:08:19.014
BTC,BUY,0.0001,8950672.000,2024-07-08 00:08:21.875
BTC,BUY,0.0003,8946625.000,2024-07-08 00:08:39.450
BTC,BUY,0.0025,8946549.000,2024-07-08 00:08:45.426
BTC,SELL,0.0011,8946241.000,2024-07-08 00:08:53.132
BTC,SELL,0.1000,8943310.000,2024-07-08 00:08:53.132
BTC,SELL,0.0069,8941725.000,2024-07-08 00:08:53.132
BTC,SELL,0.0125,8940240.000,2024-07-08 00:08:53.132
BTC,SELL,0.0100,8940210.000,2024-07-08 00:08:53.132
BTC,SELL,0.0025,8940000.000,2024-07-08 00:08:53.132
BTC,SELL,0.0002,8940000.000,2024-07-08 00:08:53.132
BTC,SELL,0.0168,8939106.000,2024-07-08 00:08:53.132
BTC,SELL,0.0050,8942351.000,2024-07-08 00:08:56.123
BTC,SELL,0.0050,8938467.000,2024-07-08 00:08:56.549
BTC,SELL,0.0050,8938467.000,2024-07-08 00:08:59.462
BTC,SELL,0.0002,8936971.000,2024-07-08 00:09:15.675
BTC,BUY,0.0010,8936349.000,2024-07-08 00:09:17.929
BTC,BUY,0.0002,8936348.000,2024-07-08 00:09:19.424
BTC,BUY,0.0559,8935001.000,2024-07-08 00:10:16.407
BTC,BUY,0.0333,8935001.000,2024-07-08 00:10:16.407
BTC,BUY,0.0108,8935001.000,2024-07-08 00:10:16.407
BTC,SELL,0.0041,8935000.000,2024-07-08 00:10:21.790
BTC,SELL,0.0001,8935000.000,2024-07-08 00:10:22.772
BTC,BUY,0.0050,8935001.000,2024-07-08 00:10:26.023
BTC,SELL,0.0015,8935000.000,2024-07-08 00:10:28.398
BTC,BUY,0.0013,8934994.000,2024-07-08 00:10:28.449
BTC,BUY,0.0125,8933600.000,2024-07-08 00:10:44.226
BTC,BUY,0.0100,8933550.000,2024-07-08 00:10:45.204
BTC,BUY,0.1000,8934300.000,2024-07-08 00:10:47.291
BTC,BUY,0.0247,8936325.000,2024-07-08 00:10:48.777
BTC,BUY,0.0005,8945582.000,2024-07-08 00:10:58.793
BTC,BUY,0.0008,8947050.000,2024-07-08 00:11:02.989
BTC,BUY,0.0001,8944530.000,2024-07-08 00:11:06.811
BTC,SELL,0.0498,8943845.000,2024-07-08 00:11:11.123
BTC,SELL,0.0050,8943780.000,2024-07-08 00:11:11.801
BTC,SELL,0.0030,8943780.000,2024-07-08 00:11:11.838
BTC,SELL,0.0145,8943578.000,2024-07-08 00:11:11.838
BTC,SELL,0.0050,8940241.000,2024-07-08 00:11:14.552
BTC,BUY,0.0005,8945340.000,2024-07-08 00:11:16.153
BTC,SELL,0.0050,8942255.000,2024-07-08 00:11:21.913
BTC,SELL,0.0050,8942255.000,2024-07-08 00:11:22.405
BTC,SELL,0.0050,8942255.000,2024-07-08 00:11:23.413
BTC,SELL,0.0050,8936250.000,2024-07-08 00:12:17.954
BTC,SELL,0.0950,8936250.000,2024-07-08 00:12:18.766
BTC,SELL,0.0050,8935737.000,2024-07-08 00:12:28.154
BTC,SELL,0.0050,8935737.000,2024-07-08 00:12:28.629
BTC,SELL,0.0050,8935737.000,2024-07-08 00:12:29.379
BTC,SELL,0.0004,8935275.000,2024-07-08 00:12:41.904
BTC,BUY,0.0009,8936020.000,2024-07-08 00:12:46.122
BTC,BUY,0.0015,8936020.000,2024-07-08 00:13:00.942
BTC,BUY,0.0051,8935926.000,2024-07-08 00:13:09.657
BTC,BUY,0.0010,8935846.000,2024-07-08 00:13:26.593
BTC,SELL,0.0007,8933700.000,2024-07-08 00:13:27.316
BTC,SELL,0.0008,8933521.000,2024-07-08 00:13:27.316
BTC,SELL,0.0035,8932860.000,2024-07-08 00:13:27.316
BTC,BUY,0.0005,8932457.000,2024-07-08 00:13:29.463
BTC,BUY,0.0001,8936020.000,2024-07-08 00:13:42.752
BTC,BUY,0.0508,8936020.000,2024-07-08 00:13:44.129
BTC,BUY,0.0200,8936020.000,2024-07-08 00:13:44.845
BTC,BUY,0.0032,8936020.000,2024-07-08 00:13:46.262
BTC,BUY,0.0285,8936020.000,2024-07-08 00:13:47.396
BTC,SELL,0.0050,8938112.000,2024-07-08 00:14:11.866
BTC,SELL,0.0050,8938112.000,2024-07-08 00:14:12.485
BTC,SELL,0.0079,8938112.000,2024-07-08 00:14:13.694
BTC,SELL,0.0498,8934933.000,2024-07-08 00:14:14.774
BTC,SELL,0.0050,8934933.000,2024-07-08 00:14:14.967
BTC,SELL,0.0170,8934933.000,2024-07-08 00:14:15.056
BTC,SELL,0.0050,8934933.000,2024-07-08 00:14:15.499
BTC,SELL,0.0050,8934933.000,2024-07-08 00:14:16.489
BTC,SELL,0.0050,8934171.000,2024-07-08 00:14:18.023
BTC,SELL,0.0050,8934171.000,2024-07-08 00:14:18.546
BTC,BUY,0.0007,8936020.000,2024-07-08 00:15:07.634
BTC,BUY,0.0200,8936020.000,2024-07-08 00:15:08.348
BTC,BUY,0.0001,8936020.000,2024-07-08 00:15:09.666
BTC,BUY,0.0007,8936020.000,2024-07-08 00:15:10.363
BTC,BUY,0.0180,8936020.000,2024-07-08 00:15:11.702
BTC,BUY,0.0058,8936020.000,2024-07-08 00:15:12.247
BTC,SELL,0.0010,8936090.000,2024-07-08 00:15:18.263
BTC,SELL,0.0125,8934800.000,2024-07-08 00:15:18.263
BTC,SELL,0.0435,8934740.000,2024-07-08 00:15:18.263
BTC,SELL,0.0050,8935845.000,2024-07-08 00:15:20.114
BTC,SELL,0.0050,8934594.000,2024-07-08 00:15:33.953
BTC,BUY,0.0005,8940000.000,2024-07-08 00:16:01.302
BTC,BUY,0.0005,8940000.000,2024-07-08 00:16:28.287
BTC,BUY,0.0009,8947913.000,2024-07-08 00:16:38.080
BTC,BUY,0.0010,8952150.000,2024-07-08 00:16:40.740
BTC,BUY,0.0010,8952150.000,2024-07-08 00:16:40.805
BTC,BUY,0.0002,8958527.000,2024-07-08 00:16:51.863
BTC,BUY,0.0050,8958062.000,2024-07-08 00:16:59.944
BTC,SELL,0.0050,8955410.000,2024-07-08 00:17:03.143
BTC,SELL,0.0050,8954350.000,2024-07-08 00:17:04.634
BTC,SELL,0.0050,8953820.000,2024-07-08 00:17:05.150
BTC,SELL,0.0050,8950640.000,2024-07-08 00:17:05.680
BTC,SELL,0.0050,8955471.000,2024-07-08 00:17:22.354
BTC,BUY,0.0020,8960350.000,2024-07-08 00:17:54.306
BTC,SELL,0.0250,8958708.000,2024-07-08 00:18:25.927
BTC,SELL,0.0050,8958708.000,2024-07-08 00:18:25.968
BTC,SELL,0.0200,8956458.000,2024-07-08 00:18:27.755
BTC,SELL,0.0050,8956458.000,2024-07-08 00:18:29.418
BTC,BUY,0.0001,8956450.000,2024-07-08 00:18:43.861
BTC,SELL,0.0002,8956000.000,2024-07-08 00:18:55.809
BTC,SELL,0.0050,8958998.000,2024-07-08 00:19:08.649
BTC,SELL,0.0150,8958998.000,2024-07-08 00:19:11.144
BTC,SELL,0.0050,8958998.000,2024-07-08 00:19:11.201
BTC,SELL,0.0033,8958998.000,2024-07-08 00:19:11.494
BTC,SELL,0.0050,8958240.000,2024-07-08 00:19:11.690
BTC,SELL,0.0050,8958240.000,2024-07-08 00:19:12.192
BTC,SELL,0.0050,8958240.000,2024-07-08 00:19:13.190
BTC,SELL,0.0116,8958240.000,2024-07-08 00:19:13.858
BTC,SELL,0.0005,8957564.000,2024-07-08 00:20:02.817
BTC,SELL,0.0050,8957564.000,2024-07-08 00:20:04.656
BTC,BUY,0.0002,8959564.000,2024-07-08 00:20:33.447
BTC,BUY,0.0012,8959747.000,2024-07-08 00:20:39.819
BTC,BUY,0.0010,8959747.000,2024-07-08 00:20:41.418
BTC,BUY,0.0006,8958891.000,2024-07-08 00:21:21.312
BTC,BUY,0.0200,8959747.000,2024-07-08 00:21:39.092
BTC,BUY,0.0100,8959747.000,2024-07-08 00:21:39.095
BTC,BUY,0.0180,8959747.000,2024-07-08 00:21:39.303
BTC,BUY,0.0200,8959747.000,2024-07-08 00:21:39.672
BTC,BUY,0.0019,8959747.000,2024-07-08 00:21:40.092
BTC,BUY,0.0100,8959747.000,2024-07-08 00:21:40.358
BTC,BUY,0.0200,8959747.000,2024-07-08 00:21:40.360
BTC,BUY,0.0180,8959747.000,2024-07-08 00:21:43.512
BTC,BUY,0.0516,8959747.000,2024-07-08 00:21:44.315
BTC,BUY,0.0061,8959747.000,2024-07-08 00:21:44.549
BTC,BUY,0.0100,8959747.000,2024-07-08 00:21:44.697
BTC,BUY,0.0822,8959747.000,2024-07-08 00:21:44.908
BTC,BUY,0.0002,8960000.000,2024-07-08 00:21:45.040
BTC,BUY,0.0011,8968703.000,2024-07-08 00:21:45.040
BTC,BUY,0.0003,8980000.000,2024-07-08 00:22:40.911
BTC,BUY,0.0047,8984050.000,2024-07-08 00:22:40.911
BTC,BUY,0.0060,8984050.000,2024-07-08 00:22:40.915
BTC,BUY,0.0070,8984050.000,2024-07-08 00:22:41.012
BTC,BUY,0.0730,8984981.000,2024-07-08 00:22:41.012
BTC,BUY,0.0030,8984981.000,2024-07-08 00:22:41.225
BTC,BUY,0.0004,8984071.000,2024-07-08 00:22:42.473
BTC,BUY,0.0010,8984858.000,2024-07-08 00:22:52.027
BTC,SELL,0.0356,8983550.000,2024-07-08 00:23:01.565
BTC,SELL,0.0644,8983550.000,2024-07-08 00:23:01.813
BTC,SELL,0.3225,8983500.000,2024-07-08 00:23:01.813
BTC,SELL,0.1086,8983500.000,2024-07-08 00:23:02.022
BTC,BUY,0.0002,8985001.000,2024-07-08 00:23:12.814
BTC,BUY,0.0008,8987921.000,2024-07-08 00:23:12.814
BTC,BUY,0.0003,8990000.000,2024-07-08 00:23:47.554
BTC,BUY,0.0700,8994090.000,2024-07-08 00:23:47.554
BTC,BUY,0.0297,8994979.000,2024-07-08 00:23:47.554
BTC,BUY,0.0002,8995342.000,2024-07-08 00:24:05.945
BTC,BUY,0.0500,8995887.000,2024-07-08 00:24:06.199
BTC,BUY,0.0040,8995780.000,2024-07-08 00:24:18.516
BTC,BUY,0.0053,8995780.000,2024-07-08 00:24:24.647
BTC,SELL,0.0050,8992000.000,2024-07-08 00:24:25.295
BTC,BUY,0.0002,8992001.000,2024-07-08 00:24:33.152
BTC,BUY,0.0028,8992001.000,2024-07-08 00:24:33.152
BTC,BUY,0.0002,8992001.000,2024-07-08 00:24:35.979
BTC,BUY,0.0018,8993649.000,2024-07-08 00:24:35.979
BTC,BUY,0.0560,8992621.000,2024-07-08 00:24:48.792
BTC,SELL,0.0010,8992621.000,2024-07-08 00:25:14.357
BTC,SELL,0.0031,8992000.000,2024-07-08 00:25:14.357
BTC,SELL,0.0030,8992000.000,2024-07-08 00:25:17.408
BTC,SELL,0.0010,8992000.000,2024-07-08 00:25:17.408
BTC,SELL,0.0960,8990171.000,2024-07-08 00:25:17.408
BTC,SELL,0.0005,8990000.000,2024-07-08 00:25:18.383
BTC,SELL,0.0010,8990000.000,2024-07-08 00:25:18.383
BTC,SELL,0.0010,8990000.000,2024-07-08 00:25:18.383
BTC,SELL,0.1000,8989787.000,2024-07-08 00:25:18.383
BTC,BUY,0.0001,8990500.000,2024-07-08 00:26:04.619
BTC,BUY,0.0002,8995117.000,2024-07-08 00:26:27.279
BTC,SELL,0.1000,8995115.000,2024-07-08 00:26:29.109
BTC,SELL,0.0100,8995040.000,2024-07-08 00:26:29.522
BTC,SELL,0.0025,8995040.000,2024-07-08 00:26:29.822
BTC,SELL,0.0850,8993062.000,2024-07-08 00:26:30.432
BTC,BUY,0.0001,8994850.000,2024-07-08 00:26:58.284
BTC,BUY,0.0400,8995157.000,2024-07-08 00:27:07.344
BTC,BUY,0.0050,8993086.000,2024-07-08 00:27:24.427
BTC,BUY,0.0011,8993335.000,2024-07-08 00:27:40.185
BTC,SELL,0.0326,8993801.000,2024-07-08 00:27:47.609
BTC,SELL,0.0527,8995289.000,2024-07-08 00:27:51.652
BTC,SELL,0.0473,8995289.000,2024-07-08 00:27:53.699
BTC,SELL,0.0218,8995289.000,2024-07-08 00:27:53.699
BTC,SELL,0.0081,8996263.000,2024-07-08 00:27:55.628
BTC,SELL,0.0005,8996263.000,2024-07-08 00:27:56.781
BTC,BUY,0.0003,8996050.000,2024-07-08 00:28:07.325
BTC,BUY,0.0010,9000000.000,2024-07-08 00:28:48.916
BTC,BUY,0.0003,9000000.000,2024-07-08 00:28:48.916
BTC,BUY,0.0002,9000000.000,2024-07-08 00:28:48.916
BTC,BUY,0.0010,9000000.000,2024-07-08 00:28:48.916
BTC,BUY,0.0002,9000000.000,2024-07-08 00:28:48.916
BTC,BUY,0.0073,9000422.000,2024-07-08 00:28:48.916
BTC,BUY,0.0001,9002150.000,2024-07-08 00:29:20.129
BTC,BUY,0.0001,9002000.000,2024-07-08 00:29:39.711
BTC,BUY,0.0100,9001270.000,2024-07-08 00:29:45.720
BTC,SELL,0.0050,9000000.000,2024-07-08 00:30:06.800
BTC,BUY,0.0008,9000001.000,2024-07-08 00:30:08.329
BTC,SELL,0.0050,9000000.000,2024-07-08 00:30:09.325
BTC,SELL,0.0050,9000000.000,2024-07-08 00:30:09.862
BTC,SELL,0.0002,9000000.000,2024-07-08 00:30:09.865
BTC,SELL,0.0050,9000000.000,2024-07-08 00:30:10.352
BTC,SELL,0.0120,9000000.000,2024-07-08 00:30:12.814
BTC,SELL,0.0005,9000000.000,2024-07-08 00:30:17.740
BTC,SELL,0.0001,8995886.000,2024-07-08 00:30:17.740
BTC,SELL,0.0004,8991730.000,2024-07-08 00:30:17.740
BTC,SELL,0.0003,8990000.000,2024-07-08 00:30:29.577
BTC,SELL,0.0017,8990000.000,2024-07-08 00:30:29.577
BTC,BUY,0.0002,8993600.000,2024-07-08 00:30:46.098
BTC,BUY,0.0001,8990680.000,2024-07-08 00:31:04.813
BTC,BUY,0.0001,8990400.000,2024-07-08 00:31:13.327
BTC,SELL,0.0006,8990000.000,2024-07-08 00:31:20.637
BTC,BUY,0.0056,8991150.000,2024-07-08 00:31:34.589
BTC,SELL,0.0060,8990000.000,2024-07-08 00:32:05.048
BTC,SELL,0.0006,8990000.000,2024-07-08 00:32:05.902
