symbol,side,size,price,timestamp
BTC,BUY,0.0031,9430288.000,2024-07-04 21:00:05.920
BTC,BUY,0.0069,9430290.000,2024-07-04 21:00:05.920
BTC,SELL,0.0100,9430287.000,2024-07-04 21:00:07.936
BTC,BUY,0.0010,9437293.000,2024-07-04 21:00:26.231
BTC,BUY,0.0001,9436857.000,2024-07-04 21:00:45.984
BTC,BUY,0.0100,9436850.000,2024-07-04 21:00:55.381
BTC,BUY,0.0070,9436840.000,2024-07-04 21:01:02.663
BTC,BUY,0.0010,9436840.000,2024-07-04 21:01:18.740
BTC,BUY,0.0001,9436840.000,2024-07-04 21:01:26.842
BTC,BUY,0.0001,9437769.000,2024-07-04 21:01:52.311
BTC,BUY,0.0002,9437353.000,2024-07-04 21:02:13.800
BTC,BUY,0.0002,9430001.000,2024-07-04 21:03:49.720
BTC,BUY,0.0050,9435219.000,2024-07-04 21:03:49.720
BTC,BUY,0.0014,9435847.000,2024-07-04 21:03:49.720
BTC,BUY,0.0067,9436823.000,2024-07-04 21:03:49.720
BTC,BUY,0.0167,9436830.000,2024-07-04 21:03:49.720
BTC,BUY,0.0011,9435749.000,2024-07-04 21:04:12.267
BTC,BUY,0.0030,9435750.000,2024-07-04 21:04:30.908
BTC,BUY,0.0001,9430058.000,2024-07-04 21:05:01.663
BTC,BUY,0.0050,9431350.000,2024-07-04 21:05:10.866
BTC,SELL,0.0005,9430000.000,2024-07-04 21:06:20.100
BTC,BUY,0.0002,9435000.000,2024-07-04 21:10:39.013
BTC,BUY,0.0598,9435590.000,2024-07-04 21:10:39.013
BTC,BUY,0.0010,9436650.000,2024-07-04 21:10:49.672
BTC,BUY,0.1000,9437180.000,2024-07-04 21:10:51.163
BTC,BUY,0.0500,9438240.000,2024-07-04 21:11:18.650
BTC,BUY,0.0135,9438770.000,2024-07-04 21:11:22.964
BTC,BUY,0.0001,9439300.000,2024-07-04 21:11:33.386
BTC,BUY,0.0001,9440000.000,2024-07-04 21:11:52.105
BTC,BUY,0.0002,9440000.000,2024-07-04 21:12:15.348
BTC,BUY,0.0005,9443010.000,2024-07-04 21:12:25.760
BTC,BUY,0.0002,9445000.000,2024-07-04 21:12:53.486
BTC,BUY,0.0447,9448310.000,2024-07-04 21:12:53.486
BTC,BUY,0.0001,9448677.000,2024-07-04 21:12:57.396
BTC,BUY,0.0029,9448840.000,2024-07-04 21:12:57.396
BTC,BUY,0.0051,9449370.000,2024-07-04 21:12:58.263
BTC,BUY,0.0005,9449900.000,2024-07-04 21:13:06.986
BTC,BUY,0.0001,9450000.000,2024-07-04 21:13:25.960
BTC,BUY,0.0002,9450000.000,2024-07-04 21:13:43.369
BTC,BUY,0.0003,9450000.000,2024-07-04 21:13:43.369
BTC,BUY,0.0001,9450000.000,2024-07-04 21:13:48.415
BTC,BUY,0.0020,9450100.000,2024-07-04 21:14:02.134
BTC,BUY,0.0001,9450100.000,2024-07-04 21:14:18.926
BTC,BUY,0.0006,9450100.000,2024-07-04 21:14:53.768
BTC,BUY,0.1994,9451490.000,2024-07-04 21:14:53.768
BTC,BUY,0.2000,9451490.000,2024-07-04 21:14:53.861
BTC,BUY,0.2000,9452020.000,2024-07-04 21:14:54.721
BTC,BUY,0.2000,9452020.000,2024-07-04 21:14:54.824
BTC,BUY,0.2000,9453610.000,2024-07-04 21:14:55.727
BTC,BUY,0.2000,9453610.000,2024-07-04 21:14:55.843
BTC,BUY,0.2000,9454670.000,2024-07-04 21:14:56.133
BTC,BUY,0.0002,9455000.000,2024-07-04 21:14:57.258
BTC,BUY,0.0200,9456100.000,2024-07-04 21:14:57.258
BTC,BUY,0.1798,9456260.000,2024-07-04 21:14:57.258
BTC,BUY,0.2000,9456260.000,2024-07-04 21:14:57.376
BTC,BUY,0.0003,9460000.000,2024-07-04 21:14:58.787
BTC,BUY,0.0001,9460000.000,2024-07-04 21:14:58.787
BTC,BUY,0.0001,9461096.000,2024-07-04 21:15:05.949
BTC,SELL,0.0001,9460000.000,2024-07-04 21:15:22.148
BTC,SELL,0.0009,9460000.000,2024-07-04 21:15:26.395
BTC,BUY,0.0500,9460000.000,2024-07-04 21:15:49.139
BTC,BUY,0.0001,9461440.000,2024-07-04 21:16:02.778
BTC,SELL,0.0030,9460000.000,2024-07-04 21:16:12.453
BTC,BUY,0.0001,9459906.000,2024-07-04 21:16:15.456
BTC,SELL,0.0001,9450000.000,2024-07-04 21:16:17.865
BTC,BUY,0.0100,9450001.000,2024-07-04 21:16:35.248
BTC,BUY,0.0020,9454493.000,2024-07-04 21:16:36.757
BTC,SELL,0.0009,9450000.000,2024-07-04 21:17:08.588
BTC,SELL,0.0170,9446675.000,2024-07-04 21:17:08.588
BTC,SELL,0.0321,9446674.000,2024-07-04 21:17:08.588
BTC,BUY,0.0002,9454736.000,2024-07-04 21:17:21.094
BTC,BUY,0.0100,9454705.000,2024-07-04 21:17:51.788
BTC,BUY,0.0020,9454697.000,2024-07-04 21:17:58.818
BTC,BUY,0.0100,9454697.000,2024-07-04 21:17:59.873
BTC,BUY,0.0010,9454684.000,2024-07-04 21:18:10.350
BTC,SELL,0.0050,9450306.000,2024-07-04 21:18:50.949
BTC,BUY,0.0050,9450960.000,2024-07-04 21:19:06.664
BTC,SELL,0.0940,9451685.000,2024-07-04 21:20:24.058
BTC,SELL,0.0060,9451680.000,2024-07-04 21:20:24.058
BTC,BUY,0.0021,9453080.000,2024-07-04 21:20:24.062
BTC,BUY,0.0005,9454140.000,2024-07-04 21:20:25.879
BTC,BUY,0.0051,9457320.000,2024-07-04 21:20:32.723
BTC,BUY,0.0029,9457850.000,2024-07-04 21:20:37.902
BTC,BUY,0.0011,9459970.000,2024-07-04 21:21:22.456
BTC,BUY,0.0018,9463150.000,2024-07-04 21:22:26.368
BTC,BUY,0.0002,9465000.000,2024-07-04 21:22:37.026
BTC,BUY,0.0001,9466050.000,2024-07-04 21:22:42.461
BTC,BUY,0.0100,9468000.000,2024-07-04 21:22:48.833
BTC,BUY,0.0100,9468450.000,2024-07-04 21:22:48.833
BTC,BUY,0.0052,9469510.000,2024-07-04 21:23:00.790
BTC,BUY,0.0003,9470000.000,2024-07-04 21:23:03.420
BTC,BUY,0.0047,9470040.000,2024-07-04 21:23:03.420
BTC,BUY,0.0001,9471100.000,2024-07-04 21:23:15.621
BTC,BUY,0.0001,9474530.000,2024-07-04 21:23:19.613
BTC,SELL,0.0002,9468450.000,2024-07-04 21:23:27.569
BTC,BUY,0.0010,9468980.000,2024-07-04 21:23:43.344
BTC,BUY,0.0218,9474375.000,2024-07-04 21:23:49.924
BTC,BUY,0.0482,9474395.000,2024-07-04 21:23:49.924
BTC,BUY,0.0010,9474699.000,2024-07-04 21:24:07.173
BTC,BUY,0.0190,9474825.000,2024-07-04 21:24:07.173
BTC,BUY,0.0050,9477120.000,2024-07-04 21:24:17.167
BTC,SELL,0.0003,9468850.000,2024-07-04 21:24:19.660
BTC,SELL,0.0029,9471099.000,2024-07-04 21:24:25.652
BTC,SELL,0.0007,9471630.000,2024-07-04 21:24:29.643
BTC,BUY,0.0001,9473750.000,2024-07-04 21:24:51.851
BTC,BUY,0.0002,9473742.000,2024-07-04 21:25:32.066
BTC,SELL,0.0050,9470450.000,2024-07-04 21:26:18.945
BTC,SELL,0.0010,9470450.000,2024-07-04 21:26:20.988
BTC,SELL,0.0010,9470005.000,2024-07-04 21:26:20.988
BTC,SELL,0.0032,9470000.000,2024-07-04 21:26:20.988
BTC,SELL,0.0050,9470000.000,2024-07-04 21:26:21.846
BTC,SELL,0.0050,9470000.000,2024-07-04 21:26:23.359
BTC,SELL,0.0050,9470000.000,2024-07-04 21:26:23.897
BTC,SELL,0.0050,9470000.000,2024-07-04 21:26:23.989
BTC,SELL,0.0050,9470000.000,2024-07-04 21:26:24.397
BTC,SELL,0.0050,9470000.000,2024-07-04 21:26:25.400
BTC,SELL,0.0050,9470000.000,2024-07-04 21:26:26.413
BTC,BUY,0.0002,9472348.000,2024-07-04 21:26:26.444
BTC,SELL,0.0050,9470000.000,2024-07-04 21:26:27.424
BTC,SELL,0.0014,9470000.000,2024-07-04 21:26:29.455
BTC,SELL,0.0054,9470000.000,2024-07-04 21:26:30.851
BTC,SELL,0.0025,9469005.000,2024-07-04 21:26:35.392
BTC,SELL,0.0007,9469005.000,2024-07-04 21:27:14.331
BTC,SELL,0.0012,9468850.000,2024-07-04 21:27:15.138
BTC,SELL,0.0001,9465103.000,2024-07-04 21:27:28.726
BTC,SELL,0.0100,9465040.000,2024-07-04 21:27:28.726
BTC,SELL,0.0020,9465000.000,2024-07-04 21:27:28.726
BTC,SELL,0.0079,9464999.000,2024-07-04 21:27:28.726
BTC,SELL,0.0133,9464999.000,2024-07-04 21:27:29.386
BTC,SELL,0.0002,9460000.000,2024-07-04 21:27:29.401
BTC,SELL,0.0048,9457367.000,2024-07-04 21:27:29.401
BTC,SELL,0.0050,9455638.000,2024-07-04 21:27:29.907
BTC,BUY,0.0220,9463655.000,2024-07-04 21:27:30.626
BTC,BUY,0.0018,9463705.000,2024-07-04 21:27:30.626
BTC,BUY,0.0100,9465104.000,2024-07-04 21:27:30.626
BTC,BUY,0.0005,9466228.000,2024-07-04 21:27:30.626
BTC,SELL,0.0557,9466240.000,2024-07-04 21:27:31.532
BTC,SELL,0.0050,9455650.000,2024-07-04 21:28:06.136
BTC,BUY,0.0003,9460655.000,2024-07-04 21:29:30.020
BTC,SELL,0.0002,9453759.000,2024-07-04 21:29:39.603
BTC,SELL,0.0148,9450282.000,2024-07-04 21:29:39.603
BTC,SELL,0.0050,9450000.000,2024-07-04 21:30:21.683
BTC,SELL,0.0950,9450000.000,2024-07-04 21:30:23.750
BTC,SELL,0.0010,9450000.000,2024-07-04 21:30:23.750
BTC,SELL,0.0021,9450000.000,2024-07-04 21:30:23.750
BTC,SELL,0.0050,9444903.000,2024-07-04 21:30:23.755
BTC,SELL,0.0081,9442951.000,2024-07-04 21:30:23.840
BTC,BUY,0.0010,9444600.000,2024-07-04 21:30:53.885
BTC,BUY,0.0002,9445660.000,2024-07-04 21:30:57.377
BTC,BUY,0.0010,9449907.000,2024-07-04 21:30:58.212
BTC,BUY,0.0001,9454495.000,2024-07-04 21:31:04.378
BTC,BUY,0.0002,9454050.000,2024-07-04 21:31:27.255
BTC,BUY,0.0010,9453449.000,2024-07-04 21:31:52.737
BTC,BUY,0.0052,9453250.000,2024-07-04 21:32:00.233
BTC,BUY,0.0127,9453297.000,2024-07-04 21:32:00.233
BTC,BUY,0.0121,9453598.000,2024-07-04 21:32:00.233
BTC,SELL,0.0050,9450000.000,2024-07-04 21:32:11.340
BTC,SELL,0.0050,9450000.000,2024-07-04 21:32:13.380
BTC,SELL,0.0050,9450000.000,2024-07-04 21:32:13.858
BTC,SELL,0.0050,9450000.000,2024-07-04 21:32:14.862
BTC,SELL,0.0050,9450000.000,2024-07-04 21:32:15.369
BTC,SELL,0.0050,9450000.000,2024-07-04 21:32:16.381
BTC,SELL,0.0050,9450000.000,2024-07-04 21:32:17.404
BTC,SELL,0.1000,9450000.000,2024-07-04 21:32:17.992
BTC,SELL,0.0050,9450000.000,2024-07-04 21:32:18.413
BTC,SELL,0.0050,9450000.000,2024-07-04 21:32:19.425
BTC,SELL,0.0050,9450000.000,2024-07-04 21:32:20.459
BTC,SELL,0.0050,9450000.000,2024-07-04 21:32:21.465
BTC,SELL,0.0100,9450000.000,2024-07-04 21:32:21.649
BTC,SELL,0.0100,9450000.000,2024-07-04 21:32:21.717
BTC,SELL,0.0100,9450000.000,2024-07-04 21:32:22.029
BTC,SELL,0.0050,9450000.000,2024-07-04 21:32:22.509
BTC,SELL,0.0050,9450000.000,2024-07-04 21:32:23.533
BTC,SELL,0.0050,9450000.000,2024-07-04 21:32:25.041
BTC,SELL,0.1000,9450000.000,2024-07-04 21:32:25.628
BTC,SELL,0.0050,9450000.000,2024-07-04 21:32:26.565
BTC,SELL,0.0200,9450000.000,2024-07-04 21:32:26.661
BTC,SELL,0.0050,9450000.000,2024-07-04 21:32:27.066
BTC,SELL,0.1000,9450000.000,2024-07-04 21:32:27.096
BTC,SELL,0.0100,9450000.000,2024-07-04 21:32:27.216
BTC,SELL,0.0050,9450000.000,2024-07-04 21:32:27.588
BTC,SELL,0.0100,9450000.000,2024-07-04 21:32:27.849
BTC,SELL,0.0020,9450000.000,2024-07-04 21:32:28.952
BTC,SELL,0.0050,9450000.000,2024-07-04 21:32:29.131
BTC,SELL,0.0068,9450000.000,2024-07-04 21:32:29.570
BTC,SELL,0.0002,9450000.000,2024-07-04 21:32:29.570
BTC,SELL,0.0004,9440000.000,2024-07-04 21:33:23.538
BTC,BUY,0.0010,9446347.000,2024-07-04 21:33:51.091
BTC,BUY,0.0020,9446336.000,2024-07-04 21:34:17.253
BTC,SELL,0.0001,9440650.000,2024-07-04 21:34:50.484
BTC,BUY,0.0001,9442480.000,2024-07-04 21:36:17.185
BTC,BUY,0.0001,9446190.000,2024-07-04 21:36:55.117
BTC,BUY,0.0004,9446720.000,2024-07-04 21:37:20.682
BTC,BUY,0.0156,9447250.000,2024-07-04 21:37:25.211
BTC,BUY,0.0011,9447780.000,2024-07-04 21:37:33.229
BTC,SELL,0.0050,9443215.000,2024-07-04 21:38:09.192
BTC,BUY,0.0100,9444600.000,2024-07-04 21:38:47.510
BTC,BUY,0.0002,9449651.000,2024-07-04 21:38:56.965
BTC,BUY,0.0100,9443211.000,2024-07-04 21:40:04.116
BTC,BUY,0.0050,9445870.000,2024-07-04 21:40:04.116
BTC,BUY,0.0062,9446669.000,2024-07-04 21:40:04.116
BTC,BUY,0.0100,9443211.000,2024-07-04 21:40:34.345
BTC,BUY,0.0069,9443211.000,2024-07-04 21:40:34.345
BTC,BUY,0.0031,9447509.000,2024-07-04 21:40:34.345
BTC,SELL,0.0010,9443210.000,2024-07-04 21:40:51.310
BTC,SELL,0.0050,9442500.000,2024-07-04 21:40:51.838
BTC,SELL,0.0050,9442500.000,2024-07-04 21:40:53.879
BTC,BUY,0.0100,9440001.000,2024-07-04 21:41:01.142
BTC,BUY,0.0118,9442109.000,2024-07-04 21:41:01.142
BTC,BUY,0.0019,9443870.000,2024-07-04 21:41:01.142
BTC,BUY,0.0096,9444732.000,2024-07-04 21:41:01.142
BTC,BUY,0.0100,9448287.000,2024-07-04 21:41:01.142
BTC,BUY,0.0001,9451328.000,2024-07-04 21:41:01.142
BTC,BUY,0.0066,9451360.000,2024-07-04 21:41:01.142
BTC,BUY,0.0028,9444732.000,2024-07-04 21:41:03.992
BTC,BUY,0.0050,9447151.000,2024-07-04 21:41:03.992
BTC,BUY,0.0222,9452550.000,2024-07-04 21:41:03.992
BTC,SELL,0.0004,9440000.000,2024-07-04 21:41:05.632
BTC,SELL,0.0001,9440000.000,2024-07-04 21:41:05.632
BTC,BUY,0.0095,9444769.000,2024-07-04 21:41:16.634
BTC,BUY,0.0100,9450230.000,2024-07-04 21:42:32.440
BTC,BUY,0.0001,9450159.000,2024-07-04 21:42:41.456
BTC,SELL,0.0006,9441231.000,2024-07-04 21:42:43.868
BTC,BUY,0.0002,9450079.000,2024-07-04 21:43:30.865
BTC,BUY,0.0001,9444445.000,2024-07-04 21:43:50.261
BTC,BUY,0.0011,9444445.000,2024-07-04 21:43:59.820
BTC,SELL,0.0001,9444444.000,2024-07-04 21:44:07.684
BTC,BUY,0.0001,9444444.000,2024-07-04 21:45:01.861
BTC,BUY,0.0100,9446643.000,2024-07-04 21:45:45.148
BTC,BUY,0.0200,9446799.000,2024-07-04 21:45:55.523
BTC,BUY,0.0100,9446800.000,2024-07-04 21:45:55.523
BTC,BUY,0.0010,9446869.000,2024-07-04 21:46:10.193
BTC,BUY,0.0026,9446869.000,2024-07-04 21:46:20.122
BTC,SELL,0.0002,9440000.000,2024-07-04 21:46:27.918
BTC,BUY,0.0050,9446859.000,2024-07-04 21:46:29.844
BTC,BUY,0.0003,9446859.000,2024-07-04 21:46:30.874
BTC,BUY,0.0010,9446859.000,2024-07-04 21:46:35.368
BTC,BUY,0.0001,9446859.000,2024-07-04 21:46:44.935
BTC,BUY,0.0040,9446849.000,2024-07-04 21:47:06.509
BTC,BUY,0.0050,9446849.000,2024-07-04 21:47:27.927
BTC,BUY,0.0004,9446839.000,2024-07-04 21:47:38.919
BTC,BUY,0.0015,9446839.000,2024-07-04 21:47:59.381
BTC,BUY,0.0001,9446829.000,2024-07-04 21:48:24.870
BTC,BUY,0.0035,9446829.000,2024-07-04 21:48:32.204
BTC,BUY,0.0050,9446809.000,2024-07-04 21:49:48.005
BTC,SELL,0.0100,9442177.000,2024-07-04 21:51:06.363
BTC,BUY,0.0100,9449969.000,2024-07-04 21:53:27.857
BTC,SELL,0.0050,9449969.000,2024-07-04 21:54:44.973
BTC,BUY,0.0100,9450000.000,2024-07-04 21:55:18.092
BTC,BUY,0.0050,9450960.000,2024-07-04 21:55:31.353
BTC,BUY,0.0002,9452547.000,2024-07-04 21:56:09.032
BTC,BUY,0.0048,9452550.000,2024-07-04 21:56:09.032
BTC,BUY,0.0001,9458165.000,2024-07-04 21:58:20.845
BTC,BUY,0.0001,9464657.000,2024-07-04 21:58:20.845
BTC,BUY,0.0008,9464657.000,2024-07-04 21:58:35.040
BTC,BUY,0.0020,9464959.000,2024-07-04 21:58:35.124
BTC,SELL,0.0100,9464657.000,2024-07-04 21:58:35.604
BTC,SELL,0.0100,9464657.000,2024-07-04 21:58:35.607
BTC,SELL,0.1000,9464657.000,2024-07-04 21:58:35.616
BTC,SELL,0.0050,9464657.000,2024-07-04 21:58:35.630
BTC,SELL,0.0800,9464657.000,2024-07-04 21:58:35.750
BTC,SELL,0.0500,9464657.000,2024-07-04 21:58:35.956
BTC,SELL,0.0202,9464657.000,2024-07-04 21:58:36.057
BTC,SELL,0.0100,9464657.000,2024-07-04 21:58:36.123
BTC,SELL,0.0050,9464657.000,2024-07-04 21:58:36.127
BTC,SELL,0.0100,9464657.000,2024-07-04 21:58:36.291
BTC,SELL,0.0140,9464657.000,2024-07-04 21:58:36.577
BTC,SELL,0.0169,9464657.000,2024-07-04 21:58:36.907
BTC,SELL,0.0030,9464657.000,2024-07-04 21:58:36.910
BTC,SELL,0.0049,9464657.000,2024-07-04 21:58:36.920
BTC,SELL,0.0200,9464657.000,2024-07-04 21:58:37.132
BTC,SELL,0.0100,9464657.000,2024-07-04 21:58:37.140
BTC,SELL,0.1000,9464657.000,2024-07-04 21:58:37.142
BTC,SELL,0.0135,9464657.000,2024-07-04 21:58:37.530
BTC,BUY,0.0060,9464658.000,2024-07-04 21:58:37.589
BTC,SELL,0.0500,9464657.000,2024-07-04 21:58:37.798
BTC,SELL,0.0100,9464657.000,2024-07-04 21:58:38.899
BTC,SELL,0.0567,9464657.000,2024-07-04 21:58:39.066
BTC,BUY,0.0002,9460000.000,2024-07-04 21:59:24.303
BTC,BUY,0.0003,9464649.000,2024-07-04 21:59:24.303
BTC,SELL,0.0011,9459093.000,2024-07-04 21:59:24.843
BTC,SELL,0.0089,9459093.000,2024-07-04 21:59:24.843
BTC,BUY,0.0002,9464649.000,2024-07-04 21:59:25.076
BTC,SELL,0.0011,9459093.000,2024-07-04 21:59:28.566
BTC,BUY,0.0008,9459669.000,2024-07-04 22:00:02.844
BTC,BUY,0.0001,9459669.000,2024-07-04 22:00:06.687
BTC,SELL,0.0001,9458882.000,2024-07-04 22:00:42.148
BTC,SELL,0.0001,9463650.000,2024-07-04 22:01:03.481
BTC,BUY,0.0001,9465269.000,2024-07-04 22:02:46.105
BTC,BUY,0.0009,9465270.000,2024-07-04 22:02:46.105
BTC,BUY,0.0100,9467390.000,2024-07-04 22:03:23.086
BTC,BUY,0.0002,9470002.000,2024-07-04 22:03:53.648
BTC,BUY,0.0007,9470040.000,2024-07-04 22:03:53.648
BTC,BUY,0.0100,9471100.000,2024-07-04 22:03:54.096
BTC,BUY,0.0002,9471630.000,2024-07-04 22:03:59.255
BTC,BUY,0.0002,9471121.000,2024-07-04 22:04:04.704
BTC,BUY,0.0005,9472160.000,2024-07-04 22:04:04.704
BTC,BUY,0.1000,9473750.000,2024-07-04 22:04:29.878
BTC,BUY,0.1000,9473750.000,2024-07-04 22:04:29.995
BTC,BUY,0.0200,9475870.000,2024-07-04 22:04:49.364
BTC,BUY,0.0800,9476400.000,2024-07-04 22:04:58.294
BTC,BUY,0.0001,9479950.000,2024-07-04 22:05:12.728
BTC,BUY,0.0011,9479950.000,2024-07-04 22:05:22.909
BTC,BUY,0.0021,9479850.000,2024-07-04 22:05:34.353
BTC,BUY,0.0003,9480000.000,2024-07-04 22:05:51.080
BTC,BUY,0.0001,9480000.000,2024-07-04 22:05:51.080
BTC,BUY,0.0096,9480110.000,2024-07-04 22:05:51.080
BTC,BUY,0.0100,9483290.000,2024-07-04 22:05:57.704
BTC,BUY,0.0100,9484350.000,2024-07-04 22:05:58.259
BTC,BUY,0.0261,9484350.000,2024-07-04 22:05:58.599
BTC,BUY,0.0500,9484350.000,2024-07-04 22:05:58.697
BTC,BUY,0.0001,9485110.000,2024-07-04 22:05:59.051
BTC,BUY,0.0010,9486154.000,2024-07-04 22:05:59.051
BTC,BUY,0.0016,9488161.000,2024-07-04 22:05:59.051
BTC,BUY,0.0033,9488888.000,2024-07-04 22:05:59.051
BTC,BUY,0.0017,9488888.000,2024-07-04 22:05:59.060
BTC,BUY,0.0003,9490000.000,2024-07-04 22:05:59.060
BTC,BUY,0.0009,9490000.000,2024-07-04 22:05:59.060
BTC,BUY,0.0020,9490000.000,2024-07-04 22:05:59.060
BTC,BUY,0.0001,9490000.000,2024-07-04 22:05:59.060
BTC,BUY,0.0020,9494000.000,2024-07-04 22:05:59.486
BTC,BUY,0.0002,9494940.000,2024-07-04 22:05:59.486
BTC,BUY,0.0008,9496442.000,2024-07-04 22:05:59.486
BTC,SELL,0.0050,9484350.000,2024-07-04 22:05:59.519
BTC,SELL,0.0050,9484400.000,2024-07-04 22:05:59.740
BTC,BUY,0.0050,9497600.000,2024-07-04 22:06:01.543
BTC,SELL,0.0050,9494507.000,2024-07-04 22:06:05.169
BTC,BUY,0.0002,9494503.000,2024-07-04 22:06:30.837
BTC,BUY,0.0048,9496010.000,2024-07-04 22:06:30.837
BTC,BUY,0.0001,9497600.000,2024-07-04 22:06:35.830
BTC,SELL,0.0001,9494502.000,2024-07-04 22:06:46.128
BTC,BUY,0.0002,9494503.000,2024-07-04 22:06:46.490
BTC,BUY,0.0083,9494950.000,2024-07-04 22:06:46.490
BTC,BUY,0.0010,9497610.000,2024-07-04 22:07:22.657
BTC,BUY,0.0050,9499000.000,2024-07-04 22:07:22.657
BTC,BUY,0.0050,9499000.000,2024-07-04 22:07:22.657
BTC,BUY,0.0090,9499500.000,2024-07-04 22:07:22.657
BTC,BUY,0.0500,9497599.000,2024-07-04 22:07:22.800
BTC,BUY,0.0500,9497599.000,2024-07-04 22:07:22.800
BTC,SELL,0.0050,9495470.000,2024-07-04 22:07:28.762
BTC,SELL,0.0106,9495000.000,2024-07-04 22:07:29.554
BTC,SELL,0.0022,9495000.000,2024-07-04 22:07:29.554
BTC,SELL,0.0050,9490499.000,2024-07-04 22:07:29.768
BTC,SELL,0.0114,9490000.000,2024-07-04 22:07:35.382
BTC,SELL,0.0100,9490000.000,2024-07-04 22:07:37.714
BTC,BUY,0.0100,9493300.000,2024-07-04 22:07:57.257
BTC,BUY,0.0103,9497275.000,2024-07-04 22:08:11.420
BTC,BUY,0.0100,9499491.000,2024-07-04 22:08:11.420
BTC,BUY,0.0010,9499500.000,2024-07-04 22:08:11.420
BTC,BUY,0.0003,9500000.000,2024-07-04 22:08:11.420
BTC,BUY,0.0003,9500000.000,2024-07-04 22:08:11.420
BTC,BUY,0.0031,9500000.000,2024-07-04 22:08:11.420
BTC,BUY,0.0250,9499950.000,2024-07-04 22:08:27.157
BTC,BUY,0.0083,9499950.000,2024-07-04 22:08:28.832
BTC,BUY,0.0117,9499950.000,2024-07-04 22:08:28.832
BTC,SELL,0.0100,9490499.000,2024-07-04 22:08:41.939
BTC,BUY,0.0043,9499559.000,2024-07-04 22:08:49.297
BTC,BUY,0.0228,9499454.000,2024-07-04 22:08:51.387
BTC,BUY,0.0216,9499500.000,2024-07-04 22:08:51.387
BTC,BUY,0.0062,9499500.000,2024-07-04 22:08:51.387
BTC,BUY,0.0100,9499549.000,2024-07-04 22:08:51.387
BTC,BUY,0.0100,9499790.000,2024-07-04 22:08:51.387
BTC,BUY,0.0272,9500000.000,2024-07-04 22:08:51.387
BTC,BUY,0.0197,9500000.000,2024-07-04 22:08:51.387
BTC,BUY,0.0010,9500000.000,2024-07-04 22:08:51.387
BTC,BUY,0.0050,9500000.000,2024-07-04 22:08:51.387
BTC,BUY,0.0001,9500000.000,2024-07-04 22:08:51.387
BTC,BUY,0.0050,9500000.000,2024-07-04 22:08:51.387
BTC,BUY,0.0010,9500000.000,2024-07-04 22:08:51.387
BTC,BUY,0.0004,9500000.000,2024-07-04 22:08:51.387
BTC,BUY,0.0004,9490450.000,2024-07-04 22:09:04.628
BTC,SELL,0.0050,9490000.000,2024-07-04 22:09:06.486
BTC,SELL,0.0050,9490000.000,2024-07-04 22:09:08.060
BTC,SELL,0.0050,9490000.000,2024-07-04 22:09:09.055
BTC,SELL,0.0050,9490000.000,2024-07-04 22:09:10.059
BTC,SELL,0.0050,9490000.000,2024-07-04 22:09:10.625
BTC,SELL,0.0066,9490000.000,2024-07-04 22:09:13.154
BTC,BUY,0.0001,9490001.000,2024-07-04 22:09:14.853
BTC,BUY,0.0100,9488000.000,2024-07-04 22:09:39.822
BTC,SELL,0.0060,9480000.000,2024-07-04 22:09:41.793
BTC,SELL,0.0003,9480000.000,2024-07-04 22:09:42.842
BTC,SELL,0.0002,9480000.000,2024-07-04 22:09:42.842
BTC,SELL,0.0100,9478405.000,2024-07-04 22:09:42.842
BTC,BUY,0.0001,9480000.000,2024-07-04 22:09:46.050
BTC,BUY,0.0210,9484894.000,2024-07-04 22:10:08.091
BTC,BUY,0.0100,9484989.000,2024-07-04 22:10:08.091
BTC,BUY,0.0500,9484990.000,2024-07-04 22:10:08.091
BTC,BUY,0.0006,9486598.000,2024-07-04 22:10:08.091
BTC,BUY,0.0125,9494160.000,2024-07-04 22:10:08.091
BTC,BUY,0.0400,9494174.000,2024-07-04 22:10:08.091
BTC,BUY,0.0394,9494950.000,2024-07-04 22:10:08.091
BTC,BUY,0.0265,9496010.000,2024-07-04 22:10:08.091
BTC,BUY,0.0300,9489430.000,2024-07-04 22:10:20.321
BTC,BUY,0.0002,9490000.000,2024-07-04 22:10:20.321
BTC,BUY,0.0398,9490559.000,2024-07-04 22:10:20.321
BTC,BUY,0.0100,9475001.000,2024-07-04 22:10:27.442
BTC,BUY,0.0020,9483900.000,2024-07-04 22:10:45.463
BTC,SELL,0.0002,9480000.000,2024-07-04 22:10:56.956
BTC,SELL,0.0005,9473674.000,2024-07-04 22:11:20.730
BTC,BUY,0.0003,9488765.000,2024-07-04 22:12:21.732
BTC,SELL,0.0050,9474801.000,2024-07-04 22:12:52.431
BTC,SELL,0.0050,9474800.000,2024-07-04 22:13:13.757
BTC,BUY,0.0025,9477357.000,2024-07-04 22:13:31.041
BTC,SELL,0.0050,9469121.000,2024-07-04 22:13:33.048
BTC,SELL,0.0107,9467879.000,2024-07-04 22:13:40.361
BTC,SELL,0.0008,9467879.000,2024-07-04 22:13:40.508
BTC,SELL,0.0001,9467390.000,2024-07-04 22:13:40.508
BTC,SELL,0.0125,9467040.000,2024-07-04 22:13:40.508
BTC,SELL,0.0022,9467011.000,2024-07-04 22:13:40.508
BTC,SELL,0.0050,9461784.000,2024-07-04 22:14:23.556
BTC,SELL,0.0100,9461784.000,2024-07-04 22:14:23.556
BTC,SELL,0.0050,9461783.000,2024-07-04 22:14:23.556
BTC,SELL,0.0003,9460000.000,2024-07-04 22:14:23.556
BTC,SELL,0.0031,9460000.000,2024-07-04 22:14:23.556
BTC,SELL,0.0125,9459120.000,2024-07-04 22:14:23.556
BTC,SELL,0.0041,9459105.000,2024-07-04 22:14:23.556
BTC,BUY,0.0041,9469837.000,2024-07-04 22:14:29.472
BTC,BUY,0.0029,9469837.000,2024-07-04 22:14:29.472
BTC,BUY,0.0007,9469836.000,2024-07-04 22:14:29.560
BTC,SELL,0.0002,9469838.000,2024-07-04 22:14:45.220
BTC,SELL,0.0036,9465001.000,2024-07-04 22:14:45.220
BTC,SELL,0.0100,9462869.000,2024-07-04 22:14:45.220
BTC,SELL,0.0105,9461999.000,2024-07-04 22:14:45.220
BTC,SELL,0.0057,9461100.000,2024-07-04 22:14:45.220
BTC,BUY,0.0030,9469839.000,2024-07-04 22:14:51.633
BTC,BUY,0.0001,9469999.000,2024-07-04 22:15:05.920
BTC,SELL,0.0031,9465001.000,2024-07-04 22:16:19.103
BTC,SELL,0.0002,9465000.000,2024-07-04 22:16:30.395
BTC,SELL,0.0002,9457681.000,2024-07-04 22:16:49.441
BTC,SELL,0.0004,9457680.000,2024-07-04 22:17:10.145
BTC,SELL,0.0012,9455001.000,2024-07-04 22:17:10.145
BTC,BUY,0.0001,9459999.000,2024-07-04 22:17:10.353
BTC,BUY,0.0009,9459999.000,2024-07-04 22:17:26.860
BTC,BUY,0.0001,9457682.000,2024-07-04 22:17:32.945
BTC,SELL,0.0003,9457681.000,2024-07-04 22:17:34.484
BTC,BUY,0.0001,9459999.000,2024-07-04 22:17:42.175
BTC,BUY,0.0002,9459998.000,2024-07-04 22:18:37.768
BTC,BUY,0.0100,9459998.000,2024-07-04 22:18:55.789
BTC,BUY,0.0001,9463513.000,2024-07-04 22:20:03.031
BTC,BUY,0.0004,9463514.000,2024-07-04 22:20:03.031
BTC,SELL,0.0001,9459000.000,2024-07-04 22:20:46.031
BTC,BUY,0.0020,9461800.000,2024-07-04 22:20:56.379
BTC,BUY,0.0001,9457682.000,2024-07-04 22:21:26.450
BTC,BUY,0.0001,9457682.000,2024-07-04 22:21:26.726
BTC,SELL,0.0050,9457682.000,2024-07-04 22:22:28.687
BTC,SELL,0.0050,9457682.000,2024-07-04 22:22:29.187
BTC,SELL,0.0050,9457682.000,2024-07-04 22:22:29.672
BTC,SELL,0.0050,9457682.000,2024-07-04 22:22:30.196
BTC,BUY,0.0010,9464369.000,2024-07-04 22:22:31.539
BTC,SELL,0.0100,9457682.000,2024-07-04 22:22:32.097
BTC,SELL,0.0147,9457682.000,2024-07-04 22:22:39.454
BTC,SELL,0.0005,9457682.000,2024-07-04 22:22:39.478
BTC,SELL,0.0169,9457682.000,2024-07-04 22:22:40.375
BTC,SELL,0.1000,9457682.000,2024-07-04 22:22:42.410
BTC,SELL,0.1000,9457682.000,2024-07-04 22:22:43.443
BTC,SELL,0.1000,9457682.000,2024-07-04 22:22:44.440
BTC,SELL,0.1000,9457682.000,2024-07-04 22:22:45.455
BTC,SELL,0.1000,9457682.000,2024-07-04 22:22:46.964
BTC,SELL,0.0379,9457682.000,2024-07-04 22:22:47.973
BTC,SELL,0.0002,9457681.000,2024-07-04 22:22:51.561
BTC,BUY,0.0001,9455001.000,2024-07-04 22:23:07.202
BTC,SELL,0.0002,9455000.000,2024-07-04 22:23:10.269
BTC,BUY,0.0003,9455001.000,2024-07-04 22:23:13.622
BTC,BUY,0.0001,9455000.000,2024-07-04 22:23:48.668
BTC,BUY,0.0099,9455000.000,2024-07-04 22:23:57.225
BTC,BUY,0.0001,9459533.000,2024-07-04 22:23:57.225
BTC,SELL,0.0050,9455000.000,2024-07-04 22:24:01.584
BTC,BUY,0.0010,9460392.000,2024-07-04 22:24:19.570
BTC,BUY,0.0001,9460392.000,2024-07-04 22:24:23.792
BTC,SELL,0.0002,9459392.000,2024-07-04 22:24:44.023
BTC,SELL,0.0001,9459392.000,2024-07-04 22:24:46.791
BTC,BUY,0.0001,9459393.000,2024-07-04 22:24:49.376
BTC,SELL,0.0020,9452800.000,2024-07-04 22:26:09.307
BTC,BUY,0.0001,9462958.000,2024-07-04 22:26:18.404
BTC,BUY,0.0001,9459503.000,2024-07-04 22:27:53.580
BTC,SELL,0.0001,9450000.000,2024-07-04 22:28:10.866
BTC,SELL,0.0003,9450000.000,2024-07-04 22:28:10.866
BTC,SELL,0.0003,9450000.000,2024-07-04 22:28:10.866
BTC,SELL,0.0002,9450000.000,2024-07-04 22:28:36.016
BTC,BUY,0.0001,9454318.000,2024-07-04 22:29:07.931
BTC,SELL,0.0100,9443845.000,2024-07-04 22:29:12.417
BTC,SELL,0.0100,9443100.000,2024-07-04 22:29:27.754
BTC,BUY,0.0001,9451755.000,2024-07-04 22:30:24.223
BTC,SELL,0.0101,9445001.000,2024-07-04 22:30:33.410
BTC,SELL,0.0100,9445001.000,2024-07-04 22:30:35.434
BTC,BUY,0.0025,9451595.000,2024-07-04 22:31:20.504
BTC,SELL,0.0025,9445001.000,2024-07-04 22:31:42.409
BTC,SELL,0.0200,9443100.000,2024-07-04 22:31:51.416
BTC,SELL,0.0100,9440003.000,2024-07-04 22:31:55.011
BTC,SELL,0.0100,9440001.000,2024-07-04 22:32:11.219
BTC,BUY,0.0100,9440001.000,2024-07-04 22:32:46.415
BTC,BUY,0.0004,9442920.000,2024-07-04 22:32:46.415
BTC,BUY,0.0100,9443034.000,2024-07-04 22:32:46.415
BTC,BUY,0.0056,9445225.000,2024-07-04 22:32:46.415
BTC,SELL,0.0002,9445000.000,2024-07-04 22:32:58.971
BTC,BUY,0.0025,9446159.000,2024-07-04 22:33:46.061
BTC,BUY,0.0010,9446159.000,2024-07-04 22:33:56.861
BTC,BUY,0.0002,9446160.000,2024-07-04 22:33:58.947
BTC,SELL,0.0035,9440001.000,2024-07-04 22:34:07.759
BTC,SELL,0.0001,9440000.000,2024-07-04 22:34:43.041
BTC,SELL,0.0003,9440000.000,2024-07-04 22:34:43.041
BTC,SELL,0.0002,9440000.000,2024-07-04 22:34:43.041
BTC,SELL,0.0001,9440000.000,2024-07-04 22:34:43.041
BTC,SELL,0.0001,9439997.000,2024-07-04 22:34:47.330
BTC,SELL,0.0010,9435000.000,2024-07-04 22:34:48.078
BTC,SELL,0.0002,9435000.000,2024-07-04 22:34:48.078
BTC,SELL,0.0005,9430000.000,2024-07-04 22:34:53.668
BTC,SELL,0.0001,9430000.000,2024-07-04 22:34:53.668
BTC,SELL,0.0010,9430000.000,2024-07-04 22:34:53.668
BTC,SELL,0.0003,9430000.000,2024-07-04 22:34:53.668
BTC,SELL,0.0100,9428000.000,2024-07-04 22:34:55.172
BTC,SELL,0.0806,9423520.000,2024-07-04 22:34:55.917
BTC,SELL,0.0100,9423519.000,2024-07-04 22:34:55.917
BTC,SELL,0.0016,9423518.000,2024-07-04 22:34:55.917
BTC,SELL,0.0378,9423001.000,2024-07-04 22:34:55.917
BTC,SELL,0.0950,9423617.000,2024-07-04 22:35:27.157
BTC,SELL,0.0100,9423521.000,2024-07-04 22:35:27.157
BTC,SELL,0.0450,9423001.000,2024-07-04 22:35:27.157
BTC,SELL,0.0002,9430000.000,2024-07-04 22:35:59.961
BTC,SELL,0.0172,9423001.000,2024-07-04 22:36:02.923
BTC,SELL,0.0006,9422869.000,2024-07-04 22:36:37.121
BTC,SELL,0.0003,9420000.000,2024-07-04 22:36:37.121
BTC,SELL,0.0002,9420000.000,2024-07-04 22:36:37.121
BTC,SELL,0.0058,9415644.000,2024-07-04 22:36:37.121
BTC,SELL,0.0531,9415643.000,2024-07-04 22:36:37.121
BTC,SELL,0.0700,9415365.000,2024-07-04 22:36:37.121
BTC,SELL,0.0200,9413991.000,2024-07-04 22:36:37.121
BTC,BUY,0.0100,9414389.000,2024-07-04 22:37:23.473
BTC,SELL,0.0070,9414551.000,2024-07-04 22:37:42.207
BTC,BUY,0.0070,9415979.000,2024-07-04 22:37:53.477
BTC,BUY,0.0130,9415980.000,2024-07-04 22:37:53.477
BTC,BUY,0.0100,9418191.000,2024-07-04 22:38:01.698
BTC,SELL,0.0002,9415000.000,2024-07-04 22:38:29.550
BTC,SELL,0.0137,9414235.000,2024-07-04 22:38:29.550
BTC,SELL,0.0020,9413000.000,2024-07-04 22:38:31.941
BTC,BUY,0.0002,9411835.000,2024-07-04 22:38:49.874
BTC,BUY,0.0001,9411833.000,2024-07-04 22:38:52.422
BTC,BUY,0.0010,9411819.000,2024-07-04 22:39:05.980
BTC,SELL,0.0350,9411803.000,2024-07-04 22:39:41.652
BTC,SELL,0.0175,9411803.000,2024-07-04 22:39:42.544
BTC,SELL,0.0175,9411803.000,2024-07-04 22:39:43.503
BTC,SELL,0.0001,9411798.000,2024-07-04 22:39:43.503
BTC,SELL,0.0003,9410000.000,2024-07-04 22:39:43.503
BTC,SELL,0.0110,9410000.000,2024-07-04 22:39:43.503
BTC,BUY,0.0001,9407998.000,2024-07-04 22:40:13.150
BTC,BUY,0.0087,9407998.000,2024-07-04 22:40:19.587
BTC,BUY,0.0113,9407999.000,2024-07-04 22:40:19.587
BTC,SELL,0.0021,9408557.000,2024-07-04 22:40:36.177
BTC,SELL,0.0001,9406881.000,2024-07-04 22:40:36.177
BTC,SELL,0.0700,9403035.000,2024-07-04 22:40:36.177
BTC,SELL,0.0100,9401298.000,2024-07-04 22:40:36.177
BTC,SELL,0.0178,9401297.000,2024-07-04 22:40:36.177
BTC,SELL,0.0007,9404190.000,2024-07-04 22:40:46.946
BTC,BUY,0.0002,9404319.000,2024-07-04 22:40:47.876
BTC,BUY,0.0098,9404319.000,2024-07-04 22:40:53.342
BTC,BUY,0.0002,9404320.000,2024-07-04 22:40:53.342
BTC,BUY,0.0100,9404849.000,2024-07-04 22:41:00.732
BTC,BUY,0.0300,9404850.000,2024-07-04 22:41:00.732
BTC,BUY,0.0100,9405379.000,2024-07-04 22:41:06.085
BTC,BUY,0.3900,9405380.000,2024-07-04 22:41:06.085
BTC,BUY,0.0100,9405910.000,2024-07-04 22:41:09.084
BTC,BUY,0.0100,9405909.000,2024-07-04 22:41:22.243
BTC,BUY,0.0100,9405910.000,2024-07-04 22:41:22.546
BTC,BUY,0.0100,9405910.000,2024-07-04 22:41:22.568
BTC,BUY,0.0100,9405910.000,2024-07-04 22:41:29.716
BTC,BUY,0.0100,9405910.000,2024-07-04 22:41:29.719
BTC,BUY,0.0003,9405910.000,2024-07-04 22:41:29.983
BTC,SELL,0.0002,9405909.000,2024-07-04 22:41:32.377
BTC,BUY,0.0021,9405910.000,2024-07-04 22:41:38.688
BTC,BUY,0.0100,9405910.000,2024-07-04 22:41:44.355
BTC,BUY,0.0100,9405910.000,2024-07-04 22:41:46.301
BTC,BUY,0.0176,9405910.000,2024-07-04 22:41:47.903
BTC,BUY,0.0100,9406440.000,2024-07-04 22:41:57.828
BTC,BUY,0.1000,9406440.000,2024-07-04 22:41:57.959
BTC,BUY,0.1000,9406440.000,2024-07-04 22:41:58.031
BTC,BUY,0.0100,9406970.000,2024-07-04 22:42:03.656
BTC,BUY,0.0100,9408030.000,2024-07-04 22:42:11.580
BTC,BUY,0.0001,9409090.000,2024-07-04 22:42:25.646
BTC,SELL,0.0004,9409650.000,2024-07-04 22:42:41.221
BTC,BUY,0.0050,9411740.000,2024-07-04 22:43:11.071
BTC,BUY,0.0011,9413330.000,2024-07-04 22:43:18.895
BTC,BUY,0.0025,9414390.000,2024-07-04 22:43:41.325
BTC,BUY,0.0002,9416510.000,2024-07-04 22:44:38.075
BTC,BUY,0.0100,9417149.000,2024-07-04 22:45:23.352
BTC,BUY,0.0005,9414391.000,2024-07-04 22:46:20.087
BTC,SELL,0.0001,9414390.000,2024-07-04 22:46:32.371
BTC,SELL,0.0223,9414390.000,2024-07-04 22:47:36.712
BTC,SELL,0.0112,9414390.000,2024-07-04 22:47:37.583
BTC,BUY,0.0001,9414391.000,2024-07-04 22:48:10.998
BTC,BUY,0.0100,9414391.000,2024-07-04 22:49:47.328
BTC,BUY,0.0001,9414750.000,2024-07-04 22:51:28.031
BTC,SELL,0.0064,9414390.000,2024-07-04 22:51:51.089
BTC,SELL,0.0026,9414390.000,2024-07-04 22:51:51.089
BTC,BUY,0.0004,9414600.000,2024-07-04 22:51:56.690
BTC,SELL,0.0002,9414390.000,2024-07-04 22:53:10.146
BTC,SELL,0.0020,9414390.000,2024-07-04 22:53:10.146
BTC,SELL,0.0001,9414390.000,2024-07-04 22:53:10.146
BTC,SELL,0.0060,9410000.000,2024-07-04 22:53:17.773
BTC,SELL,0.0003,9410000.000,2024-07-04 22:53:17.773
BTC,SELL,0.0020,9403000.000,2024-07-04 22:54:32.739
BTC,SELL,0.0085,9400046.000,2024-07-04 22:54:32.739
BTC,SELL,0.0010,9401139.000,2024-07-04 22:54:53.494
BTC,SELL,0.0800,9401082.000,2024-07-04 22:54:53.494
BTC,SELL,0.0770,9401082.000,2024-07-04 22:54:53.494
BTC,SELL,0.0022,9400000.000,2024-07-04 22:54:53.494
BTC,SELL,0.0003,9400000.000,2024-07-04 22:54:53.494
BTC,SELL,0.0003,9400000.000,2024-07-04 22:54:53.494
BTC,SELL,0.0010,9400000.000,2024-07-04 22:54:53.494
BTC,SELL,0.0020,9400000.000,2024-07-04 22:54:53.494
BTC,SELL,0.0010,9400000.000,2024-07-04 22:54:53.494
BTC,SELL,0.0010,9400000.000,2024-07-04 22:54:53.494
BTC,SELL,0.0060,9400000.000,2024-07-04 22:54:53.494
BTC,SELL,0.0001,9400000.000,2024-07-04 22:54:53.494
BTC,SELL,0.0100,9400000.000,2024-07-04 22:54:53.494
BTC,SELL,0.0010,9400000.000,2024-07-04 22:54:53.494
BTC,SELL,0.0100,9400000.000,2024-07-04 22:54:53.494
BTC,SELL,0.0020,9400000.000,2024-07-04 22:54:53.494
BTC,SELL,0.0051,9397921.000,2024-07-04 22:54:53.494
BTC,SELL,0.0002,9398608.000,2024-07-04 22:55:36.281
BTC,SELL,0.0001,9396243.000,2024-07-04 22:57:03.831
BTC,SELL,0.0011,9391601.000,2024-07-04 22:57:03.831
BTC,SELL,0.0003,9390000.000,2024-07-04 22:57:03.831
BTC,SELL,0.0020,9390000.000,2024-07-04 22:57:03.831
BTC,SELL,0.0050,9390000.000,2024-07-04 22:57:03.831
BTC,SELL,0.0050,9390000.000,2024-07-04 22:58:38.939
BTC,SELL,0.0001,9390000.000,2024-07-04 22:58:38.939
BTC,SELL,0.0003,9380000.000,2024-07-04 22:58:39.338
BTC,SELL,0.0001,9380000.000,2024-07-04 22:58:39.338
BTC,SELL,0.0020,9380000.000,2024-07-04 22:58:39.338
BTC,SELL,0.0006,9380000.000,2024-07-04 22:58:39.338
BTC,BUY,0.0100,9384950.000,2024-07-04 22:58:43.078
BTC,BUY,0.0001,9382400.000,2024-07-04 22:58:59.084
BTC,BUY,0.0033,9382400.000,2024-07-04 22:59:01.694
BTC,BUY,0.0010,9382400.000,2024-07-04 22:59:05.097
BTC,SELL,0.0498,9383298.000,2024-07-04 22:59:34.853
BTC,BUY,0.0002,9384180.000,2024-07-04 23:00:26.231
BTC,BUY,0.0001,9384710.000,2024-07-04 23:00:31.266
BTC,BUY,0.0010,9384950.000,2024-07-04 23:00:45.040
BTC,BUY,0.0003,9384950.000,2024-07-04 23:00:46.923
BTC,BUY,0.0010,9384950.000,2024-07-04 23:00:55.204
BTC,BUY,0.0010,9384950.000,2024-07-04 23:01:05.172
BTC,BUY,0.0010,9384950.000,2024-07-04 23:01:15.244
BTC,BUY,0.0012,9384950.000,2024-07-04 23:01:16.693
BTC,SELL,0.0002,9384949.000,2024-07-04 23:01:17.959
BTC,SELL,0.0100,9384810.000,2024-07-04 23:01:17.959
BTC,SELL,0.0300,9384709.000,2024-07-04 23:01:17.959
BTC,SELL,0.0020,9383755.000,2024-07-04 23:01:17.959
BTC,SELL,0.0002,9383392.000,2024-07-04 23:01:17.959
BTC,SELL,0.0010,9380889.000,2024-07-04 23:01:17.959
BTC,SELL,0.0114,9380006.000,2024-07-04 23:01:17.959
BTC,BUY,0.0002,9384950.000,2024-07-04 23:01:19.726
BTC,BUY,0.0023,9384950.000,2024-07-04 23:01:21.957
BTC,BUY,0.0010,9382000.000,2024-07-04 23:02:04.993
BTC,SELL,0.0002,9380000.000,2024-07-04 23:02:27.617
BTC,SELL,0.0998,9380000.000,2024-07-04 23:02:27.617
BTC,SELL,0.0062,9380000.000,2024-07-04 23:02:28.174
BTC,SELL,0.0002,9380000.000,2024-07-04 23:02:28.174
BTC,SELL,0.0500,9370001.000,2024-07-04 23:02:28.989
BTC,BUY,0.0010,9371460.000,2024-07-04 23:02:35.138
BTC,BUY,0.0010,9372520.000,2024-07-04 23:02:45.313
BTC,BUY,0.0005,9370200.000,2024-07-04 23:02:58.698
BTC,SELL,0.0003,9370000.000,2024-07-04 23:04:15.284
BTC,BUY,0.0020,9361680.000,2024-07-04 23:04:22.287
BTC,SELL,0.0003,9360000.000,2024-07-04 23:04:43.782
BTC,SELL,0.0020,9360000.000,2024-07-04 23:04:43.782
BTC,SELL,0.0700,9355596.000,2024-07-04 23:04:43.782
BTC,SELL,0.0005,9355362.000,2024-07-04 23:04:43.782
BTC,SELL,0.0100,9355001.000,2024-07-04 23:04:43.782
BTC,SELL,0.0003,9355000.000,2024-07-04 23:04:43.782
BTC,SELL,0.0169,9354871.000,2024-07-04 23:04:43.782
BTC,BUY,0.0010,9355030.000,2024-07-04 23:04:45.227
BTC,SELL,0.0006,9355123.000,2024-07-04 23:04:45.998
BTC,BUY,0.0800,9356090.000,2024-07-04 23:04:46.173
BTC,BUY,0.1064,9360860.000,2024-07-04 23:04:54.830
BTC,BUY,0.0010,9362443.000,2024-07-04 23:04:55.286
BTC,BUY,0.0019,9362604.000,2024-07-04 23:04:55.780
BTC,BUY,0.0481,9362980.000,2024-07-04 23:04:55.780
BTC,BUY,0.0010,9364039.000,2024-07-04 23:05:05.170
BTC,BUY,0.0080,9366159.000,2024-07-04 23:05:10.345
BTC,BUY,0.0420,9368280.000,2024-07-04 23:05:10.345
BTC,BUY,0.0005,9374110.000,2024-07-04 23:05:35.348
BTC,BUY,0.0216,9376230.000,2024-07-04 23:05:45.917
BTC,BUY,0.0010,9377820.000,2024-07-04 23:06:05.113
BTC,SELL,0.0030,9372850.000,2024-07-04 23:06:05.747
BTC,BUY,0.0200,9375938.000,2024-07-04 23:06:10.547
BTC,BUY,0.0010,9376230.000,2024-07-04 23:06:15.168
BTC,BUY,0.0014,9376230.000,2024-07-04 23:06:25.481
BTC,BUY,0.0001,9374706.000,2024-07-04 23:06:35.924
BTC,BUY,0.0010,9363505.000,2024-07-04 23:07:25.078
BTC,BUY,0.0010,9363505.000,2024-07-04 23:07:35.165
BTC,BUY,0.0500,9366158.000,2024-07-04 23:07:37.435
BTC,BUY,0.0008,9370400.000,2024-07-04 23:07:39.770
BTC,BUY,0.0002,9370930.000,2024-07-04 23:07:58.528
BTC,BUY,0.0001,9374110.000,2024-07-04 23:08:48.517
BTC,BUY,0.0005,9375169.000,2024-07-04 23:09:25.570
BTC,BUY,0.0050,9376230.000,2024-07-04 23:09:37.864
BTC,SELL,0.0010,9376239.000,2024-07-04 23:09:42.117
BTC,SELL,0.0010,9376234.000,2024-07-04 23:09:42.117
BTC,SELL,0.0024,9375508.000,2024-07-04 23:09:42.117
BTC,BUY,0.0007,9376760.000,2024-07-04 23:09:53.456
BTC,SELL,0.0285,9373347.000,2024-07-04 23:10:04.560
BTC,SELL,0.0155,9372600.000,2024-07-04 23:10:04.560
BTC,BUY,0.0040,9374075.000,2024-07-04 23:10:42.407
BTC,BUY,0.0003,9374600.000,2024-07-04 23:11:12.453
BTC,BUY,0.0010,9374560.000,2024-07-04 23:11:15.151
BTC,BUY,0.0002,9375120.000,2024-07-04 23:11:16.069
BTC,BUY,0.0010,9375700.000,2024-07-04 23:12:23.013
BTC,BUY,0.0001,9381444.000,2024-07-04 23:14:09.368
BTC,BUY,0.0005,9384950.000,2024-07-04 23:14:20.070
BTC,BUY,0.0050,9384950.000,2024-07-04 23:14:26.332
BTC,BUY,0.0002,9384800.000,2024-07-04 23:14:59.333
BTC,BUY,0.0665,9384950.000,2024-07-04 23:15:28.159
BTC,BUY,0.0500,9384950.000,2024-07-04 23:15:28.159
BTC,BUY,0.0806,9384990.000,2024-07-04 23:15:28.159
BTC,BUY,0.0050,9385000.000,2024-07-04 23:15:28.159
BTC,BUY,0.2479,9385240.000,2024-07-04 23:15:28.159
BTC,BUY,0.0022,9385450.000,2024-07-04 23:15:38.015
BTC,BUY,0.0320,9383200.000,2024-07-04 23:15:53.202
BTC,SELL,0.0001,9380010.000,2024-07-04 23:16:14.292
BTC,SELL,0.0002,9380000.000,2024-07-04 23:16:15.196
BTC,SELL,0.0001,9375169.000,2024-07-04 23:16:15.196
BTC,SELL,0.0008,9370400.000,2024-07-04 23:16:15.196
BTC,SELL,0.0010,9370000.000,2024-07-04 23:16:15.196
BTC,SELL,0.0005,9370000.000,2024-07-04 23:16:15.196
BTC,SELL,0.0010,9370000.000,2024-07-04 23:16:15.196
BTC,SELL,0.0021,9370000.000,2024-07-04 23:16:15.196
BTC,SELL,0.0343,9369036.000,2024-07-04 23:16:15.196
BTC,SELL,0.0002,9370000.000,2024-07-04 23:16:20.423
BTC,SELL,0.0087,9365094.000,2024-07-04 23:16:38.977
BTC,SELL,0.0002,9365000.000,2024-07-04 23:16:38.977
BTC,SELL,0.0010,9363120.000,2024-07-04 23:16:38.977
BTC,SELL,0.0030,9360000.000,2024-07-04 23:16:38.977
BTC,SELL,0.0671,9355074.000,2024-07-04 23:16:38.977
BTC,SELL,0.0002,9365000.000,2024-07-04 23:16:40.468
BTC,BUY,0.0001,9357115.000,2024-07-04 23:16:51.450
BTC,BUY,0.0005,9357680.000,2024-07-04 23:17:06.507
BTC,SELL,0.0100,9355674.000,2024-07-04 23:17:22.292
BTC,SELL,0.0047,9355674.000,2024-07-04 23:17:22.494
BTC,BUY,0.0010,9357649.000,2024-07-04 23:17:25.254
BTC,BUY,0.0008,9358210.000,2024-07-04 23:17:45.725
BTC,SELL,0.0150,9354300.000,2024-07-04 23:18:12.105
BTC,SELL,0.0001,9353000.000,2024-07-04 23:18:22.267
BTC,SELL,0.0010,9351245.000,2024-07-04 23:18:22.267
BTC,SELL,0.0139,9350000.000,2024-07-04 23:18:22.267
BTC,BUY,0.0020,9353439.000,2024-07-04 23:19:11.593
BTC,BUY,0.0020,9356616.000,2024-07-04 23:19:38.469
BTC,BUY,0.0020,9357144.000,2024-07-04 23:19:44.301
BTC,BUY,0.0002,9357677.000,2024-07-04 23:19:48.002
BTC,BUY,0.0500,9359793.000,2024-07-04 23:20:14.635
BTC,BUY,0.0050,9360384.000,2024-07-04 23:20:51.491
BTC,BUY,0.0002,9360386.000,2024-07-04 23:21:44.391
BTC,SELL,0.0010,9360000.000,2024-07-04 23:21:53.829
BTC,BUY,0.0010,9357369.000,2024-07-04 23:22:06.305
BTC,SELL,0.0010,9351632.000,2024-07-04 23:22:22.312
BTC,SELL,0.0125,9351600.000,2024-07-04 23:22:22.312
BTC,SELL,0.0165,9351550.000,2024-07-04 23:22:22.312
BTC,BUY,0.0010,9354500.000,2024-07-04 23:22:35.089
BTC,BUY,0.0010,9354999.000,2024-07-04 23:22:45.237
BTC,BUY,0.0100,9353153.000,2024-07-04 23:23:01.589
BTC,SELL,0.0300,9350000.000,2024-07-04 23:23:01.955
BTC,SELL,0.0061,9350000.000,2024-07-04 23:23:11.653
BTC,SELL,0.0003,9350000.000,2024-07-04 23:23:11.653
BTC,SELL,0.0003,9350000.000,2024-07-04 23:23:11.653
BTC,SELL,0.0005,9350000.000,2024-07-04 23:23:11.653
BTC,SELL,0.0001,9348500.000,2024-07-04 23:23:11.653
BTC,SELL,0.0027,9348500.000,2024-07-04 23:23:11.653
BTC,SELL,0.0003,9348500.000,2024-07-04 23:23:12.473
BTC,SELL,0.0001,9346813.000,2024-07-04 23:23:16.673
BTC,SELL,0.0010,9345495.000,2024-07-04 23:23:16.673
BTC,SELL,0.0002,9345000.000,2024-07-04 23:23:16.673
BTC,SELL,0.0057,9344290.000,2024-07-04 23:23:16.673
BTC,BUY,0.0006,9346000.000,2024-07-04 23:24:05.751
BTC,BUY,0.0027,9346000.000,2024-07-04 23:24:08.748
BTC,BUY,0.0500,9346000.000,2024-07-04 23:24:09.326
BTC,BUY,0.0033,9346000.000,2024-07-04 23:24:12.959
BTC,BUY,0.0018,9346000.000,2024-07-04 23:24:17.362
BTC,BUY,0.0600,9346000.000,2024-07-04 23:24:17.373
BTC,BUY,0.0016,9346000.000,2024-07-04 23:24:17.796
BTC,BUY,0.1000,9346657.000,2024-07-04 23:24:17.796
BTC,BUY,0.0003,9348994.000,2024-07-04 23:24:21.298
BTC,SELL,0.0589,9348993.000,2024-07-04 23:24:21.998
BTC,BUY,0.0012,9349775.000,2024-07-04 23:24:29.440
BTC,BUY,0.0081,9352800.000,2024-07-04 23:25:31.109
BTC,BUY,0.0419,9352868.000,2024-07-04 23:25:31.109
BTC,BUY,0.0015,9350440.000,2024-07-04 23:25:35.821
BTC,SELL,0.0300,9350751.000,2024-07-04 23:25:42.387
BTC,BUY,0.1000,9351316.000,2024-07-04 23:25:44.882
BTC,BUY,0.0700,9355592.000,2024-07-04 23:25:44.882
BTC,BUY,0.0273,9356089.000,2024-07-04 23:25:44.882
BTC,BUY,0.0027,9357120.000,2024-07-04 23:25:44.882
BTC,BUY,0.0020,9356050.000,2024-07-04 23:26:06.385
BTC,BUY,0.0002,9354585.000,2024-07-04 23:26:30.234
BTC,SELL,0.0010,9354585.000,2024-07-04 23:27:03.391
BTC,SELL,0.0030,9347281.000,2024-07-04 23:27:03.391
BTC,SELL,0.0027,9345999.000,2024-07-04 23:27:45.191
BTC,SELL,0.0013,9344529.000,2024-07-04 23:27:45.191
BTC,BUY,0.0001,9347300.000,2024-07-04 23:28:13.438
BTC,BUY,0.0001,9345341.000,2024-07-04 23:28:14.657
BTC,BUY,0.0299,9347300.000,2024-07-04 23:28:41.628
BTC,BUY,0.1000,9348113.000,2024-07-04 23:28:41.628
BTC,BUY,0.0700,9351299.000,2024-07-04 23:28:41.628
BTC,BUY,0.0001,9354960.000,2024-07-04 23:28:41.628
BTC,BUY,0.0006,9348329.000,2024-07-04 23:28:55.729
BTC,SELL,0.0001,9346750.000,2024-07-04 23:29:07.568
BTC,BUY,0.0050,9349150.000,2024-07-04 23:29:23.325
BTC,SELL,0.1000,9345341.000,2024-07-04 23:30:00.430
BTC,SELL,0.0010,9341925.000,2024-07-04 23:30:02.424
BTC,BUY,0.0100,9344236.000,2024-07-04 23:30:19.102
BTC,BUY,0.0010,9351750.000,2024-07-04 23:30:35.105
BTC,BUY,0.0300,9350850.000,2024-07-04 23:30:55.905
BTC,SELL,0.0300,9345861.000,2024-07-04 23:30:58.727
BTC,BUY,0.0007,9347635.000,2024-07-04 23:31:08.144
BTC,BUY,0.0020,9353699.000,2024-07-04 23:31:46.243
BTC,BUY,0.0010,9345581.000,2024-07-04 23:31:55.240
BTC,BUY,0.0114,9347763.000,2024-07-04 23:32:20.108
BTC,BUY,0.0010,9349402.000,2024-07-04 23:32:35.141
BTC,BUY,0.0010,9355357.000,2024-07-04 23:32:45.086
BTC,BUY,0.0010,9351492.000,2024-07-04 23:32:55.212
BTC,BUY,0.0020,9351850.000,2024-07-04 23:33:13.152
BTC,BUY,0.0110,9350260.000,2024-07-04 23:33:37.977
BTC,SELL,0.0200,9349000.000,2024-07-04 23:34:01.229
BTC,SELL,0.0020,9349000.000,2024-07-04 23:34:01.503
BTC,BUY,0.0010,9348928.000,2024-07-04 23:34:05.167
BTC,SELL,0.0017,9341925.000,2024-07-04 23:34:16.428
BTC,SELL,0.0004,9341336.000,2024-07-04 23:34:16.428
BTC,SELL,0.0279,9340002.000,2024-07-04 23:34:16.428
BTC,BUY,0.0010,9340190.000,2024-07-04 23:34:25.254
BTC,SELL,0.0100,9340094.000,2024-07-04 23:34:33.203
BTC,BUY,0.0010,9340453.000,2024-07-04 23:34:35.416
BTC,SELL,0.0003,9340000.000,2024-07-04 23:34:38.660
BTC,SELL,0.0033,9340000.000,2024-07-04 23:34:38.660
BTC,SELL,0.0005,9340000.000,2024-07-04 23:34:38.660
BTC,SELL,0.0002,9335000.000,2024-07-04 23:34:44.134
BTC,BUY,0.0001,9333645.000,2024-07-04 23:34:45.535
BTC,SELL,0.0003,9330000.000,2024-07-04 23:34:46.178
BTC,SELL,0.0020,9330000.000,2024-07-04 23:34:46.178
BTC,SELL,0.0005,9329999.000,2024-07-04 23:34:46.178
BTC,SELL,0.0472,9326017.000,2024-07-04 23:34:46.178
BTC,SELL,0.0024,9325321.000,2024-07-04 23:34:46.875
BTC,SELL,0.0700,9324338.000,2024-07-04 23:34:46.875
BTC,SELL,0.0981,9324336.000,2024-07-04 23:34:46.875
BTC,SELL,0.0010,9324336.000,2024-07-04 23:34:47.008
BTC,SELL,0.0009,9324336.000,2024-07-04 23:34:47.232
BTC,SELL,0.0003,9320000.000,2024-07-04 23:34:48.381
BTC,SELL,0.0005,9320000.000,2024-07-04 23:34:48.381
BTC,SELL,0.0100,9320000.000,2024-07-04 23:34:48.381
BTC,SELL,0.0100,9314019.000,2024-07-04 23:34:48.381
BTC,SELL,0.0012,9313900.000,2024-07-04 23:34:48.381
BTC,SELL,0.0988,9313900.000,2024-07-04 23:34:48.468
BTC,SELL,0.0012,9311884.000,2024-07-04 23:34:48.468
BTC,BUY,0.0002,9325349.000,2024-07-04 23:34:49.265
BTC,BUY,0.0100,9317584.000,2024-07-04 23:34:52.085
BTC,BUY,0.0008,9310001.000,2024-07-04 23:35:03.965
BTC,SELL,0.0006,9318349.000,2024-07-04 23:35:21.871
BTC,BUY,0.0100,9322062.000,2024-07-04 23:35:49.674
BTC,BUY,0.1000,9325405.000,2024-07-04 23:35:54.034
BTC,BUY,0.0700,9328300.000,2024-07-04 23:35:54.034
BTC,BUY,0.0300,9328304.000,2024-07-04 23:35:54.034
BTC,SELL,0.0067,9325404.000,2024-07-04 23:35:54.980
BTC,BUY,0.0100,9328300.000,2024-07-04 23:35:55.775
BTC,BUY,0.0010,9330001.000,2024-07-04 23:36:35.309
BTC,BUY,0.0010,9322700.000,2024-07-04 23:36:45.602
BTC,BUY,0.0180,9322436.000,2024-07-04 23:36:50.347
BTC,BUY,0.0177,9320902.000,2024-07-04 23:37:01.258
BTC,BUY,0.0073,9320902.000,2024-07-04 23:37:01.258
BTC,BUY,0.0010,9324290.000,2024-07-04 23:37:15.306
BTC,BUY,0.0010,9324649.000,2024-07-04 23:37:20.181
BTC,BUY,0.0010,9325880.000,2024-07-04 23:37:35.298
BTC,BUY,0.0005,9320902.000,2024-07-04 23:37:48.992
BTC,SELL,0.0027,9320901.000,2024-07-04 23:37:53.340
BTC,SELL,0.0002,9320901.000,2024-07-04 23:37:53.340
BTC,SELL,0.0021,9315670.000,2024-07-04 23:37:53.340
BTC,BUY,0.0010,9317930.000,2024-07-04 23:37:55.319
BTC,SELL,0.0025,9319493.000,2024-07-04 23:38:04.257
BTC,BUY,0.0010,9321640.000,2024-07-04 23:38:05.261
BTC,BUY,0.0010,9322168.000,2024-07-04 23:38:06.495
BTC,SELL,0.0002,9320000.000,2024-07-04 23:38:13.034
BTC,SELL,0.0700,9316524.000,2024-07-04 23:38:13.034
BTC,SELL,0.0001,9315482.000,2024-07-04 23:38:13.034
BTC,SELL,0.0125,9314800.000,2024-07-04 23:38:13.034
BTC,SELL,0.0536,9312695.000,2024-07-04 23:38:13.034
BTC,SELL,0.1000,9312569.000,2024-07-04 23:38:13.034
BTC,SELL,0.0052,9311580.000,2024-07-04 23:38:13.034
BTC,SELL,0.0100,9311135.000,2024-07-04 23:38:13.034
BTC,SELL,0.0100,9310001.000,2024-07-04 23:38:13.034
BTC,SELL,0.0003,9310000.000,2024-07-04 23:38:13.034
BTC,SELL,0.0010,9310000.000,2024-07-04 23:38:13.034
BTC,SELL,0.0001,9310000.000,2024-07-04 23:38:13.034
BTC,SELL,0.0001,9310000.000,2024-07-04 23:38:13.034
BTC,SELL,0.0001,9306793.000,2024-07-04 23:38:13.034
BTC,SELL,0.0001,9305951.000,2024-07-04 23:38:13.034
BTC,SELL,0.0125,9305840.000,2024-07-04 23:38:13.034
BTC,SELL,0.0062,9305821.000,2024-07-04 23:38:13.034
BTC,BUY,0.0004,9317920.000,2024-07-04 23:38:15.080
BTC,BUY,0.0010,9317920.000,2024-07-04 23:38:15.267
BTC,BUY,0.0004,9314545.000,2024-07-04 23:38:17.082
BTC,BUY,0.0001,9314545.000,2024-07-04 23:38:19.064
BTC,BUY,0.0010,9318460.000,2024-07-04 23:38:25.318
BTC,BUY,0.0010,9317999.000,2024-07-04 23:38:35.324
BTC,BUY,0.0005,9317119.000,2024-07-04 23:38:38.708
BTC,BUY,0.0083,9317040.000,2024-07-04 23:38:41.351
BTC,BUY,0.0067,9317118.000,2024-07-04 23:38:41.351
BTC,BUY,0.0010,9321108.000,2024-07-04 23:38:45.176
BTC,BUY,0.0004,9320640.000,2024-07-04 23:38:54.489
BTC,BUY,0.0010,9320639.000,2024-07-04 23:38:55.250
BTC,BUY,0.0008,9317099.000,2024-07-04 23:39:05.335
BTC,BUY,0.0002,9317100.000,2024-07-04 23:39:05.335
BTC,BUY,0.0010,9318990.000,2024-07-04 23:39:15.330
BTC,BUY,0.0040,9320000.000,2024-07-04 23:39:17.452
BTC,BUY,0.0010,9319760.000,2024-07-04 23:39:25.223
BTC,BUY,0.0010,9319299.000,2024-07-04 23:39:35.294
BTC,BUY,0.0010,9315835.000,2024-07-04 23:39:45.274
BTC,SELL,0.0005,9314602.000,2024-07-04 23:40:03.443
BTC,SELL,0.0022,9314602.000,2024-07-04 23:40:19.456
BTC,SELL,0.0002,9310000.000,2024-07-04 23:40:27.197
BTC,SELL,0.0020,9308660.000,2024-07-04 23:40:27.197
BTC,SELL,0.0100,9307112.000,2024-07-04 23:40:27.197
BTC,SELL,0.0218,9304795.000,2024-07-04 23:40:27.197
BTC,BUY,0.0002,9305700.000,2024-07-04 23:40:34.738
BTC,BUY,0.0010,9305700.000,2024-07-04 23:40:35.290
BTC,SELL,0.0002,9305000.000,2024-07-04 23:40:44.159
BTC,SELL,0.0050,9301000.000,2024-07-04 23:40:44.159
BTC,SELL,0.0001,9300000.000,2024-07-04 23:40:44.159
BTC,SELL,0.0003,9300000.000,2024-07-04 23:40:44.159
BTC,SELL,0.0020,9300000.000,2024-07-04 23:40:44.159
BTC,SELL,0.0076,9300000.000,2024-07-04 23:40:44.159
BTC,SELL,0.0424,9300000.000,2024-07-04 23:40:44.299
BTC,SELL,0.0010,9300000.000,2024-07-04 23:40:44.299
BTC,SELL,0.0030,9300000.000,2024-07-04 23:40:44.299
BTC,SELL,0.0020,9300000.000,2024-07-04 23:40:44.299
BTC,SELL,0.0001,9300000.000,2024-07-04 23:40:44.299
BTC,SELL,0.0005,9300000.000,2024-07-04 23:40:44.299
BTC,SELL,0.0028,9300000.000,2024-07-04 23:40:44.299
BTC,SELL,0.0002,9300000.000,2024-07-04 23:40:44.299
BTC,SELL,0.0001,9300000.000,2024-07-04 23:40:44.299
BTC,SELL,0.0010,9300000.000,2024-07-04 23:40:44.299
BTC,SELL,0.0016,9300000.000,2024-07-04 23:40:44.299
BTC,SELL,0.0300,9300000.000,2024-07-04 23:40:44.299
BTC,SELL,0.0010,9300000.000,2024-07-04 23:40:44.299
BTC,SELL,0.0010,9300000.000,2024-07-04 23:40:44.299
BTC,SELL,0.0007,9300000.000,2024-07-04 23:40:44.299
BTC,SELL,0.0001,9300000.000,2024-07-04 23:40:44.299
BTC,SELL,0.0050,9300000.000,2024-07-04 23:40:44.299
BTC,SELL,0.0050,9300000.000,2024-07-04 23:40:44.299
BTC,SELL,0.0010,9300000.000,2024-07-04 23:40:44.299
BTC,SELL,0.0010,9300000.000,2024-07-04 23:40:44.299
BTC,SELL,0.0016,9300000.000,2024-07-04 23:40:44.299
BTC,SELL,0.0001,9300000.000,2024-07-04 23:40:44.299
BTC,SELL,0.0001,9300000.000,2024-07-04 23:40:44.299
BTC,SELL,0.0038,9300000.000,2024-07-04 23:40:44.299
BTC,SELL,0.0002,9300000.000,2024-07-04 23:40:44.299
BTC,SELL,0.0050,9300000.000,2024-07-04 23:40:44.299
BTC,SELL,0.0003,9300000.000,2024-07-04 23:40:44.299
BTC,SELL,0.0002,9300000.000,2024-07-04 23:40:44.299
BTC,SELL,0.0010,9300000.000,2024-07-04 23:40:44.299
BTC,SELL,0.0211,9300000.000,2024-07-04 23:40:44.299
BTC,SELL,0.0010,9300000.000,2024-07-04 23:40:44.299
BTC,SELL,0.0002,9296600.000,2024-07-04 23:40:44.299
BTC,SELL,0.1000,9295801.000,2024-07-04 23:40:44.299
BTC,SELL,0.0100,9295198.000,2024-07-04 23:40:44.299
BTC,SELL,0.0700,9294724.000,2024-07-04 23:40:44.299
BTC,SELL,0.0003,9290000.000,2024-07-04 23:40:44.299
BTC,SELL,0.0010,9290000.000,2024-07-04 23:40:44.299
BTC,SELL,0.0400,9289841.000,2024-07-04 23:40:44.299
BTC,SELL,0.0011,9289223.000,2024-07-04 23:40:44.299
BTC,SELL,0.0400,9288310.000,2024-07-04 23:40:44.299
BTC,SELL,0.0003,9288237.000,2024-07-04 23:40:44.299
BTC,SELL,0.1000,9288062.000,2024-07-04 23:40:44.299
BTC,SELL,0.0100,9285001.000,2024-07-04 23:40:44.299
BTC,SELL,0.0001,9285000.000,2024-07-04 23:40:44.299
BTC,SELL,0.0001,9283600.000,2024-07-04 23:40:44.299
BTC,SELL,0.0001,9282687.000,2024-07-04 23:40:44.299
BTC,SELL,0.0003,9280000.000,2024-07-04 23:40:44.299
BTC,SELL,0.0008,9280000.000,2024-07-04 23:40:44.299
BTC,SELL,0.0500,9280000.000,2024-07-04 23:40:44.299
BTC,SELL,0.0125,9278080.000,2024-07-04 23:40:44.299
BTC,SELL,0.1000,9278000.000,2024-07-04 23:40:44.299
BTC,SELL,0.0364,9271290.000,2024-07-04 23:40:44.299
BTC,SELL,0.0129,9270760.000,2024-07-04 23:40:44.299
BTC,SELL,0.2199,9270760.000,2024-07-04 23:40:44.390
BTC,SELL,0.3801,9270230.000,2024-07-04 23:40:44.390
BTC,SELL,0.0690,9270230.000,2024-07-04 23:40:44.593
BTC,BUY,0.0010,9293550.000,2024-07-04 23:40:45.459
BTC,BUY,0.0050,9289580.000,2024-07-04 23:40:47.562
BTC,BUY,0.0007,9289580.000,2024-07-04 23:40:47.679
BTC,BUY,0.0050,9289580.000,2024-07-04 23:40:48.086
BTC,BUY,0.0100,9289580.000,2024-07-04 23:40:48.164
BTC,BUY,0.0060,9289580.000,2024-07-04 23:40:48.258
BTC,BUY,0.0150,9289926.000,2024-07-04 23:40:51.368
BTC,BUY,0.0537,9289926.000,2024-07-04 23:40:52.952
BTC,BUY,0.0156,9290328.000,2024-07-04 23:40:53.499
BTC,BUY,0.0050,9290328.000,2024-07-04 23:40:53.567
BTC,BUY,0.0050,9290328.000,2024-07-04 23:40:54.104
BTC,BUY,0.0110,9290328.000,2024-07-04 23:40:54.373
BTC,BUY,0.0110,9290328.000,2024-07-04 23:40:54.378
BTC,BUY,0.0050,9290328.000,2024-07-04 23:40:54.621
BTC,BUY,0.0218,9290328.000,2024-07-04 23:40:55.383
BTC,BUY,0.0010,9290328.000,2024-07-04 23:40:55.388
BTC,BUY,0.0218,9290328.000,2024-07-04 23:40:55.391
BTC,BUY,0.0027,9290328.000,2024-07-04 23:40:55.593
BTC,BUY,0.0001,9290328.000,2024-07-04 23:40:55.595
BTC,BUY,0.0009,9296959.000,2024-07-04 23:40:55.595
BTC,BUY,0.0050,9296959.000,2024-07-04 23:40:55.655
BTC,BUY,0.0111,9292540.000,2024-07-04 23:40:57.396
BTC,BUY,0.0150,9292540.000,2024-07-04 23:40:58.024
BTC,BUY,0.0537,9292540.000,2024-07-04 23:40:58.027
BTC,BUY,0.0050,9292540.000,2024-07-04 23:40:58.215
BTC,BUY,0.0152,9292540.000,2024-07-04 23:40:58.539
BTC,BUY,0.0041,9301439.000,2024-07-04 23:40:58.539
BTC,BUY,0.0344,9301439.000,2024-07-04 23:40:58.539
BTC,SELL,0.0420,9286914.000,2024-07-04 23:41:14.473
BTC,SELL,0.0080,9286900.000,2024-07-04 23:41:14.473
BTC,SELL,0.0100,9288298.000,2024-07-04 23:41:23.890
BTC,SELL,0.0002,9288298.000,2024-07-04 23:41:23.890
BTC,SELL,0.0198,9288298.000,2024-07-04 23:41:23.890
BTC,BUY,0.0010,9288240.000,2024-07-04 23:41:25.722
BTC,BUY,0.0073,9281966.000,2024-07-04 23:41:32.421
BTC,SELL,0.0002,9281965.000,2024-07-04 23:41:37.732
BTC,SELL,0.0498,9281965.000,2024-07-04 23:41:37.732
BTC,SELL,0.0100,9281965.000,2024-07-04 23:41:38.941
BTC,SELL,0.0200,9281245.000,2024-07-04 23:41:38.941
BTC,SELL,0.0100,9277262.000,2024-07-04 23:41:42.632
BTC,SELL,0.0376,9276352.000,2024-07-04 23:41:42.632
BTC,SELL,0.0060,9276352.000,2024-07-04 23:41:42.951
BTC,SELL,0.0060,9276352.000,2024-07-04 23:41:43.178
BTC,SELL,0.0050,9276352.000,2024-07-04 23:41:43.437
BTC,SELL,0.0122,9276352.000,2024-07-04 23:41:44.140
BTC,SELL,0.0332,9276352.000,2024-07-04 23:41:44.158
BTC,SELL,0.0002,9275000.000,2024-07-04 23:41:44.555
BTC,SELL,0.0050,9270231.000,2024-07-04 23:41:44.558
BTC,BUY,0.0323,9270776.000,2024-07-04 23:41:48.610
BTC,SELL,0.0003,9270000.000,2024-07-04 23:41:48.616
BTC,SELL,0.0020,9270000.000,2024-07-04 23:41:48.616
BTC,SELL,0.0027,9267449.000,2024-07-04 23:41:48.616
BTC,SELL,0.0539,9264318.000,2024-07-04 23:41:48.616
BTC,SELL,0.0700,9264170.000,2024-07-04 23:41:48.634
BTC,SELL,0.1000,9263178.000,2024-07-04 23:41:48.695
BTC,SELL,0.0150,9260000.000,2024-07-04 23:41:49.224
BTC,SELL,0.0003,9260000.000,2024-07-04 23:41:49.224
BTC,SELL,0.0100,9260000.000,2024-07-04 23:41:49.224
BTC,SELL,0.0001,9260000.000,2024-07-04 23:41:49.224
BTC,SELL,0.0010,9260000.000,2024-07-04 23:41:49.224
BTC,SELL,0.0066,9253909.000,2024-07-04 23:41:49.224
BTC,SELL,0.0023,9253909.000,2024-07-04 23:41:49.232
BTC,BUY,0.0001,9267495.000,2024-07-04 23:41:49.470
BTC,SELL,0.0008,9253909.000,2024-07-04 23:41:49.476
BTC,SELL,0.0010,9251000.000,2024-07-04 23:41:49.476
BTC,SELL,0.0009,9250000.000,2024-07-04 23:41:49.476
BTC,SELL,0.0001,9250000.000,2024-07-04 23:41:49.595
BTC,SELL,0.0001,9250000.000,2024-07-04 23:41:49.595
BTC,SELL,0.0007,9250000.000,2024-07-04 23:41:49.595
BTC,SELL,0.0010,9250000.000,2024-07-04 23:41:49.595
BTC,SELL,0.0003,9250000.000,2024-07-04 23:41:49.595
BTC,SELL,0.0054,9250000.000,2024-07-04 23:41:49.595
BTC,SELL,0.0010,9250000.000,2024-07-04 23:41:49.595
BTC,SELL,0.0001,9250000.000,2024-07-04 23:41:49.595
BTC,SELL,0.0010,9250000.000,2024-07-04 23:41:49.595
BTC,SELL,0.0029,9250000.000,2024-07-04 23:41:49.595
BTC,SELL,0.0100,9251001.000,2024-07-04 23:41:49.825
BTC,SELL,0.0079,9250000.000,2024-07-04 23:41:49.825
BTC,SELL,0.0100,9250000.000,2024-07-04 23:41:49.825
BTC,SELL,0.0220,9250000.000,2024-07-04 23:41:49.825
BTC,SELL,0.0030,9250000.000,2024-07-04 23:41:49.825
BTC,SELL,0.0002,9250000.000,2024-07-04 23:41:49.825
BTC,SELL,0.0300,9250000.000,2024-07-04 23:41:49.825
BTC,SELL,0.0006,9247300.000,2024-07-04 23:41:49.825
BTC,SELL,0.0050,9245555.000,2024-07-04 23:41:49.825
BTC,SELL,0.0026,9243200.000,2024-07-04 23:41:49.825
BTC,SELL,0.0174,9243200.000,2024-07-04 23:41:50.317
BTC,SELL,0.0300,9242000.000,2024-07-04 23:41:50.317
BTC,SELL,0.0050,9241925.000,2024-07-04 23:41:50.317
BTC,SELL,0.0003,9240000.000,2024-07-04 23:41:50.317
BTC,SELL,0.0001,9240000.000,2024-07-04 23:41:50.317
BTC,SELL,0.0100,9240000.000,2024-07-04 23:41:50.317
BTC,SELL,0.0020,9240000.000,2024-07-04 23:41:50.317
BTC,SELL,0.0004,9240000.000,2024-07-04 23:41:50.317
BTC,SELL,0.0001,9240000.000,2024-07-04 23:41:50.317
BTC,SELL,0.0004,9232797.000,2024-07-04 23:41:50.317
BTC,SELL,0.0003,9230000.000,2024-07-04 23:41:50.317
BTC,SELL,0.0001,9230000.000,2024-07-04 23:41:50.317
BTC,SELL,0.0039,9226320.000,2024-07-04 23:41:50.317
BTC,SELL,0.0050,9226320.000,2024-07-04 23:41:50.331
BTC,SELL,0.0036,9226320.000,2024-07-04 23:41:50.337
BTC,SELL,0.0011,9221470.000,2024-07-04 23:41:50.337
BTC,SELL,0.0039,9221470.000,2024-07-04 23:41:50.486
BTC,SELL,0.0050,9221470.000,2024-07-04 23:41:50.489
BTC,SELL,0.0100,9242001.000,2024-07-04 23:41:50.713
BTC,SELL,0.0010,9243205.000,2024-07-04 23:41:50.906
BTC,SELL,0.0590,9242001.000,2024-07-04 23:41:50.906
BTC,SELL,0.0010,9242001.000,2024-07-04 23:41:51.049
BTC,SELL,0.0013,9236149.000,2024-07-04 23:41:51.049
BTC,BUY,0.0030,9245040.000,2024-07-04 23:41:51.390
BTC,SELL,0.0149,9236149.000,2024-07-04 23:41:51.477
BTC,SELL,0.0400,9236149.000,2024-07-04 23:41:51.722
BTC,BUY,0.0002,9241940.000,2024-07-04 23:41:52.049
BTC,SELL,0.0100,9236149.000,2024-07-04 23:41:52.124
BTC,SELL,0.0338,9236149.000,2024-07-04 23:41:52.609
BTC,SELL,0.0058,9220001.000,2024-07-04 23:41:52.611
BTC,SELL,0.0014,9220001.000,2024-07-04 23:41:52.613
BTC,SELL,0.0028,9220001.000,2024-07-04 23:41:52.625
BTC,SELL,0.0003,9220000.000,2024-07-04 23:41:52.625
BTC,SELL,0.0438,9220000.000,2024-07-04 23:41:52.625
BTC,SELL,0.0050,9220000.000,2024-07-04 23:41:52.629
BTC,SELL,0.0027,9220000.000,2024-07-04 23:41:52.656
BTC,SELL,0.0019,9236149.000,2024-07-04 23:41:52.740
BTC,SELL,0.0025,9220000.000,2024-07-04 23:41:52.740
BTC,SELL,0.0166,9220000.000,2024-07-04 23:41:52.740
BTC,SELL,0.0134,9220000.000,2024-07-04 23:41:52.909
BTC,SELL,0.0100,9220000.000,2024-07-04 23:41:52.909
BTC,SELL,0.0005,9219999.000,2024-07-04 23:41:52.909
BTC,SELL,0.0110,9211930.000,2024-07-04 23:41:53.330
BTC,SELL,0.0100,9211930.000,2024-07-04 23:41:53.375
BTC,SELL,0.0097,9211930.000,2024-07-04 23:41:53.616
BTC,SELL,0.0700,9220002.000,2024-07-04 23:41:54.293
BTC,SELL,0.0300,9219799.000,2024-07-04 23:41:54.293
BTC,SELL,0.0700,9219799.000,2024-07-04 23:41:54.328
BTC,SELL,0.0050,9211169.000,2024-07-04 23:41:54.343
BTC,SELL,0.0045,9210001.000,2024-07-04 23:41:54.366
BTC,SELL,0.0054,9210001.000,2024-07-04 23:41:54.489
BTC,SELL,0.0070,9210001.000,2024-07-04 23:41:54.548
BTC,BUY,0.0300,9211931.000,2024-07-04 23:41:55.374
BTC,BUY,0.0542,9211931.000,2024-07-04 23:41:55.570
BTC,BUY,0.0058,9212793.000,2024-07-04 23:41:55.570
BTC,BUY,0.0242,9212793.000,2024-07-04 23:41:55.626
BTC,BUY,0.0031,9211920.000,2024-07-04 23:41:56.041
BTC,BUY,0.0019,9211930.000,2024-07-04 23:41:56.041
BTC,BUY,0.0060,9211930.000,2024-07-04 23:41:56.151
BTC,BUY,0.0021,9211930.000,2024-07-04 23:41:56.366
BTC,BUY,0.0150,9212685.000,2024-07-04 23:41:56.369
BTC,BUY,0.0542,9212685.000,2024-07-04 23:41:56.566
BTC,BUY,0.0137,9212792.000,2024-07-04 23:41:57.274
BTC,BUY,0.0001,9212792.000,2024-07-04 23:41:57.478
BTC,SELL,0.0100,9212684.000,2024-07-04 23:41:58.607
BTC,BUY,0.0050,9212035.000,2024-07-04 23:41:59.269
BTC,BUY,0.0134,9212685.000,2024-07-04 23:41:59.433
BTC,BUY,0.0002,9212719.000,2024-07-04 23:41:59.433
BTC,BUY,0.0123,9215585.000,2024-07-04 23:41:59.433
BTC,BUY,0.0338,9215585.000,2024-07-04 23:42:01.448
BTC,BUY,0.0455,9215585.000,2024-07-04 23:42:01.449
BTC,BUY,0.0021,9216959.000,2024-07-04 23:42:01.461
BTC,BUY,0.0050,9215520.000,2024-07-04 23:42:01.716
BTC,BUY,0.0023,9215520.000,2024-07-04 23:42:01.720
BTC,BUY,0.0010,9215520.000,2024-07-04 23:42:02.151
BTC,BUY,0.0042,9215520.000,2024-07-04 23:42:02.156
BTC,BUY,0.0679,9215584.000,2024-07-04 23:42:02.156
BTC,BUY,0.1000,9221588.000,2024-07-04 23:42:02.789
BTC,BUY,0.0168,9221897.000,2024-07-04 23:42:02.789
BTC,BUY,0.0050,9226900.000,2024-07-04 23:42:03.002
BTC,BUY,0.0030,9226900.000,2024-07-04 23:42:03.202
BTC,BUY,0.0050,9226900.000,2024-07-04 23:42:03.452
BTC,BUY,0.0010,9222569.000,2024-07-04 23:42:05.478
BTC,BUY,0.0506,9222569.000,2024-07-04 23:42:05.926
BTC,BUY,0.0050,9222569.000,2024-07-04 23:42:06.619
BTC,BUY,0.0195,9222569.000,2024-07-04 23:42:07.246
BTC,BUY,0.0050,9222569.000,2024-07-04 23:42:07.661
BTC,BUY,0.0189,9222569.000,2024-07-04 23:42:08.209
BTC,BUY,0.0199,9227935.000,2024-07-04 23:42:09.246
BTC,BUY,0.0050,9227935.000,2024-07-04 23:42:09.250
BTC,SELL,0.0500,9227934.000,2024-07-04 23:42:09.372
BTC,SELL,0.0009,9227934.000,2024-07-04 23:42:10.523
BTC,BUY,0.0300,9227935.000,2024-07-04 23:42:10.895
BTC,BUY,0.0060,9227935.000,2024-07-04 23:42:11.255
BTC,SELL,0.0009,9227934.000,2024-07-04 23:42:11.258
BTC,BUY,0.0100,9232465.000,2024-07-04 23:42:12.219
BTC,BUY,0.0001,9235528.000,2024-07-04 23:42:12.654
BTC,BUY,0.0010,9235526.000,2024-07-04 23:42:15.529
BTC,BUY,0.0100,9235526.000,2024-07-04 23:42:15.589
BTC,BUY,0.0050,9232465.000,2024-07-04 23:42:24.706
BTC,BUY,0.0030,9232465.000,2024-07-04 23:42:25.026
BTC,BUY,0.0020,9232465.000,2024-07-04 23:42:25.117
BTC,BUY,0.0010,9236149.000,2024-07-04 23:42:25.546
BTC,BUY,0.0190,9236149.000,2024-07-04 23:42:26.564
BTC,BUY,0.0127,9238897.000,2024-07-04 23:42:28.067
BTC,BUY,0.0050,9238897.000,2024-07-04 23:42:28.210
BTC,BUY,0.0530,9238897.000,2024-07-04 23:42:29.006
BTC,BUY,0.0204,9238897.000,2024-07-04 23:42:29.081
BTC,BUY,0.0540,9244230.000,2024-07-04 23:42:30.020
BTC,BUY,0.0050,9244230.000,2024-07-04 23:42:30.138
BTC,SELL,0.0093,9244229.000,2024-07-04 23:42:33.666
BTC,SELL,0.0207,9244229.000,2024-07-04 23:42:33.738
BTC,SELL,0.0300,9244229.000,2024-07-04 23:42:33.738
BTC,SELL,0.0138,9244229.000,2024-07-04 23:42:33.738
BTC,SELL,0.0255,9244225.000,2024-07-04 23:42:33.738
BTC,SELL,0.0050,9244225.000,2024-07-04 23:42:33.894
BTC,SELL,0.0162,9244225.000,2024-07-04 23:42:34.202
BTC,SELL,0.0060,9244225.000,2024-07-04 23:42:34.426
BTC,SELL,0.0050,9244225.000,2024-07-04 23:42:34.429
BTC,SELL,0.0053,9244225.000,2024-07-04 23:42:34.431
BTC,SELL,0.0030,9242380.000,2024-07-04 23:42:34.508
BTC,SELL,0.0280,9242380.000,2024-07-04 23:42:34.732
BTC,SELL,0.0690,9242380.000,2024-07-04 23:42:34.859
BTC,SELL,0.0028,9232641.000,2024-07-04 23:42:34.859
BTC,SELL,0.0030,9232642.000,2024-07-04 23:42:35.667
BTC,BUY,0.0953,9239220.000,2024-07-04 23:42:35.677
BTC,SELL,0.0002,9239891.000,2024-07-04 23:42:51.073
BTC,BUY,0.0006,9232464.000,2024-07-04 23:42:52.668
BTC,SELL,0.0002,9229261.000,2024-07-04 23:42:53.615
BTC,SELL,0.0009,9229261.000,2024-07-04 23:42:53.657
BTC,SELL,0.0030,9229261.000,2024-07-04 23:42:54.500
BTC,SELL,0.0040,9229261.000,2024-07-04 23:42:54.701
BTC,BUY,0.0010,9229261.000,2024-07-04 23:43:05.525
BTC,BUY,0.0050,9229261.000,2024-07-04 23:43:06.039
BTC,BUY,0.0040,9229261.000,2024-07-04 23:43:06.175
BTC,BUY,0.0020,9232464.000,2024-07-04 23:43:06.175
BTC,BUY,0.0500,9230000.000,2024-07-04 23:43:08.577
BTC,BUY,0.0041,9232464.000,2024-07-04 23:43:08.577
BTC,BUY,0.0031,9232464.000,2024-07-04 23:43:08.581
BTC,BUY,0.0019,9232464.000,2024-07-04 23:43:08.581
BTC,SELL,0.0002,9232463.000,2024-07-04 23:43:10.722
BTC,SELL,0.0006,9232459.000,2024-07-04 23:43:10.722
BTC,BUY,0.0010,9232464.000,2024-07-04 23:43:15.225
BTC,BUY,0.0001,9232464.000,2024-07-04 23:43:16.356
BTC,BUY,0.0006,9232464.000,2024-07-04 23:43:23.106
BTC,BUY,0.0010,9232464.000,2024-07-04 23:43:25.313
BTC,SELL,0.0002,9232463.000,2024-07-04 23:43:31.070
BTC,SELL,0.0147,9231195.000,2024-07-04 23:43:31.070
BTC,SELL,0.0050,9231195.000,2024-07-04 23:43:31.507
BTC,SELL,0.0050,9220700.000,2024-07-04 23:43:33.770
BTC,BUY,0.0660,9223251.000,2024-07-04 23:43:51.971
BTC,BUY,0.0010,9225135.000,2024-07-04 23:43:55.475
BTC,BUY,0.0011,9225134.000,2024-07-04 23:44:05.288
BTC,BUY,0.0010,9225134.000,2024-07-04 23:44:05.344
BTC,BUY,0.0010,9225134.000,2024-07-04 23:44:10.262
BTC,BUY,0.0010,9225134.000,2024-07-04 23:44:11.985
BTC,BUY,0.0010,9225134.000,2024-07-04 23:44:15.239
BTC,BUY,0.0011,9230015.000,2024-07-04 23:44:18.844
BTC,BUY,0.0100,9239927.000,2024-07-04 23:44:41.570
BTC,BUY,0.0200,9239927.000,2024-07-04 23:44:42.068
BTC,BUY,0.0250,9239927.000,2024-07-04 23:44:42.774
BTC,BUY,0.0200,9244886.000,2024-07-04 23:45:18.054
BTC,BUY,0.0200,9244886.000,2024-07-04 23:45:19.789
BTC,BUY,0.0050,9245466.000,2024-07-04 23:45:20.432
BTC,BUY,0.0400,9245466.000,2024-07-04 23:45:21.196
BTC,BUY,0.0470,9245466.000,2024-07-04 23:45:21.200
BTC,BUY,0.0050,9249224.000,2024-07-04 23:45:23.736
BTC,BUY,0.0150,9249224.000,2024-07-04 23:45:24.738
BTC,BUY,0.0150,9249224.000,2024-07-04 23:45:24.789
BTC,BUY,0.0325,9249224.000,2024-07-04 23:45:25.737
BTC,BUY,0.0124,9249224.000,2024-07-04 23:45:25.741
BTC,BUY,0.0201,9249224.000,2024-07-04 23:45:25.887
BTC,BUY,0.0071,9250000.000,2024-07-04 23:45:25.887
BTC,BUY,0.0050,9250000.000,2024-07-04 23:45:26.491
BTC,BUY,0.0100,9250000.000,2024-07-04 23:45:27.051
BTC,BUY,0.0050,9250000.000,2024-07-04 23:45:27.055
BTC,BUY,0.0029,9250000.000,2024-07-04 23:45:27.255
BTC,BUY,0.0001,9253114.000,2024-07-04 23:45:27.255
BTC,BUY,0.0540,9253114.000,2024-07-04 23:45:27.297
BTC,BUY,0.0436,9253114.000,2024-07-04 23:45:27.499
BTC,BUY,0.0023,9253114.000,2024-07-04 23:45:27.754
BTC,BUY,0.0008,9253909.000,2024-07-04 23:45:27.754
BTC,BUY,0.0700,9259999.000,2024-07-04 23:45:27.829
BTC,BUY,0.0003,9260000.000,2024-07-04 23:45:27.829
BTC,BUY,0.0100,9262441.000,2024-07-04 23:45:27.829
BTC,BUY,0.0197,9263695.000,2024-07-04 23:45:27.829
BTC,BUY,0.0100,9264102.000,2024-07-04 23:45:28.369
BTC,BUY,0.0050,9263589.000,2024-07-04 23:45:28.698
BTC,BUY,0.0079,9263589.000,2024-07-04 23:45:29.031
BTC,BUY,0.0112,9258232.000,2024-07-04 23:45:30.327
BTC,BUY,0.0100,9258232.000,2024-07-04 23:45:30.705
BTC,BUY,0.0050,9259180.000,2024-07-04 23:45:33.673
BTC,BUY,0.0132,9259180.000,2024-07-04 23:45:33.937
BTC,BUY,0.0200,9259423.000,2024-07-04 23:45:38.857
BTC,BUY,0.0010,9259423.000,2024-07-04 23:45:39.218
BTC,BUY,0.0063,9259423.000,2024-07-04 23:45:39.938
BTC,SELL,0.0050,9254606.000,2024-07-04 23:46:09.208
BTC,BUY,0.0050,9260640.000,2024-07-04 23:46:16.337
BTC,BUY,0.0059,9260479.000,2024-07-04 23:47:22.244
BTC,BUY,0.0005,9260319.000,2024-07-04 23:47:26.914
BTC,BUY,0.0010,9261040.000,2024-07-04 23:47:35.255
BTC,BUY,0.0010,9262160.000,2024-07-04 23:47:55.385
BTC,BUY,0.0010,9262050.000,2024-07-04 23:48:05.328
BTC,BUY,0.0010,9262079.000,2024-07-04 23:48:16.066
BTC,BUY,0.0227,9262077.000,2024-07-04 23:48:22.426
BTC,BUY,0.0055,9262080.000,2024-07-04 23:48:22.426
BTC,BUY,0.0700,9262805.000,2024-07-04 23:48:22.426
BTC,BUY,0.0961,9263260.000,2024-07-04 23:48:22.426
BTC,BUY,0.5266,9263340.000,2024-07-04 23:48:22.426
BTC,BUY,0.0002,9265000.000,2024-07-04 23:48:35.198
BTC,BUY,0.0008,9266480.000,2024-07-04 23:48:35.198
BTC,SELL,0.0010,9261999.000,2024-07-04 23:49:23.163
BTC,SELL,0.0010,9261040.000,2024-07-04 23:49:23.678
BTC,SELL,0.0010,9261000.000,2024-07-04 23:49:23.678
BTC,SELL,0.0012,9254747.000,2024-07-04 23:49:23.678
BTC,SELL,0.0018,9250471.000,2024-07-04 23:49:23.678
BTC,SELL,0.0100,9250100.000,2024-07-04 23:49:40.080
BTC,BUY,0.0010,9257440.000,2024-07-04 23:49:55.224
BTC,SELL,0.0005,9255710.000,2024-07-04 23:50:02.972
BTC,BUY,0.0010,9256979.000,2024-07-04 23:50:15.457
BTC,SELL,0.0001,9255570.000,2024-07-04 23:50:46.561
BTC,SELL,0.0002,9250000.000,2024-07-04 23:50:46.561
BTC,SELL,0.0537,9249891.000,2024-07-04 23:50:46.561
BTC,SELL,0.0400,9249891.000,2024-07-04 23:50:46.668
BTC,SELL,0.0143,9249891.000,2024-07-04 23:50:46.672
BTC,SELL,0.0002,9240000.000,2024-07-04 23:50:53.150
BTC,BUY,0.0010,9234233.000,2024-07-04 23:50:55.396
BTC,SELL,0.0327,9230251.000,2024-07-04 23:51:04.353
BTC,BUY,0.0010,9233919.000,2024-07-04 23:51:05.312
BTC,BUY,0.0400,9230930.000,2024-07-04 23:51:22.476
BTC,BUY,0.0010,9233806.000,2024-07-04 23:51:42.813
BTC,BUY,0.0010,9234440.000,2024-07-04 23:51:45.302
BTC,BUY,0.0009,9235983.000,2024-07-04 23:51:50.078
BTC,BUY,0.0001,9236240.000,2024-07-04 23:52:03.149
BTC,BUY,0.0106,9235680.000,2024-07-04 23:52:09.255
BTC,BUY,0.0390,9236839.000,2024-07-04 23:52:09.255
BTC,BUY,0.0700,9237369.000,2024-07-04 23:52:09.255
BTC,BUY,0.0541,9238334.000,2024-07-04 23:52:09.255
BTC,BUY,0.0363,9238960.000,2024-07-04 23:52:09.255
BTC,BUY,0.0500,9239891.000,2024-07-04 23:53:01.960
BTC,BUY,0.0050,9239891.000,2024-07-04 23:53:02.012
BTC,BUY,0.0400,9239891.000,2024-07-04 23:53:02.016
BTC,BUY,0.0010,9243040.000,2024-07-04 23:53:04.281
BTC,BUY,0.0115,9243040.000,2024-07-04 23:53:05.445
BTC,BUY,0.0050,9245889.000,2024-07-04 23:53:05.688
BTC,BUY,0.0486,9245889.000,2024-07-04 23:53:05.987
BTC,BUY,0.0464,9245889.000,2024-07-04 23:53:06.370
BTC,BUY,0.0068,9252327.000,2024-07-04 23:53:06.370
BTC,BUY,0.0068,9253799.000,2024-07-04 23:53:06.769
BTC,BUY,0.0030,9253799.000,2024-07-04 23:53:06.781
BTC,BUY,0.0125,9253760.000,2024-07-04 23:53:07.386
BTC,BUY,0.0002,9255000.000,2024-07-04 23:53:07.386
BTC,BUY,0.0540,9256056.000,2024-07-04 23:53:07.386
BTC,BUY,0.0190,9257244.000,2024-07-04 23:53:07.386
BTC,BUY,0.0143,9258040.000,2024-07-04 23:53:07.386
BTC,BUY,0.0002,9255000.000,2024-07-04 23:53:11.904
BTC,BUY,0.0298,9257815.000,2024-07-04 23:53:11.904
BTC,BUY,0.0005,9256078.000,2024-07-04 23:53:16.394
BTC,BUY,0.0002,9256000.000,2024-07-04 23:53:16.587
BTC,BUY,0.0003,9258040.000,2024-07-04 23:53:35.108
BTC,BUY,0.0006,9258560.000,2024-07-04 23:53:44.103
BTC,BUY,0.0005,9258550.000,2024-07-04 23:54:07.265
BTC,BUY,0.0040,9251350.000,2024-07-04 23:54:22.039
BTC,BUY,0.0210,9251165.000,2024-07-04 23:54:23.861
BTC,SELL,0.0002,9250000.000,2024-07-04 23:54:40.794
BTC,SELL,0.0002,9240000.000,2024-07-04 23:54:51.460
BTC,SELL,0.0007,9238081.000,2024-07-04 23:54:51.460
BTC,BUY,0.0054,9238960.000,2024-07-04 23:55:09.172
BTC,SELL,0.0002,9235984.000,2024-07-04 23:55:21.275
BTC,BUY,0.0036,9236800.000,2024-07-04 23:55:33.437
BTC,BUY,0.0011,9237370.000,2024-07-04 23:55:38.937
BTC,BUY,0.0011,9239020.000,2024-07-04 23:55:44.472
BTC,BUY,0.0001,9239020.000,2024-07-04 23:55:45.149
BTC,BUY,0.0011,9242261.000,2024-07-04 23:55:52.959
BTC,SELL,0.0200,9242450.000,2024-07-04 23:56:01.157
BTC,BUY,0.0010,9243165.000,2024-07-04 23:56:01.495
BTC,BUY,0.0005,9242262.000,2024-07-04 23:56:20.424
BTC,BUY,0.0100,9242280.000,2024-07-04 23:56:25.428
BTC,BUY,0.0005,9242262.000,2024-07-04 23:56:34.269
BTC,BUY,0.0014,9242599.000,2024-07-04 23:56:49.000
BTC,SELL,0.0050,9242300.000,2024-07-04 23:56:52.132
BTC,SELL,0.0059,9242300.000,2024-07-04 23:56:52.649
BTC,SELL,0.0001,9242261.000,2024-07-04 23:56:52.649
BTC,SELL,0.0050,9242261.000,2024-07-04 23:56:59.129
BTC,BUY,0.0003,9242262.000,2024-07-04 23:57:09.670
BTC,SELL,0.0030,9242261.000,2024-07-04 23:57:19.921
BTC,SELL,0.0009,9242261.000,2024-07-04 23:57:19.950
BTC,SELL,0.0133,9240000.000,2024-07-04 23:57:19.950
BTC,SELL,0.0100,9240000.000,2024-07-04 23:57:20.317
BTC,SELL,0.0134,9240000.000,2024-07-04 23:57:20.701
BTC,SELL,0.0100,9240000.000,2024-07-04 23:57:23.023
BTC,SELL,0.0033,9240000.000,2024-07-04 23:57:23.426
BTC,SELL,0.0001,9240000.000,2024-07-04 23:57:23.426
BTC,SELL,0.0016,9233921.000,2024-07-04 23:57:23.426
BTC,BUY,0.0020,9230775.000,2024-07-04 23:57:37.424
BTC,BUY,0.0100,9231645.000,2024-07-04 23:57:39.206
BTC,BUY,0.0108,9231710.000,2024-07-04 23:57:46.941
BTC,BUY,0.0015,9231950.000,2024-07-04 23:58:14.294
BTC,BUY,0.0300,9230001.000,2024-07-04 23:58:25.918
BTC,BUY,0.0542,9230001.000,2024-07-04 23:58:25.918
BTC,BUY,0.1000,9230001.000,2024-07-04 23:58:25.918
BTC,BUY,0.0658,9230001.000,2024-07-04 23:58:25.918
BTC,SELL,0.0002,9230000.000,2024-07-04 23:58:33.143
BTC,SELL,0.0133,9220161.000,2024-07-04 23:58:33.238
BTC,SELL,0.0125,9220160.000,2024-07-04 23:58:33.238
BTC,SELL,0.0003,9220000.000,2024-07-04 23:58:33.238
BTC,SELL,0.0300,9220000.000,2024-07-04 23:58:33.238
BTC,SELL,0.0002,9220000.000,2024-07-04 23:58:33.238
BTC,SELL,0.0100,9219880.000,2024-07-04 23:58:33.238
BTC,SELL,0.0700,9215708.000,2024-07-04 23:58:33.238
BTC,SELL,0.0027,9215706.000,2024-07-04 23:58:33.238
BTC,SELL,0.0300,9213128.000,2024-07-04 23:58:33.238
BTC,SELL,0.0400,9212329.000,2024-07-04 23:58:33.238
BTC,SELL,0.0300,9212163.000,2024-07-04 23:58:33.238
BTC,SELL,0.1831,9210001.000,2024-07-04 23:58:33.238
BTC,SELL,0.0003,9210000.000,2024-07-04 23:58:33.238
BTC,SELL,0.0020,9210000.000,2024-07-04 23:58:33.238
BTC,SELL,0.0015,9210000.000,2024-07-04 23:58:33.238
BTC,SELL,0.0001,9210000.000,2024-07-04 23:58:33.238
BTC,SELL,0.0020,9210000.000,2024-07-04 23:58:33.238
BTC,SELL,0.0100,9210000.000,2024-07-04 23:58:33.238
BTC,SELL,0.0001,9210000.000,2024-07-04 23:58:33.238
BTC,SELL,0.0002,9210000.000,2024-07-04 23:58:33.238
BTC,SELL,0.0030,9210000.000,2024-07-04 23:58:33.238
BTC,SELL,0.0024,9210000.000,2024-07-04 23:58:33.238
BTC,SELL,0.0001,9210000.000,2024-07-04 23:58:33.238
BTC,SELL,0.0010,9209858.000,2024-07-04 23:58:33.238
BTC,SELL,0.0001,9209118.000,2024-07-04 23:58:33.238
BTC,SELL,0.0542,9209080.000,2024-07-04 23:58:33.238
BTC,SELL,0.0011,9209000.000,2024-07-04 23:58:33.238
BTC,SELL,0.1000,9208882.000,2024-07-04 23:58:33.238
BTC,SELL,0.0012,9208545.000,2024-07-04 23:58:33.238
BTC,SELL,0.0100,9204132.000,2024-07-04 23:58:33.238
BTC,SELL,0.0400,9204131.000,2024-07-04 23:58:33.238
BTC,SELL,0.0003,9202600.000,2024-07-04 23:58:33.238
BTC,SELL,0.0400,9201398.000,2024-07-04 23:58:33.238
BTC,SELL,0.0010,9201000.000,2024-07-04 23:58:33.238
BTC,SELL,0.0050,9201000.000,2024-07-04 23:58:33.238
BTC,SELL,0.0020,9201000.000,2024-07-04 23:58:33.238
BTC,SELL,0.0010,9200100.000,2024-07-04 23:58:33.238
BTC,SELL,0.0050,9200000.000,2024-07-04 23:58:33.238
BTC,SELL,0.0003,9200000.000,2024-07-04 23:58:33.238
BTC,SELL,0.0040,9200000.000,2024-07-04 23:58:33.238
BTC,SELL,0.0050,9200000.000,2024-07-04 23:58:33.238
BTC,SELL,0.0011,9200000.000,2024-07-04 23:58:33.238
BTC,SELL,0.0001,9200000.000,2024-07-04 23:58:33.238
BTC,SELL,0.0047,9200000.000,2024-07-04 23:58:33.238
BTC,SELL,0.0200,9200000.000,2024-07-04 23:58:33.366
BTC,SELL,0.0010,9205938.000,2024-07-04 23:58:37.154
BTC,BUY,0.0306,9205939.000,2024-07-04 23:58:38.418
BTC,BUY,0.0080,9211930.000,2024-07-04 23:58:44.864
BTC,BUY,0.0010,9211930.000,2024-07-04 23:58:51.001
BTC,BUY,0.0090,9212990.000,2024-07-04 23:58:54.303
BTC,BUY,0.0011,9213547.000,2024-07-04 23:59:03.453
BTC,SELL,0.0002,9214275.000,2024-07-04 23:59:08.784
BTC,SELL,0.0125,9213680.000,2024-07-04 23:59:08.784
BTC,SELL,0.0373,9211936.000,2024-07-04 23:59:08.784
BTC,BUY,0.0003,9214049.000,2024-07-04 23:59:09.510
BTC,BUY,0.0010,9214579.000,2024-07-04 23:59:15.303
BTC,BUY,0.0010,9214579.000,2024-07-04 23:59:17.200
BTC,SELL,0.0015,9216167.000,2024-07-04 23:59:20.558
BTC,BUY,0.0007,9219499.000,2024-07-04 23:59:31.658
BTC,BUY,0.0009,9215639.000,2024-07-04 23:59:32.605
BTC,BUY,0.0001,9217173.000,2024-07-04 23:59:54.096
BTC,SELL,0.0005,9217500.000,2024-07-05 00:00:03.948
BTC,BUY,0.0005,9221010.000,2024-07-05 00:00:04.575
BTC,SELL,0.0100,9217680.000,2024-07-05 00:00:07.675
BTC,SELL,0.0025,9217680.000,2024-07-05 00:00:08.207
BTC,SELL,0.0515,9216285.000,2024-07-05 00:00:08.207
BTC,BUY,0.0005,9216699.000,2024-07-05 00:00:09.237
BTC,BUY,0.0013,9217734.000,2024-07-05 00:00:18.944
BTC,BUY,0.0020,9223393.000,2024-07-05 00:00:32.205
BTC,BUY,0.0134,9229339.000,2024-07-05 00:00:43.195
BTC,BUY,0.0334,9229339.000,2024-07-05 00:00:43.267
BTC,BUY,0.0532,9229339.000,2024-07-05 00:00:43.777
BTC,BUY,0.0060,9235775.000,2024-07-05 00:00:44.564
BTC,BUY,0.0005,9235775.000,2024-07-05 00:00:46.699
BTC,BUY,0.0190,9237915.000,2024-07-05 00:00:52.019
BTC,BUY,0.0001,9240000.000,2024-07-05 00:00:56.007
BTC,BUY,0.0002,9240000.000,2024-07-05 00:01:08.742
BTC,BUY,0.0028,9240086.000,2024-07-05 00:01:08.742
BTC,BUY,0.0008,9243198.000,2024-07-05 00:01:22.779
BTC,BUY,0.0050,9239587.000,2024-07-05 00:01:24.319
BTC,BUY,0.0050,9241716.000,2024-07-05 00:01:30.149
BTC,BUY,0.0540,9241716.000,2024-07-05 00:01:30.398
BTC,BUY,0.0050,9241716.000,2024-07-05 00:01:30.481
BTC,BUY,0.0030,9241716.000,2024-07-05 00:01:30.834
BTC,BUY,0.0049,9241716.000,2024-07-05 00:01:30.875
BTC,BUY,0.0050,9241716.000,2024-07-05 00:01:31.995
BTC,BUY,0.0050,9245000.000,2024-07-05 00:01:32.534
BTC,BUY,0.0119,9245000.000,2024-07-05 00:01:33.143
BTC,BUY,0.0050,9247138.000,2024-07-05 00:01:34.172
BTC,BUY,0.0031,9247138.000,2024-07-05 00:01:34.315
BTC,BUY,0.0600,9249508.000,2024-07-05 00:01:37.962
BTC,SELL,0.0125,9247920.000,2024-07-05 00:01:43.117
BTC,SELL,0.0175,9247915.000,2024-07-05 00:01:43.117
BTC,SELL,0.0164,9247845.000,2024-07-05 00:01:43.439
BTC,BUY,0.0029,9247845.000,2024-07-05 00:01:50.478
BTC,BUY,0.0010,9244246.000,2024-07-05 00:01:58.935
BTC,BUY,0.0056,9242767.000,2024-07-05 00:02:01.973
BTC,BUY,0.0002,9242768.000,2024-07-05 00:02:01.973
BTC,BUY,0.0142,9243277.000,2024-07-05 00:02:01.973
BTC,BUY,0.0010,9243048.000,2024-07-05 00:02:05.554
BTC,BUY,0.0002,9240000.000,2024-07-05 00:02:08.810
BTC,BUY,0.0012,9244972.000,2024-07-05 00:02:11.956
BTC,BUY,0.0010,9240731.000,2024-07-05 00:02:15.326
BTC,BUY,0.0010,9233360.000,2024-07-05 00:02:25.409
BTC,BUY,0.0090,9237946.000,2024-07-05 00:02:28.908
BTC,BUY,0.0284,9236867.000,2024-07-05 00:02:29.371
BTC,BUY,0.0009,9237532.000,2024-07-05 00:02:33.987
BTC,BUY,0.0010,9241896.000,2024-07-05 00:02:35.371
BTC,BUY,0.0010,9236850.000,2024-07-05 00:02:45.483
BTC,SELL,0.0007,9230205.000,2024-07-05 00:03:01.764
BTC,SELL,0.0002,9230000.000,2024-07-05 00:03:04.877
BTC,SELL,0.0058,9224760.000,2024-07-05 00:03:04.877
BTC,SELL,0.0011,9223380.000,2024-07-05 00:03:10.497
BTC,SELL,0.0039,9221377.000,2024-07-05 00:03:10.497
BTC,SELL,0.0011,9220000.000,2024-07-05 00:03:11.558
BTC,SELL,0.0009,9220000.000,2024-07-05 00:03:14.560
BTC,SELL,0.0191,9219165.000,2024-07-05 00:03:14.560
BTC,BUY,0.0010,9220240.000,2024-07-05 00:03:15.364
BTC,SELL,0.0002,9220000.000,2024-07-05 00:03:17.598
BTC,SELL,0.0098,9217173.000,2024-07-05 00:03:17.598
BTC,SELL,0.0002,9217173.000,2024-07-05 00:03:20.230
BTC,SELL,0.0001,9216914.000,2024-07-05 00:03:20.230
BTC,SELL,0.0010,9216700.000,2024-07-05 00:03:20.230
BTC,SELL,0.0027,9215638.000,2024-07-05 00:03:20.230
BTC,SELL,0.0002,9215000.000,2024-07-05 00:03:20.230
BTC,SELL,0.0001,9214000.000,2024-07-05 00:03:20.230
BTC,SELL,0.0082,9213696.000,2024-07-05 00:03:20.230
BTC,SELL,0.0050,9213696.000,2024-07-05 00:03:20.633
BTC,SELL,0.0030,9213696.000,2024-07-05 00:03:21.498
BTC,SELL,0.0050,9213696.000,2024-07-05 00:03:24.521
BTC,SELL,0.0004,9213696.000,2024-07-05 00:03:27.631
BTC,SELL,0.0032,9210341.000,2024-07-05 00:03:27.631
BTC,SELL,0.0860,9207315.000,2024-07-05 00:03:27.631
BTC,BUY,0.0010,9208166.000,2024-07-05 00:03:35.297
BTC,BUY,0.0001,9208150.000,2024-07-05 00:03:35.672
BTC,SELL,0.0270,9200007.000,2024-07-05 00:03:36.183
BTC,SELL,0.0253,9200000.000,2024-07-05 00:03:36.183
BTC,SELL,0.0001,9200000.000,2024-07-05 00:03:36.183
BTC,SELL,0.0005,9200000.000,2024-07-05 00:03:36.183
BTC,SELL,0.0010,9200000.000,2024-07-05 00:03:36.183
BTC,SELL,0.0001,9200000.000,2024-07-05 00:03:36.183
BTC,SELL,0.0030,9200000.000,2024-07-05 00:03:36.192
BTC,SELL,0.0003,9200007.000,2024-07-05 00:03:37.935
BTC,BUY,0.0033,9201260.000,2024-07-05 00:03:38.386
BTC,BUY,0.0010,9201840.000,2024-07-05 00:03:45.309
BTC,BUY,0.0002,9201840.000,2024-07-05 00:03:45.619
BTC,SELL,0.0050,9200000.000,2024-07-05 00:03:53.417
BTC,SELL,0.0119,9200000.000,2024-07-05 00:03:53.798
BTC,SELL,0.0010,9200000.000,2024-07-05 00:03:53.798
BTC,SELL,0.0100,9200000.000,2024-07-05 00:03:53.798
BTC,SELL,0.0020,9200000.000,2024-07-05 00:03:53.798
BTC,SELL,0.0243,9200000.000,2024-07-05 00:03:53.798
BTC,SELL,0.0257,9200000.000,2024-07-05 00:03:53.806
BTC,SELL,0.0010,9200000.000,2024-07-05 00:03:53.806
BTC,SELL,0.0050,9200000.000,2024-07-05 00:03:53.806
BTC,SELL,0.0001,9200000.000,2024-07-05 00:03:53.806
BTC,SELL,0.0050,9200000.000,2024-07-05 00:03:53.806
BTC,SELL,0.0020,9200000.000,2024-07-05 00:03:53.806
BTC,SELL,0.0001,9200000.000,2024-07-05 00:03:53.806
BTC,SELL,0.0100,9200000.000,2024-07-05 00:03:53.806
BTC,SELL,0.0010,9200000.000,2024-07-05 00:03:53.806
BTC,SELL,0.0010,9200000.000,2024-07-05 00:03:53.806
BTC,SELL,0.0010,9200000.000,2024-07-05 00:03:53.806
BTC,SELL,0.0014,9200000.000,2024-07-05 00:03:53.806
BTC,SELL,0.0300,9200000.000,2024-07-05 00:03:53.806
BTC,SELL,0.0001,9200000.000,2024-07-05 00:03:53.806
BTC,SELL,0.0001,9200000.000,2024-07-05 00:03:53.806
BTC,SELL,0.0070,9200000.000,2024-07-05 00:03:53.806
BTC,SELL,0.0100,9200000.000,2024-07-05 00:03:53.806
BTC,SELL,0.0010,9200000.000,2024-07-05 00:03:53.806
BTC,SELL,0.0200,9200000.000,2024-07-05 00:03:53.806
BTC,SELL,0.0016,9200000.000,2024-07-05 00:03:53.806
BTC,SELL,0.0011,9200000.000,2024-07-05 00:03:53.806
BTC,SELL,0.0030,9200000.000,2024-07-05 00:03:53.806
BTC,SELL,0.0110,9200000.000,2024-07-05 00:03:53.806
BTC,SELL,0.0050,9200000.000,2024-07-05 00:03:53.806
BTC,SELL,0.0010,9200000.000,2024-07-05 00:03:53.806
BTC,SELL,0.0010,9200000.000,2024-07-05 00:03:53.806
BTC,SELL,0.0001,9200000.000,2024-07-05 00:03:53.806
BTC,SELL,0.0001,9200000.000,2024-07-05 00:03:53.806
BTC,SELL,0.0010,9200000.000,2024-07-05 00:03:53.806
BTC,SELL,0.0010,9200000.000,2024-07-05 00:03:53.806
BTC,SELL,0.0002,9200000.000,2024-07-05 00:03:53.806
BTC,SELL,0.0001,9200000.000,2024-07-05 00:03:53.806
BTC,SELL,0.0400,9200000.000,2024-07-05 00:03:53.806
BTC,SELL,0.0100,9200000.000,2024-07-05 00:03:53.806
BTC,SELL,0.0010,9200000.000,2024-07-05 00:03:53.806
BTC,SELL,0.0050,9200000.000,2024-07-05 00:03:53.806
BTC,SELL,0.0005,9200000.000,2024-07-05 00:03:53.806
BTC,SELL,0.0011,9200000.000,2024-07-05 00:03:53.806
BTC,SELL,0.0002,9200000.000,2024-07-05 00:03:53.806
BTC,SELL,0.0002,9200000.000,2024-07-05 00:03:53.806
BTC,SELL,0.0100,9200000.000,2024-07-05 00:03:53.806
BTC,SELL,0.0002,9200000.000,2024-07-05 00:03:53.806
BTC,SELL,0.0020,9200000.000,2024-07-05 00:03:53.806
BTC,SELL,0.0010,9200000.000,2024-07-05 00:03:53.806
BTC,SELL,0.0003,9200000.000,2024-07-05 00:03:53.806
BTC,SELL,0.0500,9200000.000,2024-07-05 00:03:53.806
BTC,SELL,0.0100,9200000.000,2024-07-05 00:03:53.806
BTC,SELL,0.0003,9200000.000,2024-07-05 00:03:53.806
BTC,SELL,0.0100,9200000.000,2024-07-05 00:03:53.806
BTC,SELL,0.0025,9200000.000,2024-07-05 00:03:53.806
BTC,BUY,0.0008,9198737.000,2024-07-05 00:03:56.613
BTC,BUY,0.0004,9198737.000,2024-07-05 00:03:56.773
BTC,BUY,0.0002,9198737.000,2024-07-05 00:04:09.478
BTC,BUY,0.0006,9198737.000,2024-07-05 00:04:10.391
BTC,BUY,0.0010,9198737.000,2024-07-05 00:04:15.479
BTC,SELL,0.0010,9198736.000,2024-07-05 00:04:17.795
BTC,SELL,0.0010,9198451.000,2024-07-05 00:04:18.431
BTC,SELL,0.0005,9197999.000,2024-07-05 00:04:19.644
BTC,BUY,0.0002,9192565.000,2024-07-05 00:04:22.163
BTC,BUY,0.0002,9192565.000,2024-07-05 00:04:24.441
BTC,SELL,0.0008,9192564.000,2024-07-05 00:04:26.711
BTC,BUY,0.0007,9192565.000,2024-07-05 00:04:29.485
BTC,BUY,0.0257,9192565.000,2024-07-05 00:04:30.640
BTC,BUY,0.0319,9194081.000,2024-07-05 00:04:31.594
BTC,BUY,0.0059,9194400.000,2024-07-05 00:04:31.594
BTC,BUY,0.0935,9194945.000,2024-07-05 00:04:31.594
BTC,BUY,0.1000,9195880.000,2024-07-05 00:04:32.719
BTC,BUY,0.0125,9197619.000,2024-07-05 00:04:32.816
BTC,BUY,0.0050,9197619.000,2024-07-05 00:04:33.035
BTC,BUY,0.0060,9197619.000,2024-07-05 00:04:33.043
BTC,BUY,0.0050,9199209.000,2024-07-05 00:04:33.543
BTC,BUY,0.0350,9199209.000,2024-07-05 00:04:33.667
BTC,BUY,0.0050,9199209.000,2024-07-05 00:04:34.035
BTC,BUY,0.0004,9199622.000,2024-07-05 00:04:34.761
BTC,BUY,0.0050,9199622.000,2024-07-05 00:04:35.056
BTC,BUY,0.0009,9199622.000,2024-07-05 00:04:35.062
BTC,BUY,0.0010,9199622.000,2024-07-05 00:04:35.287
BTC,BUY,0.0050,9199622.000,2024-07-05 00:04:35.334
BTC,BUY,0.0001,9200037.000,2024-07-05 00:04:40.466
BTC,SELL,0.0002,9200036.000,2024-07-05 00:04:44.139
BTC,SELL,0.0082,9199957.000,2024-07-05 00:04:44.139
BTC,BUY,0.0010,9200149.000,2024-07-05 00:04:45.564
BTC,SELL,0.0050,9199621.000,2024-07-05 00:04:47.267
BTC,SELL,0.0060,9199621.000,2024-07-05 00:04:47.329
BTC,SELL,0.0013,9199621.000,2024-07-05 00:04:53.190
BTC,SELL,0.0002,9195000.000,2024-07-05 00:04:56.052
BTC,SELL,0.0005,9192564.000,2024-07-05 00:04:56.695
BTC,SELL,0.0003,9190000.000,2024-07-05 00:04:56.695
BTC,SELL,0.0001,9190000.000,2024-07-05 00:04:56.695
BTC,SELL,0.0010,9190000.000,2024-07-05 00:04:56.695
BTC,SELL,0.0002,9190000.000,2024-07-05 00:04:56.695
BTC,SELL,0.0010,9187614.000,2024-07-05 00:04:59.134
BTC,SELL,0.0040,9186478.000,2024-07-05 00:04:59.134
BTC,BUY,0.0027,9188600.000,2024-07-05 00:05:01.998
BTC,SELL,0.0970,9186505.000,2024-07-05 00:05:04.819
BTC,SELL,0.0340,9186505.000,2024-07-05 00:05:04.819
BTC,SELL,0.0690,9186500.000,2024-07-05 00:05:04.819
BTC,BUY,0.0010,9188058.000,2024-07-05 00:05:07.847
BTC,BUY,0.0010,9188058.000,2024-07-05 00:05:08.418
BTC,BUY,0.0060,9190332.000,2024-07-05 00:05:08.717
BTC,BUY,0.0061,9190332.000,2024-07-05 00:05:09.550
BTC,BUY,0.0015,9190332.000,2024-07-05 00:05:09.695
BTC,BUY,0.0030,9190332.000,2024-07-05 00:05:10.156
BTC,BUY,0.0050,9190332.000,2024-07-05 00:05:10.265
BTC,BUY,0.0050,9190332.000,2024-07-05 00:05:11.002
BTC,BUY,0.0290,9190332.000,2024-07-05 00:05:11.110
BTC,BUY,0.0010,9201387.000,2024-07-05 00:05:15.753
BTC,BUY,0.0333,9209566.000,2024-07-05 00:05:20.489
BTC,BUY,0.0220,9209566.000,2024-07-05 00:05:20.693
BTC,BUY,0.0220,9209566.000,2024-07-05 00:05:20.876
BTC,BUY,0.0226,9209566.000,2024-07-05 00:05:21.287
BTC,BUY,0.0001,9209566.000,2024-07-05 00:05:21.308
BTC,BUY,0.0002,9210000.000,2024-07-05 00:05:21.308
BTC,BUY,0.0047,9214540.000,2024-07-05 00:05:21.308
BTC,SELL,0.0007,9209565.000,2024-07-05 00:05:21.670
BTC,SELL,0.0009,9209570.000,2024-07-05 00:05:23.334
BTC,BUY,0.0103,9213743.000,2024-07-05 00:05:27.021
BTC,BUY,0.0010,9214367.000,2024-07-05 00:05:27.331
BTC,BUY,0.0010,9214442.000,2024-07-05 00:05:29.357
BTC,BUY,0.0070,9214442.000,2024-07-05 00:05:29.360
BTC,SELL,0.0010,9200639.000,2024-07-05 00:05:40.748
BTC,SELL,0.0010,9200639.000,2024-07-05 00:05:41.289
BTC,BUY,0.0010,9199345.000,2024-07-05 00:05:45.565
BTC,BUY,0.0003,9201784.000,2024-07-05 00:05:51.198
BTC,BUY,0.0010,9203742.000,2024-07-05 00:05:55.610
BTC,SELL,0.0070,9203741.000,2024-07-05 00:05:57.396
BTC,BUY,0.0012,9206073.000,2024-07-05 00:05:57.947
BTC,BUY,0.0037,9206073.000,2024-07-05 00:05:58.082
BTC,BUY,0.0100,9206073.000,2024-07-05 00:05:59.398
BTC,BUY,0.0050,9209629.000,2024-07-05 00:06:03.408
BTC,BUY,0.0068,9209629.000,2024-07-05 00:06:03.492
BTC,BUY,0.0200,9209629.000,2024-07-05 00:06:04.118
BTC,BUY,0.0580,9209629.000,2024-07-05 00:06:04.362
BTC,BUY,0.0102,9209629.000,2024-07-05 00:06:04.491
BTC,BUY,0.0050,9213455.000,2024-07-05 00:06:04.502
BTC,BUY,0.0050,9217358.000,2024-07-05 00:06:05.819
BTC,BUY,0.0700,9217358.000,2024-07-05 00:06:05.954
BTC,BUY,0.0250,9217358.000,2024-07-05 00:06:06.377
BTC,BUY,0.0002,9220000.000,2024-07-05 00:06:06.377
BTC,BUY,0.0112,9221329.000,2024-07-05 00:06:06.377
BTC,BUY,0.0050,9221329.000,2024-07-05 00:06:06.662
BTC,BUY,0.0503,9225290.000,2024-07-05 00:06:08.956
BTC,BUY,0.0050,9225290.000,2024-07-05 00:06:09.193
BTC,BUY,0.1000,9222863.000,2024-07-05 00:06:16.422
BTC,BUY,0.0050,9227315.000,2024-07-05 00:06:16.426
BTC,BUY,0.0541,9226006.000,2024-07-05 00:06:17.729
BTC,BUY,0.0050,9226006.000,2024-07-05 00:06:18.875
BTC,BUY,0.0002,9226006.000,2024-07-05 00:06:23.968
BTC,BUY,0.0048,9226770.000,2024-07-05 00:06:23.968
BTC,SELL,0.0009,9222325.000,2024-07-05 00:06:27.340
BTC,BUY,0.0005,9227000.000,2024-07-05 00:06:36.790
BTC,BUY,0.0100,9227000.000,2024-07-05 00:06:39.843
BTC,BUY,0.0113,9227000.000,2024-07-05 00:06:45.439
BTC,BUY,0.0003,9230000.000,2024-07-05 00:06:45.439
BTC,BUY,0.0164,9231540.000,2024-07-05 00:06:45.439
BTC,BUY,0.0280,9232070.000,2024-07-05 00:06:46.059
BTC,BUY,0.0030,9233690.000,2024-07-05 00:06:51.568
BTC,BUY,0.0610,9228826.000,2024-07-05 00:06:55.665
BTC,BUY,0.0002,9235000.000,2024-07-05 00:07:13.823
BTC,BUY,0.0001,9235200.000,2024-07-05 00:07:13.823
BTC,BUY,0.0030,9235650.000,2024-07-05 00:07:20.611
BTC,SELL,0.0012,9228825.000,2024-07-05 00:07:22.359
BTC,SELL,0.0038,9226599.000,2024-07-05 00:07:22.359
BTC,BUY,0.0010,9232000.000,2024-07-05 00:07:25.572
BTC,BUY,0.0050,9234720.000,2024-07-05 00:07:28.276
BTC,BUY,0.0064,9234720.000,2024-07-05 00:07:28.637
BTC,BUY,0.0003,9240000.000,2024-07-05 00:07:28.637
BTC,BUY,0.0133,9242139.000,2024-07-05 00:07:28.637
BTC,BUY,0.0010,9242139.000,2024-07-05 00:07:28.726
BTC,BUY,0.0010,9242139.000,2024-07-05 00:07:29.077
BTC,BUY,0.0050,9242670.000,2024-07-05 00:07:29.407
BTC,BUY,0.0115,9242640.000,2024-07-05 00:07:29.975
BTC,SELL,0.0280,9234851.000,2024-07-05 00:07:33.496
BTC,SELL,0.0050,9234855.000,2024-07-05 00:07:34.013
BTC,SELL,0.0230,9234851.000,2024-07-05 00:07:34.013
BTC,BUY,0.0012,9236840.000,2024-07-05 00:07:35.448
BTC,SELL,0.0030,9234300.000,2024-07-05 00:07:39.621
BTC,BUY,0.0010,9234719.000,2024-07-05 00:07:40.989
BTC,BUY,0.0005,9235249.000,2024-07-05 00:07:42.789
BTC,BUY,0.0009,9236310.000,2024-07-05 00:08:06.632
BTC,BUY,0.0009,9234155.000,2024-07-05 00:09:12.811
BTC,SELL,0.0012,9234154.000,2024-07-05 00:09:15.717
BTC,BUY,0.0008,9225090.000,2024-07-05 00:09:21.361
BTC,BUY,0.0126,9225090.000,2024-07-05 00:09:21.371
BTC,BUY,0.0010,9225680.000,2024-07-05 00:09:21.695
BTC,BUY,0.0011,9225870.000,2024-07-05 00:09:21.695
BTC,BUY,0.0540,9225870.000,2024-07-05 00:09:21.988
BTC,BUY,0.0100,9225870.000,2024-07-05 00:09:21.990
BTC,BUY,0.0035,9231480.000,2024-07-05 00:09:23.970
BTC,SELL,0.0003,9234350.000,2024-07-05 00:09:40.796
BTC,BUY,0.0100,9238800.000,2024-07-05 00:09:41.215
BTC,SELL,0.0050,9230543.000,2024-07-05 00:09:48.326
BTC,BUY,0.0022,9230100.000,2024-07-05 00:09:53.430
BTC,BUY,0.0010,9230001.000,2024-07-05 00:09:55.396
BTC,SELL,0.0005,9230000.000,2024-07-05 00:10:03.305
BTC,BUY,0.0010,9230001.000,2024-07-05 00:10:05.390
BTC,SELL,0.0018,9230000.000,2024-07-05 00:10:07.658
BTC,BUY,0.0006,9225300.000,2024-07-05 00:10:10.924
BTC,BUY,0.0050,9224755.000,2024-07-05 00:10:13.942
BTC,BUY,0.0010,9226639.000,2024-07-05 00:10:15.186
BTC,SELL,0.0010,9226638.000,2024-07-05 00:10:18.020
BTC,SELL,0.0001,9226560.000,2024-07-05 00:10:18.020
BTC,BUY,0.0200,9226474.000,2024-07-05 00:10:28.102
BTC,BUY,0.0001,9224765.000,2024-07-05 00:10:34.118
BTC,SELL,0.0100,9226473.000,2024-07-05 00:11:03.328
BTC,SELL,0.0001,9226473.000,2024-07-05 00:11:03.328
BTC,BUY,0.0003,9226474.000,2024-07-05 00:11:05.062
BTC,BUY,0.0010,9232596.000,2024-07-05 00:11:05.109
BTC,BUY,0.0003,9229250.000,2024-07-05 00:11:05.967
BTC,SELL,0.0007,9230553.000,2024-07-05 00:11:12.657
BTC,BUY,0.0010,9230917.000,2024-07-05 00:11:15.244
BTC,BUY,0.0030,9227549.000,2024-07-05 00:11:19.634
BTC,BUY,0.0200,9222250.000,2024-07-05 00:11:23.534
BTC,BUY,0.0050,9222250.000,2024-07-05 00:11:23.560
BTC,BUY,0.0303,9222250.000,2024-07-05 00:11:23.612
BTC,BUY,0.0447,9222250.000,2024-07-05 00:11:23.940
BTC,BUY,0.0010,9231539.000,2024-07-05 00:11:25.234
BTC,BUY,0.0770,9225982.000,2024-07-05 00:11:28.362
BTC,BUY,0.0200,9225982.000,2024-07-05 00:11:28.600
BTC,BUY,0.0030,9225982.000,2024-07-05 00:11:28.747
BTC,SELL,0.0009,9226337.000,2024-07-05 00:11:31.953
BTC,BUY,0.0010,9228360.000,2024-07-05 00:11:35.312
BTC,BUY,0.0010,9228661.000,2024-07-05 00:11:45.531
BTC,SELL,0.0020,9222117.000,2024-07-05 00:11:48.393
BTC,BUY,0.0010,9223060.000,2024-07-05 00:11:55.443
BTC,BUY,0.0010,9224116.000,2024-07-05 00:11:57.550
BTC,BUY,0.0050,9224116.000,2024-07-05 00:11:57.609
BTC,SELL,0.0100,9220250.000,2024-07-05 00:11:57.952
BTC,BUY,0.0002,9220940.000,2024-07-05 00:12:03.608
BTC,BUY,0.0010,9225237.000,2024-07-05 00:12:05.531
BTC,SELL,0.0050,9221600.000,2024-07-05 00:12:12.358
BTC,BUY,0.0034,9220875.000,2024-07-05 00:12:22.042
BTC,BUY,0.0010,9220970.000,2024-07-05 00:12:23.776
BTC,BUY,0.0010,9220968.000,2024-07-05 00:12:25.301
BTC,BUY,0.0010,9221545.000,2024-07-05 00:12:35.339
BTC,SELL,0.0001,9220000.000,2024-07-05 00:12:44.766
BTC,SELL,0.0002,9220000.000,2024-07-05 00:12:44.766
BTC,BUY,0.0200,9219623.000,2024-07-05 00:12:50.028
BTC,BUY,0.0500,9215080.000,2024-07-05 00:13:07.680
BTC,BUY,0.0019,9220959.000,2024-07-05 00:13:12.595
BTC,BUY,0.0010,9218570.000,2024-07-05 00:13:17.840
BTC,SELL,0.0012,9211930.000,2024-07-05 00:13:39.040
BTC,SELL,0.0002,9211930.000,2024-07-05 00:13:39.040
BTC,SELL,0.0013,9209629.000,2024-07-05 00:13:39.040
BTC,SELL,0.0023,9204561.000,2024-07-05 00:13:39.040
BTC,BUY,0.0030,9206265.000,2024-07-05 00:13:40.647
BTC,BUY,0.0005,9204860.000,2024-07-05 00:13:44.275
BTC,BUY,0.0002,9204625.000,2024-07-05 00:14:02.687
BTC,BUY,0.0500,9206630.000,2024-07-05 00:14:03.279
BTC,SELL,0.0002,9204500.000,2024-07-05 00:14:35.730
BTC,SELL,0.0002,9204500.000,2024-07-05 00:14:35.730
BTC,BUY,0.0010,9200600.000,2024-07-05 00:14:48.199
BTC,BUY,0.0005,9200550.000,2024-07-05 00:14:53.941
BTC,BUY,0.0010,9200307.000,2024-07-05 00:15:03.482
BTC,BUY,0.0500,9200307.000,2024-07-05 00:15:03.695
BTC,BUY,0.0026,9202525.000,2024-07-05 00:15:10.475
BTC,BUY,0.0010,9202525.000,2024-07-05 00:15:11.354
BTC,BUY,0.0342,9201290.000,2024-07-05 00:15:17.131
BTC,BUY,0.0158,9201355.000,2024-07-05 00:15:17.131
BTC,BUY,0.0010,9204152.000,2024-07-05 00:15:19.395
BTC,BUY,0.0002,9205040.000,2024-07-05 00:15:30.234
BTC,SELL,0.0003,9201680.000,2024-07-05 00:15:38.347
BTC,SELL,0.0071,9201680.000,2024-07-05 00:15:38.452
BTC,SELL,0.0429,9200152.000,2024-07-05 00:15:38.452
BTC,BUY,0.0001,9200800.000,2024-07-05 00:15:38.967
BTC,BUY,0.0500,9202920.000,2024-07-05 00:15:41.731
BTC,BUY,0.0011,9204510.000,2024-07-05 00:15:43.944
BTC,SELL,0.0002,9205000.000,2024-07-05 00:15:46.198
BTC,BUY,0.0500,9206455.000,2024-07-05 00:16:00.506
BTC,BUY,0.0283,9207910.000,2024-07-05 00:16:09.242
BTC,BUY,0.0217,9210868.000,2024-07-05 00:16:09.242
BTC,BUY,0.0020,9211200.000,2024-07-05 00:16:18.900
BTC,BUY,0.0012,9212459.000,2024-07-05 00:16:23.761
BTC,BUY,0.0011,9212849.000,2024-07-05 00:16:33.019
BTC,SELL,0.0010,9204160.000,2024-07-05 00:16:39.853
BTC,BUY,0.0106,9204949.000,2024-07-05 00:16:53.218
BTC,BUY,0.0394,9208657.000,2024-07-05 00:17:04.521
BTC,BUY,0.0500,9213518.000,2024-07-05 00:17:10.500
BTC,BUY,0.0002,9220000.000,2024-07-05 00:17:16.526
BTC,BUY,0.0498,9221983.000,2024-07-05 00:17:16.526
BTC,BUY,0.0009,9225180.000,2024-07-05 00:17:20.135
BTC,SELL,0.0050,9225120.000,2024-07-05 00:17:42.907
BTC,BUY,0.0002,9226240.000,2024-07-05 00:18:03.559
BTC,BUY,0.0010,9227050.000,2024-07-05 00:18:12.144
BTC,BUY,0.0001,9226290.000,2024-07-05 00:18:26.798
BTC,BUY,0.0003,9226000.000,2024-07-05 00:18:44.903
BTC,SELL,0.0065,9225120.000,2024-07-05 00:18:49.718
BTC,SELL,0.0035,9225080.000,2024-07-05 00:18:49.718
BTC,SELL,0.0132,9225080.000,2024-07-05 00:18:50.036
BTC,SELL,0.0132,9225080.000,2024-07-05 00:18:50.040
BTC,SELL,0.0001,9225080.000,2024-07-05 00:18:50.987
BTC,SELL,0.0001,9220000.000,2024-07-05 00:18:50.987
BTC,SELL,0.0012,9218112.000,2024-07-05 00:18:50.987
BTC,SELL,0.0046,9217542.000,2024-07-05 00:18:50.987
BTC,BUY,0.0005,9218290.000,2024-07-05 00:18:54.050
BTC,BUY,0.0021,9218820.000,2024-07-05 00:19:03.468
BTC,BUY,0.0479,9223590.000,2024-07-05 00:19:05.410
BTC,BUY,0.0002,9225000.000,2024-07-05 00:19:12.484
BTC,BUY,0.0018,9225180.000,2024-07-05 00:19:12.484
BTC,SELL,0.0050,9220000.000,2024-07-05 00:19:32.758
BTC,BUY,0.0015,9220001.000,2024-07-05 00:19:49.542
BTC,SELL,0.0005,9220000.000,2024-07-05 00:20:03.384
BTC,SELL,0.0030,9220000.000,2024-07-05 00:20:06.624
BTC,SELL,0.0015,9220000.000,2024-07-05 00:20:09.172
BTC,SELL,0.0002,9215000.000,2024-07-05 00:20:09.172
BTC,SELL,0.0033,9210780.000,2024-07-05 00:20:09.172
BTC,BUY,0.0010,9210547.000,2024-07-05 00:20:24.539
BTC,BUY,0.0108,9210781.000,2024-07-05 00:20:29.483
BTC,BUY,0.0001,9212460.000,2024-07-05 00:20:38.377
BTC,SELL,0.0003,9210000.000,2024-07-05 00:20:52.194
BTC,SELL,0.0002,9210000.000,2024-07-05 00:20:58.652
BTC,SELL,0.0041,9208880.000,2024-07-05 00:20:58.652
BTC,BUY,0.0005,9212673.000,2024-07-05 00:21:21.247
BTC,BUY,0.0010,9214049.000,2024-07-05 00:21:34.985
BTC,SELL,0.0029,9211840.000,2024-07-05 00:21:37.519
BTC,BUY,0.0033,9212460.000,2024-07-05 00:21:40.558
BTC,SELL,0.0164,9211842.000,2024-07-05 00:21:40.698
BTC,BUY,0.0010,9212400.000,2024-07-05 00:21:55.233
BTC,SELL,0.0930,9206056.000,2024-07-05 00:21:58.533
BTC,SELL,0.0020,9206001.000,2024-07-05 00:21:58.533
BTC,BUY,0.0100,9206365.000,2024-07-05 00:22:02.084
BTC,BUY,0.0108,9207200.000,2024-07-05 00:22:03.062
BTC,BUY,0.0100,9207200.000,2024-07-05 00:22:03.665
BTC,BUY,0.0010,9207200.000,2024-07-05 00:22:05.123
BTC,BUY,0.0009,9207200.000,2024-07-05 00:22:05.176
BTC,BUY,0.0005,9209300.000,2024-07-05 00:22:08.021
BTC,BUY,0.0010,9213519.000,2024-07-05 00:22:25.057
BTC,BUY,0.0001,9217758.000,2024-07-05 00:22:35.342
BTC,BUY,0.0019,9218819.000,2024-07-05 00:22:52.821
BTC,BUY,0.0081,9219349.000,2024-07-05 00:22:52.821
BTC,BUY,0.0010,9217759.000,2024-07-05 00:23:02.039
BTC,BUY,0.0001,9217994.000,2024-07-05 00:23:36.663
BTC,BUY,0.0050,9217994.000,2024-07-05 00:23:38.064
BTC,BUY,0.0050,9218921.000,2024-07-05 00:23:40.064
BTC,BUY,0.0132,9218921.000,2024-07-05 00:23:41.098
BTC,BUY,0.0050,9221999.000,2024-07-05 00:23:41.728
BTC,BUY,0.0060,9221999.000,2024-07-05 00:23:41.866
BTC,BUY,0.0002,9225000.000,2024-07-05 00:23:44.569
BTC,BUY,0.0048,9225180.000,2024-07-05 00:23:44.569
BTC,BUY,0.0200,9225180.000,2024-07-05 00:23:51.094
BTC,BUY,0.0050,9225180.000,2024-07-05 00:23:51.327
BTC,BUY,0.0050,9225180.000,2024-07-05 00:23:51.827
BTC,BUY,0.0100,9225180.000,2024-07-05 00:23:52.251
BTC,BUY,0.0052,9225180.000,2024-07-05 00:23:52.393
BTC,BUY,0.0050,9228029.000,2024-07-05 00:23:54.643
BTC,BUY,0.0050,9228029.000,2024-07-05 00:23:54.723
BTC,BUY,0.0050,9228029.000,2024-07-05 00:23:55.314
BTC,BUY,0.0050,9229908.000,2024-07-05 00:23:56.865
BTC,BUY,0.0050,9229908.000,2024-07-05 00:23:57.348
BTC,BUY,0.0050,9229908.000,2024-07-05 00:23:58.340
BTC,BUY,0.0050,9229908.000,2024-07-05 00:23:59.579
BTC,SELL,0.0020,9231701.000,2024-07-05 00:24:22.385
BTC,BUY,0.0050,9234370.000,2024-07-05 00:24:28.985
BTC,BUY,0.0950,9234370.000,2024-07-05 00:24:29.131
BTC,BUY,0.0030,9240104.000,2024-07-05 00:24:30.688
BTC,BUY,0.0050,9240104.000,2024-07-05 00:24:32.018
BTC,BUY,0.0050,9241049.000,2024-07-05 00:24:33.033
BTC,BUY,0.0950,9241049.000,2024-07-05 00:24:33.761
BTC,BUY,0.0050,9249029.000,2024-07-05 00:24:33.787
BTC,BUY,0.0001,9250000.000,2024-07-05 00:25:02.634
BTC,SELL,0.1000,9249999.000,2024-07-05 00:25:02.800
BTC,SELL,0.1000,9249999.000,2024-07-05 00:25:02.800
BTC,SELL,0.0970,9249995.000,2024-07-05 00:25:02.800
BTC,SELL,0.0020,9249995.000,2024-07-05 00:25:02.800
BTC,SELL,0.0015,9249075.000,2024-07-05 00:25:02.800
BTC,SELL,0.0030,9249029.000,2024-07-05 00:25:02.800
BTC,SELL,0.0700,9246436.000,2024-07-05 00:25:02.800
BTC,SELL,0.0300,9245639.000,2024-07-05 00:25:02.800
BTC,SELL,0.0965,9245427.000,2024-07-05 00:25:02.800
BTC,BUY,0.0050,9250000.000,2024-07-05 00:25:29.228
BTC,SELL,0.0055,9246560.000,2024-07-05 00:25:44.853
BTC,SELL,0.0895,9246550.000,2024-07-05 00:25:44.853
BTC,SELL,0.0030,9245000.000,2024-07-05 00:25:57.760
BTC,SELL,0.0020,9245000.000,2024-07-05 00:25:58.486
BTC,SELL,0.0010,9240000.000,2024-07-05 00:25:59.374
BTC,SELL,0.0040,9232643.000,2024-07-05 00:25:59.374
BTC,BUY,0.0020,9225758.000,2024-07-05 00:26:07.375
BTC,BUY,0.0050,9225758.000,2024-07-05 00:26:07.982
BTC,BUY,0.0032,9225827.000,2024-07-05 00:26:08.962
BTC,BUY,0.0050,9225827.000,2024-07-05 00:26:10.233
BTC,BUY,0.0030,9225827.000,2024-07-05 00:26:10.723
BTC,BUY,0.0050,9225827.000,2024-07-05 00:26:10.782
BTC,BUY,0.0838,9225827.000,2024-07-05 00:26:10.881
BTC,BUY,0.0050,9230478.000,2024-07-05 00:26:11.257
BTC,BUY,0.0050,9231455.000,2024-07-05 00:26:13.758
BTC,BUY,0.0010,9231454.000,2024-07-05 00:26:14.510
BTC,BUY,0.0050,9226463.000,2024-07-05 00:26:26.614
BTC,BUY,0.0050,9226463.000,2024-07-05 00:26:27.136
BTC,BUY,0.0200,9232424.000,2024-07-05 00:26:28.452
BTC,BUY,0.0104,9232833.000,2024-07-05 00:26:28.452
BTC,BUY,0.0606,9233130.000,2024-07-05 00:26:28.452
BTC,BUY,0.0050,9233130.000,2024-07-05 00:26:28.822
BTC,BUY,0.0002,9234720.000,2024-07-05 00:26:38.799
BTC,BUY,0.0029,9235000.000,2024-07-05 00:27:49.743
BTC,BUY,0.0003,9235000.000,2024-07-05 00:28:00.476
BTC,SELL,0.0030,9234999.000,2024-07-05 00:28:06.320
BTC,SELL,0.0020,9234999.000,2024-07-05 00:28:07.297
BTC,SELL,0.0048,9231454.000,2024-07-05 00:28:08.282
BTC,SELL,0.0050,9217872.000,2024-07-05 00:28:09.232
BTC,SELL,0.0050,9217876.000,2024-07-05 00:28:11.477
BTC,SELL,0.0060,9217759.000,2024-07-05 00:28:31.284
BTC,SELL,0.0014,9217759.000,2024-07-05 00:28:33.029
BTC,SELL,0.0039,9207387.000,2024-07-05 00:28:34.206
BTC,SELL,0.0011,9207386.000,2024-07-05 00:28:34.206
BTC,BUY,0.0003,9208220.000,2024-07-05 00:28:35.006
BTC,BUY,0.0020,9209810.000,2024-07-05 00:28:35.508
BTC,BUY,0.0003,9210664.000,2024-07-05 00:28:48.031
BTC,BUY,0.0003,9210960.000,2024-07-05 00:28:59.690
BTC,BUY,0.0010,9211400.000,2024-07-05 00:29:34.778
BTC,BUY,0.0010,9211929.000,2024-07-05 00:29:38.733
BTC,BUY,0.0010,9212460.000,2024-07-05 00:29:45.001
BTC,BUY,0.0013,9212990.000,2024-07-05 00:29:47.460
BTC,BUY,0.0032,9213520.000,2024-07-05 00:29:54.438
BTC,BUY,0.0010,9213655.000,2024-07-05 00:29:54.883
BTC,BUY,0.0202,9213790.000,2024-07-05 00:29:59.940
BTC,BUY,0.0050,9214050.000,2024-07-05 00:30:03.936
BTC,BUY,0.0010,9215505.000,2024-07-05 00:30:04.961
BTC,BUY,0.0036,9216700.000,2024-07-05 00:30:09.441
BTC,BUY,0.0010,9217715.000,2024-07-05 00:30:26.975
