symbol,side,size,price,timestamp
BTC,BUY,0.0010,9355838.000,2024-07-09 21:00:26.146
BTC,BUY,0.0001,9350050.000,2024-07-09 21:01:31.926
BTC,BUY,0.0001,9348950.000,2024-07-09 21:01:55.845
BTC,BUY,0.0020,9352445.000,2024-07-09 21:02:32.672
BTC,BUY,0.0001,9351520.000,2024-07-09 21:05:28.122
BTC,SELL,0.0070,9346687.000,2024-07-09 21:06:05.551
BTC,SELL,0.0045,9346687.000,2024-07-09 21:06:06.046
BTC,SELL,0.0823,9346687.000,2024-07-09 21:11:15.494
BTC,SELL,0.0177,9346063.000,2024-07-09 21:11:15.494
BTC,SELL,0.0005,9345505.000,2024-07-09 21:12:10.276
BTC,SELL,0.0700,9341289.000,2024-07-09 21:12:10.276
BTC,SELL,0.0295,9340587.000,2024-07-09 21:12:10.276
BTC,SELL,0.0002,9340600.000,2024-07-09 21:12:14.831
BTC,SELL,0.1000,9345749.000,2024-07-09 21:12:43.309
BTC,BUY,0.1000,9351698.000,2024-07-09 21:13:29.773
BTC,BUY,0.0134,9353855.000,2024-07-09 21:13:29.773
BTC,BUY,0.0124,9354400.000,2024-07-09 21:13:29.773
BTC,BUY,0.0310,9354479.000,2024-07-09 21:13:29.773
BTC,BUY,0.0400,9354478.000,2024-07-09 21:13:30.214
BTC,BUY,0.0002,9355000.000,2024-07-09 21:13:30.214
BTC,BUY,0.0501,9355560.000,2024-07-09 21:13:30.214
BTC,BUY,0.1000,9355050.000,2024-07-09 21:13:41.148
BTC,BUY,0.0994,9359270.000,2024-07-09 21:13:41.148
BTC,BUY,0.1994,9359270.000,2024-07-09 21:13:41.264
BTC,BUY,0.1994,9359270.000,2024-07-09 21:13:41.345
BTC,BUY,0.1000,9355799.000,2024-07-09 21:13:44.211
BTC,BUY,0.1000,9356360.000,2024-07-09 21:13:56.320
BTC,BUY,0.0563,9359270.000,2024-07-09 21:13:56.320
BTC,BUY,0.1563,9359270.000,2024-07-09 21:13:56.424
BTC,BUY,0.1563,9359270.000,2024-07-09 21:13:56.527
BTC,BUY,0.0200,9357650.000,2024-07-09 21:14:08.535
BTC,BUY,0.0703,9357650.000,2024-07-09 21:14:08.535
BTC,BUY,0.0005,9357649.000,2024-07-09 21:14:10.654
BTC,BUY,0.1000,9351812.000,2024-07-09 21:14:20.616
BTC,BUY,0.0001,9353266.000,2024-07-09 21:14:47.920
BTC,BUY,0.0001,9353948.000,2024-07-09 21:15:10.402
BTC,BUY,0.0005,9353585.000,2024-07-09 21:15:23.150
BTC,BUY,0.0500,9353950.000,2024-07-09 21:15:57.696
BTC,BUY,0.0700,9353970.000,2024-07-09 21:15:57.696
BTC,BUY,0.0002,9352406.000,2024-07-09 21:16:17.726
BTC,BUY,0.0100,9353117.000,2024-07-09 21:16:31.409
BTC,BUY,0.0001,9356090.000,2024-07-09 21:16:57.801
BTC,BUY,0.0005,9356600.000,2024-07-09 21:17:06.625
BTC,BUY,0.0100,9356600.000,2024-07-09 21:17:23.623
BTC,BUY,0.1000,9353525.000,2024-07-09 21:18:01.823
BTC,BUY,0.1000,9355332.000,2024-07-09 21:18:12.656
BTC,BUY,0.0468,9355878.000,2024-07-09 21:18:13.721
BTC,BUY,0.0007,9354886.000,2024-07-09 21:18:54.728
BTC,SELL,0.0001,9350650.000,2024-07-09 21:19:48.131
BTC,BUY,0.0005,9353440.000,2024-07-09 21:20:25.919
BTC,SELL,0.0199,9350300.000,2024-07-09 21:21:21.685
BTC,SELL,0.0001,9349365.000,2024-07-09 21:23:04.396
BTC,SELL,0.0011,9340000.000,2024-07-09 21:23:23.459
BTC,SELL,0.0002,9340000.000,2024-07-09 21:23:23.459
BTC,SELL,0.0012,9333851.000,2024-07-09 21:23:23.459
BTC,SELL,0.0020,9333851.000,2024-07-09 21:23:23.742
BTC,BUY,0.0100,9333479.000,2024-07-09 21:23:32.625
BTC,BUY,0.0100,9333479.000,2024-07-09 21:23:33.865
BTC,BUY,0.0086,9333479.000,2024-07-09 21:23:34.180
BTC,BUY,0.0020,9336480.000,2024-07-09 21:24:50.333
BTC,BUY,0.0010,9336299.000,2024-07-09 21:26:21.564
BTC,BUY,0.0010,9335367.000,2024-07-09 21:26:50.937
BTC,BUY,0.0100,9340624.000,2024-07-09 21:29:15.251
BTC,SELL,0.0010,9346395.000,2024-07-09 21:29:23.968
BTC,BUY,0.0001,9346569.000,2024-07-09 21:31:34.550
BTC,BUY,0.0002,9355000.000,2024-07-09 21:32:02.746
BTC,BUY,0.0038,9356102.000,2024-07-09 21:32:02.746
BTC,BUY,0.0171,9356550.000,2024-07-09 21:33:01.843
BTC,BUY,0.0001,9353450.000,2024-07-09 21:34:01.468
BTC,BUY,0.0015,9352700.000,2024-07-09 21:34:26.094
BTC,BUY,0.0220,9352589.000,2024-07-09 21:38:54.551
BTC,BUY,0.0054,9352593.000,2024-07-09 21:38:56.185
BTC,SELL,0.0125,9352640.000,2024-07-09 21:41:58.351
BTC,SELL,0.0175,9352593.000,2024-07-09 21:41:58.351
BTC,SELL,0.0041,9352593.000,2024-07-09 21:42:40.247
BTC,SELL,0.0020,9352593.000,2024-07-09 21:42:41.022
BTC,SELL,0.0020,9346971.000,2024-07-09 21:42:47.957
BTC,SELL,0.0100,9346971.000,2024-07-09 21:42:48.353
BTC,BUY,0.0001,9345850.000,2024-07-09 21:43:53.095
BTC,BUY,0.0002,9346400.000,2024-07-09 21:44:49.304
BTC,BUY,0.0001,9346400.000,2024-07-09 21:44:55.878
BTC,BUY,0.0007,9346400.000,2024-07-09 21:45:24.714
BTC,SELL,0.0002,9340000.000,2024-07-09 21:50:10.513
BTC,SELL,0.0013,9335636.000,2024-07-09 21:50:10.513
BTC,BUY,0.0009,9338070.000,2024-07-09 21:50:12.136
BTC,BUY,0.1000,9338782.000,2024-07-09 21:51:58.327
BTC,SELL,0.0008,9338819.000,2024-07-09 21:52:06.050
BTC,BUY,0.0008,9338849.000,2024-07-09 21:52:14.070
BTC,BUY,0.0008,9338820.000,2024-07-09 21:52:31.410
BTC,SELL,0.0188,9337776.000,2024-07-09 21:53:12.627
BTC,BUY,0.0010,9336300.000,2024-07-09 21:55:04.893
BTC,BUY,0.0125,9335400.000,2024-07-09 21:55:53.029
BTC,BUY,0.0030,9335400.000,2024-07-09 21:55:53.029
BTC,BUY,0.0125,9335520.000,2024-07-09 21:55:53.029
BTC,BUY,0.0690,9335599.000,2024-07-09 21:55:53.029
BTC,BUY,0.0013,9335914.000,2024-07-09 21:55:53.029
BTC,BUY,0.0124,9335915.000,2024-07-09 21:55:53.029
BTC,BUY,0.0090,9336507.000,2024-07-09 21:55:53.029
BTC,BUY,0.0803,9337010.000,2024-07-09 21:55:53.029
BTC,SELL,0.0076,9338561.000,2024-07-09 21:56:42.610
BTC,BUY,0.0001,9335449.000,2024-07-09 21:57:09.921
BTC,BUY,0.0300,9340190.000,2024-07-09 21:57:25.236
BTC,BUY,0.0091,9334717.000,2024-07-09 21:57:57.761
BTC,BUY,0.0009,9333667.000,2024-07-09 22:00:03.115
BTC,BUY,0.0001,9338070.000,2024-07-09 22:00:04.523
BTC,SELL,0.0100,9339129.000,2024-07-09 22:00:59.912
BTC,BUY,0.0001,9333667.000,2024-07-09 22:01:53.127
BTC,BUY,0.0030,9333667.000,2024-07-09 22:02:22.327
BTC,SELL,0.0004,9333666.000,2024-07-09 22:03:20.202
BTC,SELL,0.0004,9333665.000,2024-07-09 22:03:20.202
BTC,SELL,0.0021,9333665.000,2024-07-09 22:03:21.639
BTC,BUY,0.0001,9330001.000,2024-07-09 22:05:41.238
BTC,BUY,0.0008,9330001.000,2024-07-09 22:05:42.862
BTC,SELL,0.0007,9334351.000,2024-07-09 22:06:03.401
BTC,SELL,0.0010,9333798.000,2024-07-09 22:06:06.303
BTC,SELL,0.0010,9333515.000,2024-07-09 22:06:12.719
BTC,SELL,0.0010,9333493.000,2024-07-09 22:06:19.343
BTC,SELL,0.0240,9333333.000,2024-07-09 22:07:09.340
BTC,SELL,0.0002,9330000.000,2024-07-09 22:07:19.777
BTC,SELL,0.0118,9331472.000,2024-07-09 22:10:10.189
BTC,SELL,0.0050,9331472.000,2024-07-09 22:10:10.189
BTC,SELL,0.0009,9330000.000,2024-07-09 22:10:10.189
BTC,SELL,0.0003,9330000.000,2024-07-09 22:10:10.189
BTC,SELL,0.0001,9330000.000,2024-07-09 22:10:10.189
BTC,SELL,0.0002,9330000.000,2024-07-09 22:10:10.189
BTC,SELL,0.0817,9329201.000,2024-07-09 22:10:10.189
BTC,SELL,0.0010,9329201.000,2024-07-09 22:10:10.284
BTC,SELL,0.0010,9329201.000,2024-07-09 22:10:10.384
BTC,SELL,0.0246,9329201.000,2024-07-09 22:11:43.646
BTC,SELL,0.0700,9328465.000,2024-07-09 22:11:43.646
BTC,SELL,0.0050,9327716.000,2024-07-09 22:11:43.646
BTC,SELL,0.0007,9327723.000,2024-07-09 22:11:50.269
BTC,BUY,0.0001,9327563.000,2024-07-09 22:12:32.128
BTC,BUY,0.0010,9327563.000,2024-07-09 22:12:50.937
BTC,BUY,0.0007,9330000.000,2024-07-09 22:14:49.692
BTC,BUY,0.0001,9330000.000,2024-07-09 22:15:04.556
BTC,BUY,0.0011,9330000.000,2024-07-09 22:15:28.030
BTC,BUY,0.0001,9329095.000,2024-07-09 22:16:37.636
BTC,BUY,0.0004,9330000.000,2024-07-09 22:18:54.107
BTC,BUY,0.0077,9330000.000,2024-07-09 22:18:55.154
BTC,BUY,0.0606,9330120.000,2024-07-09 22:18:55.154
BTC,BUY,0.0001,9330120.000,2024-07-09 22:19:22.886
BTC,BUY,0.0100,9333384.000,2024-07-09 22:22:42.114
BTC,BUY,0.0200,9333384.000,2024-07-09 22:22:52.291
BTC,BUY,0.0100,9333384.000,2024-07-09 22:22:52.880
BTC,BUY,0.0100,9333384.000,2024-07-09 22:23:11.666
BTC,BUY,0.0002,9333384.000,2024-07-09 22:23:33.586
BTC,BUY,0.0100,9333384.000,2024-07-09 22:23:42.333
BTC,BUY,0.0011,9333384.000,2024-07-09 22:24:34.302
BTC,BUY,0.0345,9333384.000,2024-07-09 22:24:56.919
BTC,SELL,0.0010,9338992.000,2024-07-09 22:25:50.547
BTC,BUY,0.0004,9338993.000,2024-07-09 22:27:17.198
BTC,BUY,0.0002,9338993.000,2024-07-09 22:27:21.609
BTC,SELL,0.0006,9338992.000,2024-07-09 22:27:35.133
BTC,SELL,0.0034,9338992.000,2024-07-09 22:27:59.240
BTC,SELL,0.0007,9338992.000,2024-07-09 22:27:59.240
BTC,BUY,0.0001,9338993.000,2024-07-09 22:28:21.113
BTC,BUY,0.0002,9338993.000,2024-07-09 22:29:53.092
BTC,BUY,0.0039,9338993.000,2024-07-09 22:31:07.553
BTC,BUY,0.0010,9340000.000,2024-07-09 22:31:31.245
BTC,BUY,0.0100,9340000.000,2024-07-09 22:31:32.611
BTC,BUY,0.0090,9340000.000,2024-07-09 22:31:33.249
BTC,BUY,0.0003,9344324.000,2024-07-09 22:31:44.925
BTC,BUY,0.0047,9344324.000,2024-07-09 22:32:13.554
BTC,BUY,0.0002,9344867.000,2024-07-09 22:32:13.554
BTC,BUY,0.0045,9345203.000,2024-07-09 22:32:13.554
BTC,SELL,0.0100,9350197.000,2024-07-09 22:33:30.596
BTC,SELL,0.0129,9346780.000,2024-07-09 22:33:30.596
BTC,BUY,0.0001,9350198.000,2024-07-09 22:33:54.223
BTC,BUY,0.0004,9350323.000,2024-07-09 22:33:54.223
BTC,BUY,0.0100,9349976.000,2024-07-09 22:34:15.824
BTC,BUY,0.0010,9350127.000,2024-07-09 22:34:30.808
BTC,BUY,0.0001,9350231.000,2024-07-09 22:35:09.265
BTC,BUY,0.0011,9360000.000,2024-07-09 22:39:04.368
BTC,BUY,0.0050,9360000.000,2024-07-09 22:39:04.368
BTC,BUY,0.0100,9364066.000,2024-07-09 22:39:04.422
BTC,BUY,0.0001,9363690.000,2024-07-09 22:39:41.444
BTC,BUY,0.0500,9363407.000,2024-07-09 22:39:46.154
BTC,BUY,0.0001,9363308.000,2024-07-09 22:39:51.126
BTC,BUY,0.0002,9363194.000,2024-07-09 22:39:52.909
BTC,BUY,0.0045,9362742.000,2024-07-09 22:40:13.258
BTC,BUY,0.0010,9359572.000,2024-07-09 22:40:27.984
BTC,BUY,0.0002,9361390.000,2024-07-09 22:40:48.031
BTC,BUY,0.0003,9361920.000,2024-07-09 22:40:48.031
BTC,BUY,0.0001,9361390.000,2024-07-09 22:41:01.160
BTC,SELL,0.0001,9358400.000,2024-07-09 22:42:08.004
BTC,BUY,0.0010,9358257.000,2024-07-09 22:43:21.543
BTC,BUY,0.0001,9358559.000,2024-07-09 22:43:44.219
BTC,BUY,0.0060,9357233.000,2024-07-09 22:44:00.591
BTC,BUY,0.0002,9366301.000,2024-07-09 22:45:26.925
BTC,SELL,0.0020,9369999.000,2024-07-09 22:46:56.633
BTC,BUY,0.0011,9370000.000,2024-07-09 22:47:50.567
BTC,BUY,0.0003,9370000.000,2024-07-09 22:47:50.567
BTC,BUY,0.0001,9370000.000,2024-07-09 22:47:50.567
BTC,BUY,0.0100,9370880.000,2024-07-09 22:47:53.402
BTC,BUY,0.0025,9370880.000,2024-07-09 22:47:56.969
BTC,BUY,0.0002,9370880.000,2024-07-09 22:47:56.969
BTC,BUY,0.0001,9375000.000,2024-07-09 22:48:22.459
BTC,BUY,0.0001,9377540.000,2024-07-09 22:49:05.635
BTC,BUY,0.0011,9380000.000,2024-07-09 22:49:33.946
BTC,BUY,0.0003,9380000.000,2024-07-09 22:49:33.946
BTC,BUY,0.0086,9380000.000,2024-07-09 22:49:33.946
BTC,BUY,0.0014,9380000.000,2024-07-09 22:49:43.227
BTC,BUY,0.0002,9380000.000,2024-07-09 22:50:02.359
BTC,BUY,0.0041,9385000.000,2024-07-09 22:50:02.359
BTC,BUY,0.0007,9387183.000,2024-07-09 22:50:02.359
BTC,BUY,0.0010,9388999.000,2024-07-09 22:50:33.828
BTC,BUY,0.0012,9388999.000,2024-07-09 22:50:33.885
BTC,BUY,0.0001,9389000.000,2024-07-09 22:50:39.659
BTC,BUY,0.0050,9389000.000,2024-07-09 22:50:42.665
BTC,BUY,0.0145,9389000.000,2024-07-09 22:50:42.738
BTC,BUY,0.0050,9389000.000,2024-07-09 22:50:43.018
BTC,BUY,0.0180,9389000.000,2024-07-09 22:50:43.070
BTC,BUY,0.0307,9389000.000,2024-07-09 22:50:43.564
BTC,BUY,0.1267,9389000.000,2024-07-09 22:50:43.567
BTC,BUY,0.0011,9390000.000,2024-07-09 22:50:43.915
BTC,BUY,0.0003,9390000.000,2024-07-09 22:50:43.915
BTC,BUY,0.0001,9390000.000,2024-07-09 22:50:43.915
BTC,BUY,0.0002,9391256.000,2024-07-09 22:50:43.915
BTC,BUY,0.0013,9395314.000,2024-07-09 22:50:43.915
BTC,BUY,0.0070,9395314.000,2024-07-09 22:50:44.017
BTC,BUY,0.0020,9395314.000,2024-07-09 22:50:44.141
BTC,BUY,0.0500,9395314.000,2024-07-09 22:50:44.174
BTC,BUY,0.0100,9395314.000,2024-07-09 22:50:44.414
BTC,BUY,0.0013,9396960.000,2024-07-09 22:51:00.574
BTC,SELL,0.0100,9396560.000,2024-07-09 22:51:02.824
BTC,SELL,0.0024,9396560.000,2024-07-09 22:51:03.265
BTC,SELL,0.1000,9396135.000,2024-07-09 22:51:04.838
BTC,SELL,0.0100,9396080.000,2024-07-09 22:51:06.147
BTC,BUY,0.0002,9396136.000,2024-07-09 22:51:08.390
BTC,BUY,0.0048,9396992.000,2024-07-09 22:51:08.390
BTC,BUY,0.0100,9398119.000,2024-07-09 22:51:09.479
BTC,BUY,0.0070,9398999.000,2024-07-09 22:51:09.543
BTC,BUY,0.0030,9398999.000,2024-07-09 22:51:10.793
BTC,BUY,0.0018,9399000.000,2024-07-09 22:51:10.793
BTC,BUY,0.0032,9399000.000,2024-07-09 22:51:12.973
BTC,BUY,0.0020,9399000.000,2024-07-09 22:51:12.973
BTC,BUY,0.0001,9398999.000,2024-07-09 22:51:29.897
BTC,SELL,0.0050,9395478.000,2024-07-09 22:51:39.961
BTC,BUY,0.0110,9392000.000,2024-07-09 22:51:56.701
BTC,BUY,0.0090,9392113.000,2024-07-09 22:51:56.701
BTC,BUY,0.0900,9390944.000,2024-07-09 22:52:00.436
BTC,SELL,0.0023,9390000.000,2024-07-09 22:52:03.250
BTC,SELL,0.0173,9384401.000,2024-07-09 22:52:03.250
BTC,SELL,0.0010,9384401.000,2024-07-09 22:52:03.315
BTC,BUY,0.0001,9380242.000,2024-07-09 22:52:15.295
BTC,BUY,0.0030,9384730.000,2024-07-09 22:53:22.868
BTC,BUY,0.0005,9386243.000,2024-07-09 22:53:32.229
BTC,BUY,0.0030,9386455.000,2024-07-09 22:53:33.076
BTC,BUY,0.0010,9387505.000,2024-07-09 22:53:51.496
BTC,BUY,0.0020,9393468.000,2024-07-09 22:54:07.433
BTC,BUY,0.0048,9386650.000,2024-07-09 22:54:50.894
BTC,BUY,0.0052,9387040.000,2024-07-09 22:54:50.894
BTC,BUY,0.0001,9387119.000,2024-07-09 22:55:22.913
BTC,BUY,0.0100,9382960.000,2024-07-09 22:55:55.014
BTC,SELL,0.0041,9380679.000,2024-07-09 22:56:14.200
BTC,SELL,0.0009,9380679.000,2024-07-09 22:56:14.381
BTC,SELL,0.0002,9375000.000,2024-07-09 22:56:14.381
BTC,SELL,0.0009,9373028.000,2024-07-09 22:56:14.381
BTC,SELL,0.0001,9360640.000,2024-07-09 22:59:25.595
BTC,SELL,0.0024,9360320.000,2024-07-09 22:59:34.998
BTC,SELL,0.0071,9360242.000,2024-07-09 22:59:34.998
BTC,SELL,0.0800,9360242.000,2024-07-09 22:59:42.663
BTC,BUY,0.0400,9360860.000,2024-07-09 22:59:58.466
BTC,BUY,0.0005,9361390.000,2024-07-09 23:00:02.922
BTC,BUY,0.0004,9361920.000,2024-07-09 23:00:26.037
BTC,BUY,0.0002,9361920.000,2024-07-09 23:00:26.305
BTC,SELL,0.0050,9361919.000,2024-07-09 23:00:27.330
BTC,BUY,0.0003,9361918.000,2024-07-09 23:00:32.648
BTC,SELL,0.0002,9360637.000,2024-07-09 23:00:51.883
BTC,SELL,0.0098,9360242.000,2024-07-09 23:00:51.883
BTC,BUY,0.0003,9360243.000,2024-07-09 23:00:56.191
BTC,SELL,0.0031,9360242.000,2024-07-09 23:01:51.437
BTC,SELL,0.0002,9360242.000,2024-07-09 23:01:51.437
BTC,SELL,0.0017,9353566.000,2024-07-09 23:01:51.437
BTC,BUY,0.0001,9355030.000,2024-07-09 23:01:54.312
BTC,BUY,0.0010,9357060.000,2024-07-09 23:02:22.921
BTC,SELL,0.0002,9357058.000,2024-07-09 23:02:56.681
BTC,SELL,0.0008,9352221.000,2024-07-09 23:02:56.681
BTC,BUY,0.0001,9355030.000,2024-07-09 23:03:16.758
BTC,BUY,0.0100,9355560.000,2024-07-09 23:03:20.754
BTC,BUY,0.0001,9357680.000,2024-07-09 23:03:42.190
BTC,SELL,0.0001,9363509.000,2024-07-09 23:04:18.951
BTC,SELL,0.0001,9362976.000,2024-07-09 23:04:38.627
BTC,BUY,0.0001,9364040.000,2024-07-09 23:05:17.468
BTC,SELL,0.0030,9362976.000,2024-07-09 23:05:42.671
BTC,SELL,0.0050,9363509.000,2024-07-09 23:07:03.151
BTC,SELL,0.0050,9362976.000,2024-07-09 23:07:03.151
BTC,SELL,0.0022,9362976.000,2024-07-09 23:07:43.257
BTC,SELL,0.0048,9362976.000,2024-07-09 23:08:08.229
BTC,SELL,0.0050,9362976.000,2024-07-09 23:08:26.813
BTC,SELL,0.0100,9362976.000,2024-07-09 23:10:35.958
BTC,SELL,0.0201,9362976.000,2024-07-09 23:11:09.010
BTC,SELL,0.0149,9362976.000,2024-07-09 23:11:29.130
BTC,SELL,0.0100,9362976.000,2024-07-09 23:12:10.890
BTC,SELL,0.0050,9362976.000,2024-07-09 23:12:10.893
BTC,BUY,0.0010,9362317.000,2024-07-09 23:12:39.466
BTC,BUY,0.0005,9361680.000,2024-07-09 23:13:38.081
BTC,SELL,0.0045,9356465.000,2024-07-09 23:16:29.692
BTC,SELL,0.0100,9357921.000,2024-07-09 23:18:00.116
BTC,BUY,0.0001,9358720.000,2024-07-09 23:19:12.013
BTC,BUY,0.0001,9359200.000,2024-07-09 23:19:43.626
BTC,SELL,0.0002,9360063.000,2024-07-09 23:20:28.362
BTC,BUY,0.0001,9359199.000,2024-07-09 23:23:38.168
BTC,BUY,0.0100,9359200.000,2024-07-09 23:26:23.339
BTC,BUY,0.0199,9359200.000,2024-07-09 23:26:34.938
BTC,BUY,0.0050,9359200.000,2024-07-09 23:26:34.984
BTC,BUY,0.0149,9359200.000,2024-07-09 23:26:35.104
BTC,BUY,0.0006,9360000.000,2024-07-09 23:26:35.613
BTC,BUY,0.0024,9360000.000,2024-07-09 23:27:28.200
BTC,BUY,0.0250,9361634.000,2024-07-09 23:27:28.200
BTC,SELL,0.0001,9361634.000,2024-07-09 23:27:30.032
BTC,BUY,0.0100,9362666.000,2024-07-09 23:27:52.982
BTC,BUY,0.0455,9363284.000,2024-07-09 23:27:52.982
BTC,BUY,0.0001,9359850.000,2024-07-09 23:30:14.524
BTC,BUY,0.0045,9360197.000,2024-07-09 23:31:47.096
BTC,BUY,0.0002,9360197.000,2024-07-09 23:31:48.338
BTC,BUY,0.0011,9359997.000,2024-07-09 23:33:02.032
BTC,BUY,0.0003,9360330.000,2024-07-09 23:33:21.267
BTC,BUY,0.0050,9362980.000,2024-07-09 23:34:57.337
BTC,SELL,0.0005,9369869.000,2024-07-09 23:36:03.245
BTC,SELL,0.0057,9369950.000,2024-07-09 23:36:06.766
BTC,SELL,0.0002,9369998.000,2024-07-09 23:36:13.535
BTC,SELL,0.0001,9369998.000,2024-07-09 23:36:16.014
BTC,BUY,0.0020,9369999.000,2024-07-09 23:36:24.402
BTC,BUY,0.0001,9369999.000,2024-07-09 23:36:45.168
BTC,SELL,0.0002,9369998.000,2024-07-09 23:37:28.008
BTC,BUY,0.0019,9369999.000,2024-07-09 23:37:40.202
BTC,BUY,0.0481,9370018.000,2024-07-09 23:37:40.202
BTC,BUY,0.0001,9370430.000,2024-07-09 23:37:44.473
BTC,BUY,0.0002,9371475.000,2024-07-09 23:37:44.473
BTC,BUY,0.0047,9371573.000,2024-07-09 23:37:44.473
BTC,BUY,0.0001,9374450.000,2024-07-09 23:38:05.516
BTC,BUY,0.0004,9375169.000,2024-07-09 23:39:09.205
BTC,BUY,0.0015,9376200.000,2024-07-09 23:41:05.176
BTC,BUY,0.0002,9376150.000,2024-07-09 23:41:28.862
BTC,BUY,0.0001,9376150.000,2024-07-09 23:41:58.334
BTC,BUY,0.0005,9377000.000,2024-07-09 23:42:18.195
BTC,BUY,0.0097,9377000.000,2024-07-09 23:43:03.558
BTC,BUY,0.0003,9378169.000,2024-07-09 23:43:03.558
BTC,BUY,0.0100,9378169.000,2024-07-09 23:43:03.587
BTC,BUY,0.0100,9378169.000,2024-07-09 23:43:04.114
BTC,BUY,0.0150,9378169.000,2024-07-09 23:43:04.117
BTC,BUY,0.0150,9378169.000,2024-07-09 23:43:04.174
BTC,BUY,0.0050,9378169.000,2024-07-09 23:43:04.573
BTC,BUY,0.0050,9378169.000,2024-07-09 23:43:05.048
BTC,BUY,0.0230,9378169.000,2024-07-09 23:43:05.073
BTC,BUY,0.0274,9379432.000,2024-07-09 23:43:14.339
BTC,BUY,0.0040,9379999.000,2024-07-09 23:43:31.676
BTC,BUY,0.0250,9383650.000,2024-07-09 23:43:41.055
BTC,BUY,0.0045,9384150.000,2024-07-09 23:44:00.653
BTC,BUY,0.0050,9384709.000,2024-07-09 23:44:15.661
BTC,BUY,0.0200,9384710.000,2024-07-09 23:44:15.661
BTC,BUY,0.0035,9384650.000,2024-07-09 23:44:56.318
BTC,BUY,0.0002,9384550.000,2024-07-09 23:44:58.723
BTC,BUY,0.0020,9384198.000,2024-07-09 23:45:11.309
BTC,BUY,0.0057,9384709.000,2024-07-09 23:45:40.288
BTC,BUY,0.0523,9384710.000,2024-07-09 23:45:40.288
BTC,BUY,0.0042,9385070.000,2024-07-09 23:45:40.288
BTC,BUY,0.0500,9385200.000,2024-07-09 23:45:40.288
BTC,BUY,0.1878,9385240.000,2024-07-09 23:45:40.288
BTC,SELL,0.0077,9383697.000,2024-07-09 23:45:46.606
BTC,SELL,0.0099,9383695.000,2024-07-09 23:45:46.606
BTC,SELL,0.0136,9381616.000,2024-07-09 23:45:46.606
BTC,BUY,0.0004,9384180.000,2024-07-09 23:45:48.020
BTC,SELL,0.0100,9385659.000,2024-07-09 23:46:39.288
BTC,SELL,0.0001,9385655.000,2024-07-09 23:47:06.478
BTC,BUY,0.0002,9385656.000,2024-07-09 23:47:32.724
BTC,BUY,0.0009,9385656.000,2024-07-09 23:47:32.724
BTC,BUY,0.0071,9385656.000,2024-07-09 23:48:48.307
BTC,BUY,0.0142,9385656.000,2024-07-09 23:48:48.307
BTC,BUY,0.0002,9385656.000,2024-07-09 23:48:48.307
BTC,BUY,0.0100,9386299.000,2024-07-09 23:48:48.307
BTC,BUY,0.0055,9386300.000,2024-07-09 23:48:48.307
BTC,BUY,0.0300,9386684.000,2024-07-09 23:49:28.497
BTC,BUY,0.0300,9387092.000,2024-07-09 23:49:28.497
BTC,BUY,0.0015,9387348.000,2024-07-09 23:49:28.661
BTC,SELL,0.0008,9386300.000,2024-07-09 23:49:46.844
BTC,BUY,0.0002,9387360.000,2024-07-09 23:50:22.728
BTC,SELL,0.0002,9386300.000,2024-07-09 23:50:41.398
BTC,SELL,0.0005,9385655.000,2024-07-09 23:51:20.700
BTC,SELL,0.0003,9385655.000,2024-07-09 23:51:29.867
BTC,SELL,0.0013,9385655.000,2024-07-09 23:51:30.501
BTC,SELL,0.0046,9385655.000,2024-07-09 23:51:33.096
BTC,SELL,0.0493,9380008.000,2024-07-09 23:51:33.096
BTC,SELL,0.0010,9380000.000,2024-07-09 23:51:35.512
BTC,SELL,0.0690,9379955.000,2024-07-09 23:51:35.512
BTC,SELL,0.0017,9379950.000,2024-07-09 23:51:36.913
BTC,SELL,0.1000,9376400.000,2024-07-09 23:51:52.092
BTC,SELL,0.0002,9375373.000,2024-07-09 23:52:29.423
BTC,BUY,0.0005,9377820.000,2024-07-09 23:54:08.616
BTC,BUY,0.0001,9378350.000,2024-07-09 23:54:53.335
BTC,BUY,0.0002,9378700.000,2024-07-09 23:55:00.464
BTC,BUY,0.0075,9377560.000,2024-07-09 23:56:14.873
BTC,SELL,0.0156,9373200.000,2024-07-09 23:56:56.198
BTC,SELL,0.0292,9373450.000,2024-07-09 23:58:21.354
BTC,BUY,0.0009,9373580.000,2024-07-09 23:58:30.475
BTC,BUY,0.0004,9375170.000,2024-07-09 23:59:55.503
BTC,BUY,0.0010,9375170.000,2024-07-10 00:00:14.222
BTC,BUY,0.0124,9375170.000,2024-07-10 00:00:20.589
BTC,BUY,0.0976,9375700.000,2024-07-10 00:00:20.589
BTC,BUY,0.0005,9377200.000,2024-07-10 00:00:46.583
BTC,BUY,0.0037,9376350.000,2024-07-10 00:01:22.325
BTC,BUY,0.0001,9376350.000,2024-07-10 00:01:23.597
BTC,BUY,0.0100,9368655.000,2024-07-10 00:03:25.612
BTC,BUY,0.0005,9367900.000,2024-07-10 00:03:42.986
BTC,SELL,0.0002,9360000.000,2024-07-10 00:06:06.902
BTC,SELL,0.0298,9359650.000,2024-07-10 00:06:06.902
BTC,SELL,0.0005,9359199.000,2024-07-10 00:06:06.902
BTC,SELL,0.0300,9358899.000,2024-07-10 00:06:06.902
BTC,SELL,0.0010,9358740.000,2024-07-10 00:06:06.902
BTC,SELL,0.0700,9358001.000,2024-07-10 00:06:06.902
BTC,SELL,0.1111,9358000.000,2024-07-10 00:06:06.902
BTC,SELL,0.0100,9356009.000,2024-07-10 00:06:06.902
BTC,SELL,0.0100,9355001.000,2024-07-10 00:06:06.902
BTC,SELL,0.0374,9355000.000,2024-07-10 00:06:06.902
BTC,SELL,0.0002,9355559.000,2024-07-10 00:06:54.518
BTC,BUY,0.0333,9355560.000,2024-07-10 00:07:35.459
BTC,BUY,0.0667,9355560.000,2024-07-10 00:07:35.459
BTC,SELL,0.0098,9355559.000,2024-07-10 00:07:35.580
BTC,SELL,0.0402,9355000.000,2024-07-10 00:07:35.580
BTC,SELL,0.0002,9360859.000,2024-07-10 00:08:54.194
BTC,SELL,0.0038,9359143.000,2024-07-10 00:08:54.194
BTC,SELL,0.0050,9360000.000,2024-07-10 00:11:13.487
BTC,SELL,0.0050,9360000.000,2024-07-10 00:11:13.986
BTC,SELL,0.0058,9360000.000,2024-07-10 00:11:15.197
BTC,SELL,0.1000,9360000.000,2024-07-10 00:11:15.333
BTC,SELL,0.0050,9360000.000,2024-07-10 00:11:15.521
BTC,BUY,0.0090,9360001.000,2024-07-10 00:11:16.498
BTC,BUY,0.0005,9360001.000,2024-07-10 00:11:20.677
BTC,SELL,0.0100,9360000.000,2024-07-10 00:11:36.860
BTC,BUY,0.0001,9360001.000,2024-07-10 00:12:04.995
BTC,BUY,0.0200,9360001.000,2024-07-10 00:12:18.993
BTC,SELL,0.0515,9360000.000,2024-07-10 00:12:25.196
BTC,SELL,0.0100,9360000.000,2024-07-10 00:12:25.407
BTC,SELL,0.0100,9360000.000,2024-07-10 00:12:31.734
BTC,SELL,0.0150,9360000.000,2024-07-10 00:12:40.398
BTC,SELL,0.0150,9360000.000,2024-07-10 00:12:40.456
BTC,SELL,0.0100,9360000.000,2024-07-10 00:12:41.671
BTC,SELL,0.0250,9360000.000,2024-07-10 00:12:42.493
BTC,SELL,0.0124,9360000.000,2024-07-10 00:12:43.165
BTC,SELL,0.0250,9360000.000,2024-07-10 00:12:45.866
BTC,SELL,0.0224,9360000.000,2024-07-10 00:12:47.719
BTC,SELL,0.0250,9360000.000,2024-07-10 00:12:48.565
BTC,SELL,0.0222,9360000.000,2024-07-10 00:12:48.646
BTC,SELL,0.0050,9360000.000,2024-07-10 00:12:48.982
BTC,SELL,0.0274,9360000.000,2024-07-10 00:12:49.036
BTC,SELL,0.0082,9360000.000,2024-07-10 00:12:50.094
BTC,SELL,0.0148,9360000.000,2024-07-10 00:12:51.383
BTC,SELL,0.0200,9360000.000,2024-07-10 00:12:52.375
BTC,SELL,0.0100,9360000.000,2024-07-10 00:12:52.966
BTC,BUY,0.0213,9360001.000,2024-07-10 00:13:12.721
BTC,SELL,0.0100,9360000.000,2024-07-10 00:13:18.932
BTC,BUY,0.1112,9360001.000,2024-07-10 00:13:29.185
BTC,BUY,0.0200,9360001.000,2024-07-10 00:13:29.185
BTC,BUY,0.1348,9360001.000,2024-07-10 00:13:29.185
BTC,SELL,0.0050,9360000.000,2024-07-10 00:14:00.860
BTC,BUY,0.0100,9360319.000,2024-07-10 00:15:26.624
BTC,SELL,0.0100,9360000.000,2024-07-10 00:15:52.516
BTC,SELL,0.0001,9360000.000,2024-07-10 00:15:59.461
BTC,SELL,0.0100,9360000.000,2024-07-10 00:16:00.277
BTC,SELL,0.0052,9360000.000,2024-07-10 00:16:00.471
BTC,SELL,0.0048,9360000.000,2024-07-10 00:16:00.471
BTC,SELL,0.0133,9360000.000,2024-07-10 00:16:01.640
BTC,SELL,0.0002,9360000.000,2024-07-10 00:16:01.640
BTC,SELL,0.0020,9355508.000,2024-07-10 00:16:01.719
BTC,SELL,0.0030,9357780.000,2024-07-10 00:16:03.322
BTC,SELL,0.0070,9357780.000,2024-07-10 00:16:03.442
BTC,SELL,0.0010,9355000.000,2024-07-10 00:16:03.442
BTC,SELL,0.0200,9355000.000,2024-07-10 00:16:03.695
BTC,SELL,0.0110,9355000.000,2024-07-10 00:16:03.902
BTC,SELL,0.0110,9355000.000,2024-07-10 00:16:04.104
BTC,SELL,0.0200,9355000.000,2024-07-10 00:16:04.105
BTC,SELL,0.0094,9355000.000,2024-07-10 00:16:06.033
BTC,SELL,0.0010,9355000.000,2024-07-10 00:16:06.033
BTC,SELL,0.0030,9355000.000,2024-07-10 00:16:06.033
BTC,SELL,0.0010,9355000.000,2024-07-10 00:16:06.183
BTC,SELL,0.0030,9354557.000,2024-07-10 00:16:11.243
BTC,SELL,0.0003,9350000.000,2024-07-10 00:16:11.454
BTC,SELL,0.0001,9350000.000,2024-07-10 00:16:11.454
BTC,SELL,0.0001,9350000.000,2024-07-10 00:16:11.454
BTC,SELL,0.0005,9350000.000,2024-07-10 00:16:11.454
BTC,SELL,0.0011,9350000.000,2024-07-10 00:16:11.454
BTC,SELL,0.0003,9350000.000,2024-07-10 00:16:11.454
BTC,SELL,0.0001,9350000.000,2024-07-10 00:16:11.454
BTC,SELL,0.0002,9350000.000,2024-07-10 00:16:11.454
BTC,SELL,0.0003,9349084.000,2024-07-10 00:16:11.454
BTC,SELL,0.0010,9349084.000,2024-07-10 00:16:11.547
BTC,SELL,0.0017,9349084.000,2024-07-10 00:16:12.804
BTC,SELL,0.0020,9349084.000,2024-07-10 00:16:26.265
BTC,SELL,0.0070,9349084.000,2024-07-10 00:16:51.276
BTC,SELL,0.1113,9347393.000,2024-07-10 00:16:51.276
BTC,SELL,0.0001,9345000.000,2024-07-10 00:16:51.276
BTC,BUY,0.0006,9344720.000,2024-07-10 00:17:06.193
BTC,SELL,0.0003,9340000.000,2024-07-10 00:17:27.296
BTC,SELL,0.0001,9340000.000,2024-07-10 00:17:27.296
BTC,SELL,0.0002,9340000.000,2024-07-10 00:17:27.296
BTC,SELL,0.0105,9340000.000,2024-07-10 00:17:27.296
BTC,SELL,0.0010,9340000.000,2024-07-10 00:17:27.353
BTC,BUY,0.0010,9340079.000,2024-07-10 00:17:30.572
BTC,SELL,0.0300,9340000.000,2024-07-10 00:17:32.706
BTC,SELL,0.0300,9340000.000,2024-07-10 00:17:45.721
BTC,BUY,0.0001,9340046.000,2024-07-10 00:17:49.849
BTC,BUY,0.0090,9340032.000,2024-07-10 00:18:03.946
BTC,BUY,0.0700,9340032.000,2024-07-10 00:18:03.946
BTC,BUY,0.0001,9340073.000,2024-07-10 00:18:12.041
BTC,SELL,0.0200,9340046.000,2024-07-10 00:20:03.609
BTC,SELL,0.0010,9340046.000,2024-07-10 00:20:04.343
BTC,SELL,0.0032,9340000.000,2024-07-10 00:20:06.690
BTC,SELL,0.0002,9340000.000,2024-07-10 00:20:06.690
BTC,BUY,0.0002,9339839.000,2024-07-10 00:20:12.091
BTC,SELL,0.0001,9335444.000,2024-07-10 00:20:51.399
BTC,SELL,0.0031,9335444.000,2024-07-10 00:20:51.538
BTC,SELL,0.0001,9335444.000,2024-07-10 00:20:52.003
BTC,SELL,0.0001,9333000.000,2024-07-10 00:20:54.092
BTC,SELL,0.0001,9333000.000,2024-07-10 00:20:54.403
BTC,SELL,0.0001,9330120.000,2024-07-10 00:20:59.268
BTC,SELL,0.0004,9330120.000,2024-07-10 00:20:59.338
BTC,SELL,0.0001,9330000.000,2024-07-10 00:20:59.338
BTC,SELL,0.0003,9330000.000,2024-07-10 00:20:59.338
BTC,SELL,0.0002,9328008.000,2024-07-10 00:20:59.338
BTC,SELL,0.0007,9328008.000,2024-07-10 00:21:01.207
BTC,SELL,0.0134,9328008.000,2024-07-10 00:21:09.160
BTC,SELL,0.0100,9328008.000,2024-07-10 00:21:22.046
BTC,SELL,0.0100,9328008.000,2024-07-10 00:21:23.443
BTC,SELL,0.0296,9328008.000,2024-07-10 00:21:23.688
BTC,SELL,0.0100,9328008.000,2024-07-10 00:21:23.693
BTC,SELL,0.0200,9328008.000,2024-07-10 00:21:24.649
BTC,SELL,0.1600,9328008.000,2024-07-10 00:21:24.652
BTC,SELL,0.0390,9328008.000,2024-07-10 00:21:24.813
BTC,SELL,0.0300,9328008.000,2024-07-10 00:21:25.541
BTC,SELL,0.1171,9328008.000,2024-07-10 00:21:26.609
BTC,SELL,0.1000,9328008.000,2024-07-10 00:21:26.609
BTC,SELL,0.0001,9328008.000,2024-07-10 00:21:26.609
BTC,SELL,0.0001,9325283.000,2024-07-10 00:21:28.591
BTC,SELL,0.0002,9325349.000,2024-07-10 00:21:37.670
BTC,SELL,0.0100,9322323.000,2024-07-10 00:21:41.530
BTC,SELL,0.0972,9322323.000,2024-07-10 00:21:41.755
BTC,SELL,0.0001,9320000.000,2024-07-10 00:21:41.755
BTC,SELL,0.0011,9320000.000,2024-07-10 00:21:41.755
BTC,SELL,0.0003,9320000.000,2024-07-10 00:21:41.755
BTC,SELL,0.0001,9320000.000,2024-07-10 00:21:41.755
BTC,SELL,0.0012,9320000.000,2024-07-10 00:21:41.755
BTC,SELL,0.0100,9320000.000,2024-07-10 00:21:42.061
BTC,SELL,0.0100,9320000.000,2024-07-10 00:21:42.246
BTC,SELL,0.0200,9320000.000,2024-07-10 00:21:44.606
BTC,SELL,0.0433,9320000.000,2024-07-10 00:21:45.042
BTC,SELL,0.0075,9320000.000,2024-07-10 00:21:45.488
BTC,SELL,0.0022,9320000.000,2024-07-10 00:21:46.034
BTC,SELL,0.0002,9320579.000,2024-07-10 00:21:46.716
BTC,SELL,0.0040,9320000.000,2024-07-10 00:21:46.716
BTC,SELL,0.0018,9320000.000,2024-07-10 00:21:47.149
BTC,SELL,0.0004,9320000.000,2024-07-10 00:21:47.149
BTC,SELL,0.0278,9317114.000,2024-07-10 00:21:47.149
BTC,SELL,0.0100,9317114.000,2024-07-10 00:21:51.625
BTC,SELL,0.0100,9317114.000,2024-07-10 00:21:52.239
BTC,SELL,0.0100,9317114.000,2024-07-10 00:21:52.272
BTC,SELL,0.1000,9315114.000,2024-07-10 00:22:00.604
BTC,BUY,0.0001,9315115.000,2024-07-10 00:22:07.766
BTC,SELL,0.1442,9315114.000,2024-07-10 00:22:17.226
BTC,SELL,0.0002,9315000.000,2024-07-10 00:22:17.226
BTC,SELL,0.0001,9313482.000,2024-07-10 00:22:17.226
BTC,SELL,0.0055,9310001.000,2024-07-10 00:22:17.226
BTC,BUY,0.0001,9310510.000,2024-07-10 00:22:31.605
BTC,SELL,0.0002,9310003.000,2024-07-10 00:22:32.267
BTC,BUY,0.0001,9310371.000,2024-07-10 00:22:45.817
BTC,BUY,0.0002,9310416.000,2024-07-10 00:22:49.925
BTC,BUY,0.0001,9310416.000,2024-07-10 00:22:49.938
BTC,BUY,0.0001,9314220.000,2024-07-10 00:23:12.533
BTC,BUY,0.0001,9315115.000,2024-07-10 00:23:24.713
BTC,BUY,0.0001,9314826.000,2024-07-10 00:23:34.184
BTC,BUY,0.0020,9315115.000,2024-07-10 00:23:39.244
BTC,BUY,0.0002,9314844.000,2024-07-10 00:23:41.766
BTC,BUY,0.0038,9315084.000,2024-07-10 00:23:49.328
BTC,BUY,0.0005,9315115.000,2024-07-10 00:23:54.233
BTC,BUY,0.0100,9315101.000,2024-07-10 00:25:02.710
BTC,BUY,0.0372,9315101.000,2024-07-10 00:25:02.710
BTC,BUY,0.0528,9315101.000,2024-07-10 00:25:02.710
BTC,BUY,0.0001,9312001.000,2024-07-10 00:26:13.842
BTC,BUY,0.0001,9312001.000,2024-07-10 00:26:27.209
BTC,BUY,0.0001,9312001.000,2024-07-10 00:26:39.871
BTC,BUY,0.0030,9312001.000,2024-07-10 00:26:45.994
BTC,BUY,0.1000,9312930.000,2024-07-10 00:26:45.994
BTC,SELL,0.0154,9313000.000,2024-07-10 00:26:54.379
BTC,SELL,0.0700,9312331.000,2024-07-10 00:26:54.379
BTC,SELL,0.0960,9312135.000,2024-07-10 00:26:54.379
BTC,SELL,0.0300,9312000.000,2024-07-10 00:26:54.379
BTC,SELL,0.0960,9311970.000,2024-07-10 00:26:54.379
BTC,SELL,0.1000,9310153.000,2024-07-10 00:26:54.379
BTC,SELL,0.0010,9310001.000,2024-07-10 00:26:54.379
BTC,SELL,0.0003,9310000.000,2024-07-10 00:26:54.379
BTC,SELL,0.0011,9310000.000,2024-07-10 00:26:54.379
BTC,SELL,0.0001,9310000.000,2024-07-10 00:26:54.379
BTC,SELL,0.0007,9310000.000,2024-07-10 00:26:54.379
BTC,SELL,0.0131,9309698.000,2024-07-10 00:26:54.379
BTC,BUY,0.0030,9310092.000,2024-07-10 00:27:02.569
BTC,BUY,0.0010,9308210.000,2024-07-10 00:27:30.889
BTC,BUY,0.0010,9308211.000,2024-07-10 00:27:41.005
BTC,BUY,0.0050,9308347.000,2024-07-10 00:27:42.961
BTC,SELL,0.0050,9306501.000,2024-07-10 00:27:43.518
BTC,BUY,0.0002,9306800.000,2024-07-10 00:27:49.312
BTC,BUY,0.0001,9309743.000,2024-07-10 00:27:50.666
BTC,BUY,0.0010,9310510.000,2024-07-10 00:27:50.949
BTC,BUY,0.0050,9311040.000,2024-07-10 00:28:11.504
BTC,BUY,0.0001,9309453.000,2024-07-10 00:28:18.840
BTC,SELL,0.0100,9310143.000,2024-07-10 00:28:46.479
BTC,BUY,0.0010,9310577.000,2024-07-10 00:28:51.068
BTC,BUY,0.0700,9309564.000,2024-07-10 00:30:06.222
BTC,BUY,0.0125,9310560.000,2024-07-10 00:30:16.160
BTC,BUY,0.0075,9310577.000,2024-07-10 00:30:16.160
BTC,BUY,0.0100,9310577.000,2024-07-10 00:30:16.316
BTC,BUY,0.0001,9310577.000,2024-07-10 00:30:16.484
BTC,BUY,0.0060,9310577.000,2024-07-10 00:30:16.526
BTC,BUY,0.0100,9310577.000,2024-07-10 00:30:17.186
BTC,BUY,0.0034,9310577.000,2024-07-10 00:30:18.320
BTC,BUY,0.0166,9311391.000,2024-07-10 00:30:18.320
BTC,SELL,0.0010,9309845.000,2024-07-10 00:30:39.874
BTC,BUY,0.0050,9309179.000,2024-07-10 00:30:49.996
BTC,BUY,0.0001,9308521.000,2024-07-10 00:31:07.059
BTC,BUY,0.0005,9312110.000,2024-07-10 00:31:20.413
BTC,BUY,0.0001,9313042.000,2024-07-10 00:32:04.704
BTC,BUY,0.0002,9318460.000,2024-07-10 00:33:24.249
BTC,BUY,0.0003,9318121.000,2024-07-10 00:33:24.987
BTC,BUY,0.0006,9318923.000,2024-07-10 00:34:01.377
BTC,BUY,0.0100,9317400.000,2024-07-10 00:34:09.161
BTC,BUY,0.0289,9317412.000,2024-07-10 00:34:09.161
BTC,BUY,0.0081,9318159.000,2024-07-10 00:34:09.161
BTC,BUY,0.0030,9318899.000,2024-07-10 00:34:09.161
BTC,BUY,0.0100,9313555.000,2024-07-10 00:35:41.690
BTC,BUY,0.0001,9316870.000,2024-07-10 00:35:58.762
BTC,BUY,0.0100,9318855.000,2024-07-10 00:36:59.774
BTC,BUY,0.0001,9321682.000,2024-07-10 00:37:46.272
BTC,BUY,0.0100,9317517.000,2024-07-10 00:39:39.861
BTC,BUY,0.0060,9318610.000,2024-07-10 00:39:39.861
BTC,BUY,0.0050,9319767.000,2024-07-10 00:39:44.898
BTC,SELL,0.0005,9321600.000,2024-07-10 00:40:02.446
BTC,BUY,0.0001,9321682.000,2024-07-10 00:41:19.403
BTC,BUY,0.0002,9326293.000,2024-07-10 00:41:21.685
BTC,SELL,0.0200,9327904.000,2024-07-10 00:41:27.066
BTC,SELL,0.0100,9326850.000,2024-07-10 00:41:55.891
BTC,BUY,0.0100,9328849.000,2024-07-10 00:42:12.861
BTC,BUY,0.0100,9333280.000,2024-07-10 00:43:32.740
BTC,BUY,0.0025,9333280.000,2024-07-10 00:43:33.155
BTC,BUY,0.0025,9337853.000,2024-07-10 00:43:33.155
BTC,BUY,0.0120,9344903.000,2024-07-10 00:46:04.985
BTC,SELL,0.0054,9345040.000,2024-07-10 00:47:26.187
BTC,SELL,0.0100,9340080.000,2024-07-10 00:47:30.879
BTC,SELL,0.0025,9340080.000,2024-07-10 00:47:31.103
BTC,SELL,0.0025,9340000.000,2024-07-10 00:47:31.103
BTC,SELL,0.0200,9340000.000,2024-07-10 00:47:32.114
BTC,SELL,0.0100,9340000.000,2024-07-10 00:47:32.606
BTC,SELL,0.0960,9340000.000,2024-07-10 00:47:33.724
BTC,SELL,0.0906,9340000.000,2024-07-10 00:47:33.870
BTC,SELL,0.0200,9340000.000,2024-07-10 00:47:34.762
BTC,SELL,0.0100,9340000.000,2024-07-10 00:47:35.302
BTC,SELL,0.0200,9340000.000,2024-07-10 00:47:35.830
BTC,SELL,0.0041,9340000.000,2024-07-10 00:47:49.149
BTC,SELL,0.0010,9340000.000,2024-07-10 00:47:49.461
BTC,BUY,0.0001,9340001.000,2024-07-10 00:47:51.420
BTC,SELL,0.0070,9340000.000,2024-07-10 00:48:21.577
BTC,SELL,0.0100,9340000.000,2024-07-10 00:48:22.238
BTC,SELL,0.0125,9340000.000,2024-07-10 00:48:25.223
BTC,BUY,0.0001,9340001.000,2024-07-10 00:48:37.798
BTC,SELL,0.0411,9340000.000,2024-07-10 00:48:41.721
BTC,SELL,0.0029,9340000.000,2024-07-10 00:49:27.697
BTC,SELL,0.0100,9340000.000,2024-07-10 00:49:35.464
BTC,SELL,0.0100,9340000.000,2024-07-10 00:49:35.981
BTC,SELL,0.0300,9340000.000,2024-07-10 00:49:40.720
BTC,SELL,0.0100,9340000.000,2024-07-10 00:50:08.422
BTC,SELL,0.0100,9340000.000,2024-07-10 00:50:16.906
BTC,SELL,0.0100,9340000.000,2024-07-10 00:50:16.909
BTC,SELL,0.0100,9340000.000,2024-07-10 00:50:18.400
BTC,SELL,0.0100,9340000.000,2024-07-10 00:50:22.035
BTC,SELL,0.0100,9340000.000,2024-07-10 00:50:22.130
BTC,SELL,0.1630,9340000.000,2024-07-10 00:50:22.576
BTC,SELL,0.0100,9340000.000,2024-07-10 00:50:36.110
BTC,SELL,0.0432,9340000.000,2024-07-10 00:50:36.669
BTC,SELL,0.0100,9340000.000,2024-07-10 00:50:37.527
BTC,SELL,0.0100,9340000.000,2024-07-10 00:50:37.879
BTC,SELL,0.0010,9340000.000,2024-07-10 00:51:47.012
BTC,SELL,0.0090,9340000.000,2024-07-10 00:51:47.012
BTC,SELL,0.0010,9340000.000,2024-07-10 00:51:47.016
BTC,SELL,0.0001,9339900.000,2024-07-10 00:51:57.539
BTC,SELL,0.0001,9339900.000,2024-07-10 00:51:58.529
BTC,SELL,0.0200,9331301.000,2024-07-10 00:52:12.270
BTC,BUY,0.0002,9332240.000,2024-07-10 00:52:23.601
BTC,BUY,0.0002,9330601.000,2024-07-10 00:53:58.705
BTC,BUY,0.0200,9331180.000,2024-07-10 00:54:01.982
BTC,BUY,0.1000,9331710.000,2024-07-10 00:54:09.786
BTC,BUY,0.1000,9331710.000,2024-07-10 00:54:09.892
BTC,BUY,0.0100,9331710.000,2024-07-10 00:54:09.932
BTC,BUY,0.0100,9333300.000,2024-07-10 00:54:13.459
BTC,BUY,0.0250,9333830.000,2024-07-10 00:54:13.666
BTC,BUY,0.0158,9334360.000,2024-07-10 00:54:16.382
BTC,SELL,0.0010,9333950.000,2024-07-10 00:54:37.341
BTC,SELL,0.0117,9333951.000,2024-07-10 00:54:38.790
BTC,BUY,0.0001,9334890.000,2024-07-10 00:54:45.678
BTC,SELL,0.0010,9332240.000,2024-07-10 00:56:04.104
BTC,SELL,0.0006,9330000.000,2024-07-10 00:56:44.116
BTC,SELL,0.0004,9330000.000,2024-07-10 00:56:48.976
BTC,SELL,0.0010,9329000.000,2024-07-10 00:56:48.976
BTC,SELL,0.0056,9328849.000,2024-07-10 00:56:48.976
BTC,BUY,0.0010,9328850.000,2024-07-10 00:57:05.704
BTC,SELL,0.0100,9328849.000,2024-07-10 00:57:26.655
BTC,SELL,0.0058,9328849.000,2024-07-10 00:57:29.760
BTC,SELL,0.0010,9328000.000,2024-07-10 00:57:29.760
BTC,SELL,0.0147,9323060.000,2024-07-10 00:57:29.760
BTC,SELL,0.0043,9323060.000,2024-07-10 00:57:29.765
BTC,SELL,0.0001,9320000.000,2024-07-10 00:57:30.129
BTC,SELL,0.0008,9320000.000,2024-07-10 00:57:30.129
BTC,SELL,0.0009,9320000.000,2024-07-10 00:57:30.204
BTC,SELL,0.0009,9319740.000,2024-07-10 00:57:30.474
BTC,SELL,0.0009,9319740.000,2024-07-10 00:57:30.543
BTC,SELL,0.0001,9319740.000,2024-07-10 00:57:30.606
BTC,SELL,0.0011,9319740.000,2024-07-10 00:57:30.768
BTC,SELL,0.0004,9319740.000,2024-07-10 00:57:30.832
BTC,SELL,0.0009,9319740.000,2024-07-10 00:57:30.903
BTC,SELL,0.0917,9319740.000,2024-07-10 00:57:30.967
BTC,SELL,0.0172,9319520.000,2024-07-10 00:57:30.972
BTC,SELL,0.0100,9315501.000,2024-07-10 00:57:31.087
BTC,SELL,0.0001,9315500.000,2024-07-10 00:57:31.668
BTC,SELL,0.0099,9311787.000,2024-07-10 00:57:31.668
BTC,SELL,0.0180,9311787.000,2024-07-10 00:57:32.016
BTC,SELL,0.0060,9310000.000,2024-07-10 00:57:33.717
BTC,SELL,0.2973,9310000.000,2024-07-10 00:57:34.443
BTC,SELL,0.0001,9306392.000,2024-07-10 00:57:55.994
BTC,SELL,0.0001,9301000.000,2024-07-10 00:57:57.088
BTC,BUY,0.0005,9301001.000,2024-07-10 00:58:01.918
BTC,BUY,0.0001,9301001.000,2024-07-10 00:58:37.427
BTC,BUY,0.0070,9301489.000,2024-07-10 00:58:47.234
BTC,SELL,0.0004,9301000.000,2024-07-10 00:58:47.421
BTC,SELL,0.0045,9301000.000,2024-07-10 00:58:48.090
BTC,SELL,0.0003,9300000.000,2024-07-10 00:58:48.090
BTC,SELL,0.0003,9300000.000,2024-07-10 00:58:48.090
BTC,SELL,0.0020,9300000.000,2024-07-10 00:58:48.090
BTC,SELL,0.0029,9300000.000,2024-07-10 00:58:48.090
BTC,BUY,0.3890,9300970.000,2024-07-10 00:58:53.134
BTC,BUY,0.0001,9302030.000,2024-07-10 00:59:45.889
BTC,SELL,0.0002,9301999.000,2024-07-10 01:00:18.820
BTC,SELL,0.0071,9300000.000,2024-07-10 01:00:18.820
BTC,SELL,0.0001,9300000.000,2024-07-10 01:00:18.820
BTC,SELL,0.0001,9300000.000,2024-07-10 01:00:18.820
BTC,SELL,0.0011,9300000.000,2024-07-10 01:00:18.820
BTC,SELL,0.0014,9300000.000,2024-07-10 01:00:18.820
BTC,BUY,0.0001,9300400.000,2024-07-10 01:00:21.001
BTC,BUY,0.0022,9300317.000,2024-07-10 01:00:25.712
BTC,SELL,0.0001,9300316.000,2024-07-10 01:00:34.047
BTC,SELL,0.0001,9300316.000,2024-07-10 01:00:34.709
BTC,BUY,0.0005,9300317.000,2024-07-10 01:00:34.874
BTC,SELL,0.0001,9300000.000,2024-07-10 01:00:43.414
BTC,SELL,0.0001,9300000.000,2024-07-10 01:00:46.116
BTC,BUY,0.1000,9301500.000,2024-07-10 01:01:02.819
BTC,SELL,0.0001,9301207.000,2024-07-10 01:01:26.159
BTC,SELL,0.0004,9300000.000,2024-07-10 01:01:26.159
BTC,SELL,0.0001,9300000.000,2024-07-10 01:01:26.159
BTC,SELL,0.0010,9300000.000,2024-07-10 01:01:26.159
BTC,SELL,0.0053,9300000.000,2024-07-10 01:01:26.159
BTC,SELL,0.0062,9300000.000,2024-07-10 01:01:26.159
BTC,BUY,0.0001,9300001.000,2024-07-10 01:01:33.836
BTC,SELL,0.0088,9300000.000,2024-07-10 01:01:46.800
BTC,SELL,0.0002,9300000.000,2024-07-10 01:01:46.800
BTC,SELL,0.0084,9300000.000,2024-07-10 01:01:46.800
BTC,SELL,0.0100,9300000.000,2024-07-10 01:01:46.908
BTC,SELL,0.0028,9300000.000,2024-07-10 01:01:48.281
BTC,SELL,0.0070,9300000.000,2024-07-10 01:01:48.371
BTC,SELL,0.0200,9300000.000,2024-07-10 01:01:48.625
BTC,SELL,0.0001,9300000.000,2024-07-10 01:01:56.936
BTC,BUY,0.0013,9300001.000,2024-07-10 01:02:02.222
BTC,SELL,0.0001,9300000.000,2024-07-10 01:02:10.452
BTC,SELL,0.0002,9300000.000,2024-07-10 01:02:14.875
BTC,SELL,0.0014,9300000.000,2024-07-10 01:03:30.105
BTC,SELL,0.0058,9300000.000,2024-07-10 01:03:30.105
BTC,SELL,0.0042,9300000.000,2024-07-10 01:03:47.337
BTC,SELL,0.0001,9300000.000,2024-07-10 01:03:47.337
BTC,SELL,0.0001,9300000.000,2024-07-10 01:03:47.337
BTC,SELL,0.0053,9300000.000,2024-07-10 01:03:47.337
BTC,SELL,0.0002,9300000.000,2024-07-10 01:03:47.337
BTC,SELL,0.0001,9300000.000,2024-07-10 01:03:47.337
BTC,SELL,0.0002,9299380.000,2024-07-10 01:04:03.842
BTC,SELL,0.0001,9297813.000,2024-07-10 01:04:03.842
BTC,SELL,0.0002,9295000.000,2024-07-10 01:04:03.842
BTC,BUY,0.0006,9292750.000,2024-07-10 01:04:09.285
BTC,SELL,0.0003,9290000.000,2024-07-10 01:05:08.242
BTC,SELL,0.0003,9290000.000,2024-07-10 01:05:08.242
BTC,SELL,0.0004,9290000.000,2024-07-10 01:05:08.242
BTC,SELL,0.0016,9290000.000,2024-07-10 01:05:48.793
BTC,SELL,0.0007,9290000.000,2024-07-10 01:05:48.793
BTC,SELL,0.0030,9290000.000,2024-07-10 01:05:48.793
BTC,SELL,0.0002,9290000.000,2024-07-10 01:05:48.793
BTC,SELL,0.0001,9288043.000,2024-07-10 01:06:46.600
BTC,SELL,0.0279,9288043.000,2024-07-10 01:06:46.600
BTC,BUY,0.0002,9289310.000,2024-07-10 01:06:54.145
BTC,SELL,0.0015,9289309.000,2024-07-10 01:06:54.735
BTC,SELL,0.0125,9289200.000,2024-07-10 01:06:54.735
BTC,SELL,0.0960,9289190.000,2024-07-10 01:06:54.735
BTC,SELL,0.0960,9289135.000,2024-07-10 01:06:54.735
BTC,SELL,0.0501,9288446.000,2024-07-10 01:06:54.735
BTC,SELL,0.0100,9288321.000,2024-07-10 01:06:54.735
BTC,SELL,0.0070,9287132.000,2024-07-10 01:06:54.735
BTC,SELL,0.0700,9285082.000,2024-07-10 01:06:54.735
BTC,SELL,0.0300,9285080.000,2024-07-10 01:06:54.735
BTC,SELL,0.1000,9284972.000,2024-07-10 01:06:54.735
BTC,SELL,0.0300,9284176.000,2024-07-10 01:06:54.735
BTC,SELL,0.0537,9282277.000,2024-07-10 01:06:54.735
BTC,SELL,0.0050,9282183.000,2024-07-10 01:06:54.735
BTC,SELL,0.0001,9281824.000,2024-07-10 01:06:54.735
BTC,SELL,0.0100,9281567.000,2024-07-10 01:06:54.735
BTC,SELL,0.0002,9280776.000,2024-07-10 01:06:54.735
BTC,SELL,0.0003,9280000.000,2024-07-10 01:06:54.735
BTC,SELL,0.0008,9280000.000,2024-07-10 01:06:54.735
BTC,SELL,0.0001,9280000.000,2024-07-10 01:06:54.735
BTC,SELL,0.0006,9280000.000,2024-07-10 01:06:54.735
BTC,SELL,0.0010,9280000.000,2024-07-10 01:06:54.735
BTC,SELL,0.0100,9278000.000,2024-07-10 01:06:54.735
BTC,SELL,0.0002,9277300.000,2024-07-10 01:06:54.735
BTC,SELL,0.0139,9273581.000,2024-07-10 01:06:54.735
BTC,SELL,0.0400,9272977.000,2024-07-10 01:06:54.735
BTC,SELL,0.3610,9272880.000,2024-07-10 01:06:54.735
BTC,SELL,0.0200,9272880.000,2024-07-10 01:06:54.829
BTC,BUY,0.0010,9287792.000,2024-07-10 01:07:02.751
BTC,SELL,0.1000,9287791.000,2024-07-10 01:07:03.690
BTC,SELL,0.0136,9285315.000,2024-07-10 01:07:03.690
BTC,BUY,0.0002,9296457.000,2024-07-10 01:07:40.731
BTC,BUY,0.0058,9300276.000,2024-07-10 01:07:40.731
BTC,SELL,0.0100,9298251.000,2024-07-10 01:08:50.007
BTC,BUY,0.0001,9299348.000,2024-07-10 01:08:59.674
BTC,BUY,0.0200,9299013.000,2024-07-10 01:10:01.793
BTC,BUY,0.0120,9299093.000,2024-07-10 01:10:14.639
BTC,BUY,0.0050,9300000.000,2024-07-10 01:10:21.218
BTC,BUY,0.0050,9300000.000,2024-07-10 01:10:24.167
BTC,BUY,0.0010,9300000.000,2024-07-10 01:10:33.556
BTC,BUY,0.0002,9305000.000,2024-07-10 01:10:34.304
BTC,BUY,0.0001,9306004.000,2024-07-10 01:12:17.584
BTC,BUY,0.0001,9309845.000,2024-07-10 01:13:32.094
BTC,SELL,0.0440,9309844.000,2024-07-10 01:13:50.588
BTC,BUY,0.0007,9308599.000,2024-07-10 01:14:29.303
BTC,BUY,0.0200,9309450.000,2024-07-10 01:14:39.530
BTC,BUY,0.0100,9309845.000,2024-07-10 01:15:14.299
BTC,BUY,0.0050,9309004.000,2024-07-10 01:15:37.105
BTC,BUY,0.0050,9309580.000,2024-07-10 01:15:37.105
BTC,BUY,0.0213,9307000.000,2024-07-10 01:15:46.856
BTC,BUY,0.0100,9307000.000,2024-07-10 01:15:52.339
BTC,BUY,0.0172,9307000.000,2024-07-10 01:15:52.603
BTC,BUY,0.0183,9307000.000,2024-07-10 01:15:52.661
BTC,BUY,0.0183,9307000.000,2024-07-10 01:15:52.720
BTC,BUY,0.0100,9307000.000,2024-07-10 01:15:53.243
BTC,BUY,0.0050,9307000.000,2024-07-10 01:15:54.067
BTC,BUY,0.0100,9307000.000,2024-07-10 01:15:54.079
BTC,BUY,0.0072,9307000.000,2024-07-10 01:15:54.531
BTC,BUY,0.0001,9311160.000,2024-07-10 01:15:54.763
BTC,BUY,0.0049,9311746.000,2024-07-10 01:15:54.763
BTC,BUY,0.0001,9312131.000,2024-07-10 01:15:55.216
BTC,BUY,0.0040,9314710.000,2024-07-10 01:15:55.216
BTC,BUY,0.0010,9313501.000,2024-07-10 01:16:04.906
BTC,BUY,0.0002,9315000.000,2024-07-10 01:16:11.180
BTC,BUY,0.0498,9315810.000,2024-07-10 01:16:11.180
BTC,BUY,0.0001,9315761.000,2024-07-10 01:16:30.779
BTC,BUY,0.0001,9315089.000,2024-07-10 01:17:23.541
BTC,BUY,0.0009,9312407.000,2024-07-10 01:17:55.483
BTC,BUY,0.0002,9312407.000,2024-07-10 01:18:10.492
BTC,BUY,0.0144,9312085.000,2024-07-10 01:19:25.915
BTC,BUY,0.0260,9316340.000,2024-07-10 01:19:42.485
BTC,BUY,0.0001,9316870.000,2024-07-10 01:19:46.489
BTC,BUY,0.0050,9316729.000,2024-07-10 01:20:01.265
BTC,BUY,0.0200,9316729.000,2024-07-10 01:20:01.267
BTC,BUY,0.0200,9316729.000,2024-07-10 01:20:01.281
BTC,BUY,0.0550,9316729.000,2024-07-10 01:20:01.516
BTC,BUY,0.0003,9320000.000,2024-07-10 01:20:01.516
BTC,BUY,0.0030,9320580.000,2024-07-10 01:20:01.657
BTC,BUY,0.0050,9320580.000,2024-07-10 01:20:01.701
BTC,BUY,0.0100,9320580.000,2024-07-10 01:20:01.860
BTC,BUY,0.0100,9321110.000,2024-07-10 01:20:03.034
BTC,BUY,0.0100,9321110.000,2024-07-10 01:20:03.041
BTC,BUY,0.0100,9321110.000,2024-07-10 01:20:03.044
BTC,BUY,0.0050,9321251.000,2024-07-10 01:20:03.529
BTC,BUY,0.0441,9321640.000,2024-07-10 01:20:03.529
BTC,BUY,0.0050,9322170.000,2024-07-10 01:20:05.196
BTC,BUY,0.0002,9322700.000,2024-07-10 01:20:07.186
BTC,BUY,0.0050,9319336.000,2024-07-10 01:20:07.908
BTC,BUY,0.0200,9319336.000,2024-07-10 01:20:10.129
BTC,BUY,0.0050,9320078.000,2024-07-10 01:20:26.606
BTC,BUY,0.0050,9320078.000,2024-07-10 01:20:26.784
BTC,BUY,0.0050,9320580.000,2024-07-10 01:20:29.251
BTC,BUY,0.0002,9321640.000,2024-07-10 01:20:31.589
BTC,BUY,0.0003,9322169.000,2024-07-10 01:21:29.696
BTC,BUY,0.0150,9317318.000,2024-07-10 01:21:42.076
BTC,BUY,0.0156,9317318.000,2024-07-10 01:21:42.250
BTC,BUY,0.0050,9317318.000,2024-07-10 01:21:42.356
BTC,BUY,0.0050,9319577.000,2024-07-10 01:21:48.862
BTC,BUY,0.0002,9320308.000,2024-07-10 01:21:51.184
BTC,BUY,0.0001,9321109.000,2024-07-10 01:24:00.238
BTC,BUY,0.0095,9317959.000,2024-07-10 01:25:19.508
BTC,BUY,0.0930,9317960.000,2024-07-10 01:25:19.508
BTC,BUY,0.0145,9317964.000,2024-07-10 01:25:19.508
BTC,BUY,0.0125,9321120.000,2024-07-10 01:25:19.508
BTC,BUY,0.0300,9321178.000,2024-07-10 01:25:19.508
BTC,BUY,0.0405,9322170.000,2024-07-10 01:25:19.508
BTC,BUY,0.0155,9322700.000,2024-07-10 01:27:21.913
BTC,BUY,0.0100,9322700.000,2024-07-10 01:27:22.143
BTC,BUY,0.0050,9322700.000,2024-07-10 01:27:22.145
BTC,BUY,0.0100,9324820.000,2024-07-10 01:27:22.487
BTC,BUY,0.0055,9325000.000,2024-07-10 01:27:48.308
BTC,BUY,0.0400,9325000.000,2024-07-10 01:27:52.127
BTC,BUY,0.0300,9325000.000,2024-07-10 01:28:07.214
BTC,BUY,0.0050,9325000.000,2024-07-10 01:28:07.297
BTC,BUY,0.0050,9325000.000,2024-07-10 01:28:12.226
BTC,BUY,0.0932,9325000.000,2024-07-10 01:28:15.009
BTC,BUY,0.1068,9326410.000,2024-07-10 01:28:15.009
BTC,BUY,0.2000,9326940.000,2024-07-10 01:28:20.568
BTC,BUY,0.0500,9327470.000,2024-07-10 01:28:24.430
BTC,BUY,0.0050,9327470.000,2024-07-10 01:28:24.457
BTC,BUY,0.0268,9328000.000,2024-07-10 01:28:24.899
BTC,BUY,0.2000,9329060.000,2024-07-10 01:28:27.356
BTC,BUY,0.0003,9330000.000,2024-07-10 01:28:31.606
BTC,BUY,0.0158,9330120.000,2024-07-10 01:28:31.606
BTC,BUY,0.1839,9330650.000,2024-07-10 01:28:31.606
BTC,BUY,0.0138,9330772.000,2024-07-10 01:28:35.513
BTC,BUY,0.1862,9331180.000,2024-07-10 01:28:35.513
BTC,BUY,0.2000,9331710.000,2024-07-10 01:28:40.155
BTC,BUY,0.2000,9332240.000,2024-07-10 01:28:44.210
BTC,BUY,0.1000,9332200.000,2024-07-10 01:29:08.692
BTC,BUY,0.1000,9332200.000,2024-07-10 01:29:08.692
BTC,BUY,0.0050,9332240.000,2024-07-10 01:29:30.389
BTC,BUY,0.0124,9332240.000,2024-07-10 01:29:30.835
BTC,BUY,0.0124,9332240.000,2024-07-10 01:29:30.934
BTC,BUY,0.0050,9332240.000,2024-07-10 01:29:31.054
BTC,BUY,0.1652,9332240.000,2024-07-10 01:29:31.279
BTC,BUY,0.0002,9333356.000,2024-07-10 01:29:31.826
BTC,BUY,0.0098,9333830.000,2024-07-10 01:29:31.826
BTC,BUY,0.0500,9333830.000,2024-07-10 01:29:31.882
BTC,BUY,0.0100,9334360.000,2024-07-10 01:29:32.064
BTC,BUY,0.0024,9334360.000,2024-07-10 01:29:32.301
BTC,BUY,0.0120,9334890.000,2024-07-10 01:29:32.737
BTC,BUY,0.1000,9335420.000,2024-07-10 01:29:33.685
BTC,BUY,0.0100,9335950.000,2024-07-10 01:29:38.718
BTC,BUY,0.0050,9338600.000,2024-07-10 01:29:39.126
BTC,BUY,0.0030,9338600.000,2024-07-10 01:29:39.187
BTC,BUY,0.0231,9338600.000,2024-07-10 01:29:39.493
BTC,BUY,0.0050,9339660.000,2024-07-10 01:29:39.655
BTC,BUY,0.0003,9340000.000,2024-07-10 01:29:40.447
BTC,BUY,0.0297,9340190.000,2024-07-10 01:29:40.447
BTC,BUY,0.0050,9340720.000,2024-07-10 01:29:40.610
BTC,BUY,0.0125,9341200.000,2024-07-10 01:29:42.279
BTC,BUY,0.0045,9341250.000,2024-07-10 01:29:42.279
BTC,BUY,0.0050,9341780.000,2024-07-10 01:29:42.690
BTC,BUY,0.1000,9339846.000,2024-07-10 01:29:43.132
BTC,BUY,0.0147,9342310.000,2024-07-10 01:29:43.232
BTC,BUY,0.0001,9346091.000,2024-07-10 01:29:44.119
BTC,BUY,0.0029,9348740.000,2024-07-10 01:29:44.119
BTC,BUY,0.0153,9349730.000,2024-07-10 01:29:46.723
BTC,BUY,0.0001,9350000.000,2024-07-10 01:30:26.338
BTC,SELL,0.0050,9348601.000,2024-07-10 01:30:40.346
BTC,SELL,0.0050,9348800.000,2024-07-10 01:30:45.389
BTC,BUY,0.0500,9349200.000,2024-07-10 01:30:46.620
BTC,BUY,0.0050,9349200.000,2024-07-10 01:30:46.698
BTC,BUY,0.0050,9349730.000,2024-07-10 01:30:47.208
BTC,BUY,0.0484,9349730.000,2024-07-10 01:30:47.492
BTC,BUY,0.0317,9349730.000,2024-07-10 01:30:48.435
BTC,BUY,0.0258,9349730.000,2024-07-10 01:30:49.311
BTC,BUY,0.0891,9349730.000,2024-07-10 01:30:49.776
BTC,SELL,0.0075,9348960.000,2024-07-10 01:30:50.142
BTC,SELL,0.0455,9348881.000,2024-07-10 01:30:50.142
BTC,BUY,0.0002,9350000.000,2024-07-10 01:30:50.222
BTC,BUY,0.0003,9350000.000,2024-07-10 01:30:50.222
BTC,SELL,0.0050,9351287.000,2024-07-10 01:30:50.410
BTC,BUY,0.0050,9355030.000,2024-07-10 01:30:51.765
BTC,BUY,0.0375,9355030.000,2024-07-10 01:30:52.044
BTC,BUY,0.1000,9352896.000,2024-07-10 01:30:52.208
BTC,SELL,0.0050,9353040.000,2024-07-10 01:30:55.404
BTC,BUY,0.0002,9356090.000,2024-07-10 01:30:57.887
BTC,BUY,0.0092,9358210.000,2024-07-10 01:30:57.887
BTC,SELL,0.0050,9358250.000,2024-07-10 01:31:00.457
BTC,BUY,0.1000,9358519.000,2024-07-10 01:31:03.481
BTC,BUY,0.0060,9358519.000,2024-07-10 01:31:03.699
BTC,BUY,0.0110,9358519.000,2024-07-10 01:31:03.793
BTC,BUY,0.0200,9358519.000,2024-07-10 01:31:03.901
BTC,SELL,0.0050,9358518.000,2024-07-10 01:31:04.823
BTC,BUY,0.0050,9358519.000,2024-07-10 01:31:06.455
BTC,BUY,0.0050,9358519.000,2024-07-10 01:31:07.461
BTC,BUY,0.1000,9358519.000,2024-07-10 01:31:07.930
BTC,BUY,0.0300,9358519.000,2024-07-10 01:31:10.715
BTC,BUY,0.0050,9358519.000,2024-07-10 01:31:12.522
BTC,BUY,0.0001,9358519.000,2024-07-10 01:31:12.660
BTC,BUY,0.0050,9358519.000,2024-07-10 01:31:13.033
BTC,BUY,0.1000,9358519.000,2024-07-10 01:31:13.554
BTC,BUY,0.0050,9358519.000,2024-07-10 01:31:17.568
BTC,BUY,0.0050,9358519.000,2024-07-10 01:31:18.099
BTC,BUY,0.0429,9358519.000,2024-07-10 01:31:18.409
BTC,BUY,0.0002,9358519.000,2024-07-10 01:31:18.409
BTC,BUY,0.0050,9359385.000,2024-07-10 01:31:18.622
BTC,BUY,0.0100,9359385.000,2024-07-10 01:31:18.921
BTC,BUY,0.0070,9359385.000,2024-07-10 01:31:18.976
BTC,BUY,0.0200,9359385.000,2024-07-10 01:31:19.127
BTC,BUY,0.0003,9360000.000,2024-07-10 01:31:19.237
BTC,BUY,0.0001,9361220.000,2024-07-10 01:31:19.512
BTC,BUY,0.0532,9363398.000,2024-07-10 01:31:19.512
BTC,BUY,0.0030,9363398.000,2024-07-10 01:31:19.516
BTC,BUY,0.0050,9363398.000,2024-07-10 01:31:19.678
BTC,BUY,0.0388,9363398.000,2024-07-10 01:31:20.679
BTC,BUY,0.0050,9367565.000,2024-07-10 01:31:21.188
BTC,BUY,0.0122,9368911.000,2024-07-10 01:31:21.685
BTC,BUY,0.0278,9369340.000,2024-07-10 01:31:21.685
BTC,BUY,0.0050,9365485.000,2024-07-10 01:31:22.724
BTC,BUY,0.0041,9365485.000,2024-07-10 01:31:23.023
BTC,BUY,0.0050,9365485.000,2024-07-10 01:31:23.212
BTC,BUY,0.0100,9365485.000,2024-07-10 01:31:23.355
BTC,BUY,0.0400,9365485.000,2024-07-10 01:31:23.356
BTC,BUY,0.0359,9365485.000,2024-07-10 01:31:23.903
BTC,BUY,0.0003,9370000.000,2024-07-10 01:31:24.209
BTC,BUY,0.0047,9375805.000,2024-07-10 01:31:24.209
BTC,BUY,0.0010,9375805.000,2024-07-10 01:31:24.349
BTC,BUY,0.0010,9375805.000,2024-07-10 01:31:24.432
BTC,SELL,0.0359,9373441.000,2024-07-10 01:31:26.934
BTC,BUY,0.0780,9372729.000,2024-07-10 01:31:59.148
BTC,BUY,0.0220,9372854.000,2024-07-10 01:31:59.148
BTC,BUY,0.0500,9361518.000,2024-07-10 01:34:08.822
BTC,BUY,0.0050,9361518.000,2024-07-10 01:34:09.152
BTC,BUY,0.0123,9361518.000,2024-07-10 01:34:09.685
BTC,BUY,0.0050,9365077.000,2024-07-10 01:34:10.670
BTC,BUY,0.0050,9367172.000,2024-07-10 01:34:13.804
BTC,BUY,0.0050,9367172.000,2024-07-10 01:34:15.243
BTC,BUY,0.0050,9367172.000,2024-07-10 01:34:16.263
BTC,BUY,0.0070,9368366.000,2024-07-10 01:34:16.682
BTC,BUY,0.0533,9368366.000,2024-07-10 01:34:17.084
BTC,BUY,0.0050,9368366.000,2024-07-10 01:34:17.310
BTC,BUY,0.0070,9368366.000,2024-07-10 01:34:18.336
BTC,BUY,0.0001,9368366.000,2024-07-10 01:34:18.833
BTC,BUY,0.0050,9368366.000,2024-07-10 01:34:18.834
BTC,BUY,0.0050,9372890.000,2024-07-10 01:34:19.357
BTC,BUY,0.0001,9368848.000,2024-07-10 01:35:05.189
BTC,BUY,0.0001,9368848.000,2024-07-10 01:35:06.470
BTC,BUY,0.0012,9371990.000,2024-07-10 01:35:06.470
BTC,BUY,0.0002,9369769.000,2024-07-10 01:35:16.269
BTC,BUY,0.0002,9374639.000,2024-07-10 01:35:31.620
BTC,BUY,0.0001,9370945.000,2024-07-10 01:37:07.913
BTC,BUY,0.0001,9366101.000,2024-07-10 01:38:11.334
BTC,BUY,0.0001,9364370.000,2024-07-10 01:38:57.664
BTC,SELL,0.0075,9360160.000,2024-07-10 01:39:40.233
BTC,SELL,0.0500,9360000.000,2024-07-10 01:39:40.233
BTC,BUY,0.0099,9355735.000,2024-07-10 01:40:23.909
BTC,BUY,0.0700,9357519.000,2024-07-10 01:40:23.909
BTC,BUY,0.0863,9357520.000,2024-07-10 01:40:23.909
BTC,BUY,0.0052,9357540.000,2024-07-10 01:40:23.909
BTC,SELL,0.0005,9350000.000,2024-07-10 01:41:21.122
BTC,SELL,0.0005,9350000.000,2024-07-10 01:41:32.593
BTC,SELL,0.0005,9350000.000,2024-07-10 01:41:32.593
BTC,SELL,0.0090,9350000.000,2024-07-10 01:41:32.593
BTC,SELL,0.0130,9350000.000,2024-07-10 01:41:33.692
BTC,SELL,0.0001,9345687.000,2024-07-10 01:41:34.720
BTC,BUY,0.0001,9342064.000,2024-07-10 01:42:03.973
BTC,BUY,0.0001,9334753.000,2024-07-10 01:42:50.187
BTC,BUY,0.0001,9338000.000,2024-07-10 01:43:16.865
BTC,SELL,0.0665,9337999.000,2024-07-10 01:43:28.180
BTC,BUY,0.0001,9338000.000,2024-07-10 01:43:39.050
BTC,BUY,0.0041,9338000.000,2024-07-10 01:44:57.492
BTC,BUY,0.0050,9338000.000,2024-07-10 01:45:19.906
BTC,BUY,0.0407,9338000.000,2024-07-10 01:45:25.051
BTC,BUY,0.0001,9343370.000,2024-07-10 01:45:56.521
BTC,BUY,0.0022,9341195.000,2024-07-10 01:47:55.675
BTC,BUY,0.0010,9341195.000,2024-07-10 01:47:59.532
BTC,SELL,0.0002,9341194.000,2024-07-10 01:48:08.491
BTC,SELL,0.0228,9333989.000,2024-07-10 01:48:08.491
BTC,BUY,0.0050,9334890.000,2024-07-10 01:48:16.534
BTC,BUY,0.0500,9335420.000,2024-07-10 01:48:17.369
BTC,BUY,0.0050,9338600.000,2024-07-10 01:49:15.400
BTC,BUY,0.0073,9340720.000,2024-07-10 01:51:04.707
BTC,SELL,0.0430,9340750.000,2024-07-10 01:51:06.833
BTC,BUY,0.0001,9341598.000,2024-07-10 01:53:16.773
BTC,SELL,0.0005,9340355.000,2024-07-10 01:53:16.917
BTC,SELL,0.0002,9340000.000,2024-07-10 01:53:56.583
BTC,SELL,0.0002,9340000.000,2024-07-10 01:53:56.583
BTC,BUY,0.0048,9336940.000,2024-07-10 01:54:03.477
BTC,BUY,0.0052,9339680.000,2024-07-10 01:54:03.477
BTC,SELL,0.0002,9335000.000,2024-07-10 01:54:41.000
BTC,BUY,0.0015,9340190.000,2024-07-10 01:55:10.002
BTC,SELL,0.0040,9341999.000,2024-07-10 01:55:31.579
BTC,BUY,0.0050,9344430.000,2024-07-10 01:56:07.620
BTC,BUY,0.0002,9345000.000,2024-07-10 01:56:35.110
BTC,BUY,0.0030,9347080.000,2024-07-10 01:57:33.220
BTC,BUY,0.0250,9347610.000,2024-07-10 01:57:46.091
BTC,BUY,0.0002,9349806.000,2024-07-10 02:00:56.811
BTC,BUY,0.0058,9350000.000,2024-07-10 02:00:56.811
BTC,BUY,0.0042,9350000.000,2024-07-10 02:01:20.411
BTC,BUY,0.0050,9350226.000,2024-07-10 02:01:24.132
BTC,BUY,0.0050,9350226.000,2024-07-10 02:01:24.638
BTC,BUY,0.0050,9350603.000,2024-07-10 02:01:30.698
BTC,BUY,0.0050,9350794.000,2024-07-10 02:01:31.715
BTC,BUY,0.0050,9350794.000,2024-07-10 02:01:32.250
BTC,BUY,0.0050,9350794.000,2024-07-10 02:01:32.714
BTC,BUY,0.0050,9350794.000,2024-07-10 02:01:33.749
BTC,BUY,0.0050,9350818.000,2024-07-10 02:01:35.261
BTC,BUY,0.0950,9350818.000,2024-07-10 02:01:35.582
BTC,BUY,0.0050,9352380.000,2024-07-10 02:01:35.804
BTC,BUY,0.0050,9352141.000,2024-07-10 02:01:37.875
BTC,BUY,0.0050,9352141.000,2024-07-10 02:01:40.321
BTC,BUY,0.0050,9353065.000,2024-07-10 02:01:40.831
BTC,BUY,0.0002,9353274.000,2024-07-10 02:02:16.881
BTC,BUY,0.0002,9354582.000,2024-07-10 02:02:40.859
BTC,BUY,0.0002,9355000.000,2024-07-10 02:02:42.745
BTC,BUY,0.0048,9355332.000,2024-07-10 02:02:42.745
BTC,BUY,0.0050,9355332.000,2024-07-10 02:02:43.276
BTC,BUY,0.0050,9355896.000,2024-07-10 02:02:44.251
BTC,BUY,0.0050,9355896.000,2024-07-10 02:02:45.787
BTC,BUY,0.0050,9355896.000,2024-07-10 02:02:46.310
BTC,BUY,0.0050,9357635.000,2024-07-10 02:02:47.853
BTC,BUY,0.0076,9357635.000,2024-07-10 02:02:47.991
BTC,BUY,0.0050,9357635.000,2024-07-10 02:02:48.348
BTC,BUY,0.0050,9357635.000,2024-07-10 02:02:49.367
BTC,BUY,0.0050,9359305.000,2024-07-10 02:02:49.583
BTC,BUY,0.0050,9359305.000,2024-07-10 02:02:50.866
BTC,BUY,0.0050,9360000.000,2024-07-10 02:03:31.410
BTC,BUY,0.0575,9360000.000,2024-07-10 02:03:34.907
BTC,SELL,0.0106,9364264.000,2024-07-10 02:03:44.645
BTC,BUY,0.0042,9364287.000,2024-07-10 02:03:57.805
BTC,BUY,0.0002,9364288.000,2024-07-10 02:05:07.527
BTC,BUY,0.0008,9366160.000,2024-07-10 02:05:07.527
BTC,BUY,0.0021,9359115.000,2024-07-10 02:06:27.673
BTC,BUY,0.0280,9359254.000,2024-07-10 02:06:45.686
BTC,SELL,0.0246,9351055.000,2024-07-10 02:08:18.594
BTC,SELL,0.0001,9347610.000,2024-07-10 02:08:25.524
BTC,SELL,0.0074,9346760.000,2024-07-10 02:08:25.524
BTC,SELL,0.0002,9340000.000,2024-07-10 02:09:20.581
BTC,SELL,0.0001,9338950.000,2024-07-10 02:11:06.352
BTC,SELL,0.0002,9340189.000,2024-07-10 02:12:41.959
BTC,BUY,0.0090,9341250.000,2024-07-10 02:13:21.771
BTC,BUY,0.0017,9337120.000,2024-07-10 02:14:18.800
BTC,BUY,0.0025,9338600.000,2024-07-10 02:16:13.458
BTC,BUY,0.0025,9339130.000,2024-07-10 02:16:20.382
BTC,BUY,0.0003,9340757.000,2024-07-10 02:16:27.688
BTC,BUY,0.0200,9340757.000,2024-07-10 02:16:28.287
BTC,BUY,0.0010,9341780.000,2024-07-10 02:22:22.406
BTC,SELL,0.0100,9340100.000,2024-07-10 02:22:28.765
BTC,BUY,0.1000,9340190.000,2024-07-10 02:23:48.011
BTC,BUY,0.0041,9341250.000,2024-07-10 02:23:51.555
BTC,BUY,0.0397,9341250.000,2024-07-10 02:23:51.845
BTC,BUY,0.0011,9342310.000,2024-07-10 02:24:17.486
BTC,BUY,0.0041,9343369.000,2024-07-10 02:25:17.954
BTC,BUY,0.0001,9344430.000,2024-07-10 02:25:28.062
BTC,SELL,0.0009,9340850.000,2024-07-10 02:26:26.551
BTC,SELL,0.0002,9340950.000,2024-07-10 02:26:30.329
BTC,SELL,0.0007,9341779.000,2024-07-10 02:27:15.595
BTC,BUY,0.2000,9342310.000,2024-07-10 02:27:27.997
BTC,BUY,0.2000,9342840.000,2024-07-10 02:27:32.686
BTC,BUY,0.2000,9343370.000,2024-07-10 02:27:37.217
BTC,BUY,0.0114,9343900.000,2024-07-10 02:28:38.078
BTC,BUY,0.2000,9345490.000,2024-07-10 02:28:53.182
BTC,BUY,0.2000,9346020.000,2024-07-10 02:28:57.602
BTC,BUY,0.1000,9346550.000,2024-07-10 02:29:00.266
BTC,BUY,0.2000,9347080.000,2024-07-10 02:29:02.610
BTC,BUY,0.2000,9347610.000,2024-07-10 02:29:06.875
BTC,BUY,0.0047,9345986.000,2024-07-10 02:29:11.926
BTC,BUY,0.0591,9348139.000,2024-07-10 02:29:11.926
BTC,BUY,0.0433,9348140.000,2024-07-10 02:29:11.926
BTC,BUY,0.0929,9348670.000,2024-07-10 02:29:11.926
BTC,BUY,0.2000,9349200.000,2024-07-10 02:29:16.061
BTC,BUY,0.2000,9349730.000,2024-07-10 02:29:38.393
BTC,BUY,0.0004,9350260.000,2024-07-10 02:29:52.918
BTC,BUY,0.0900,9350790.000,2024-07-10 02:29:55.887
BTC,BUY,0.1100,9351320.000,2024-07-10 02:29:55.887
BTC,SELL,0.0002,9347001.000,2024-07-10 02:30:24.902
BTC,BUY,0.2000,9347610.000,2024-07-10 02:30:30.672
BTC,BUY,0.0434,9348140.000,2024-07-10 02:30:33.762
BTC,BUY,0.1566,9348670.000,2024-07-10 02:30:33.762
BTC,BUY,0.0706,9348360.000,2024-07-10 02:30:38.351
BTC,BUY,0.0918,9348380.000,2024-07-10 02:30:38.351
BTC,BUY,0.0021,9349032.000,2024-07-10 02:30:38.351
BTC,BUY,0.0355,9349200.000,2024-07-10 02:30:38.351
BTC,BUY,0.2000,9349730.000,2024-07-10 02:30:48.255
BTC,BUY,0.0001,9350260.000,2024-07-10 02:30:55.921
BTC,SELL,0.0171,9342397.000,2024-07-10 02:31:33.039
BTC,BUY,0.2000,9343370.000,2024-07-10 02:32:15.948
BTC,BUY,0.1000,9343900.000,2024-07-10 02:32:41.570
BTC,BUY,0.1000,9346550.000,2024-07-10 02:33:11.689
BTC,BUY,0.2000,9347080.000,2024-07-10 02:33:22.322
BTC,BUY,0.1000,9347610.000,2024-07-10 02:33:26.414
BTC,BUY,0.0009,9348140.000,2024-07-10 02:33:28.002
BTC,BUY,0.2000,9348670.000,2024-07-10 02:33:30.777
BTC,BUY,0.2000,9348670.000,2024-07-10 02:33:36.320
BTC,BUY,0.2000,9349200.000,2024-07-10 02:33:40.399
BTC,BUY,0.0011,9349730.000,2024-07-10 02:33:46.259
BTC,BUY,0.1989,9350260.000,2024-07-10 02:33:46.259
BTC,SELL,0.0005,9348700.000,2024-07-10 02:33:54.839
BTC,BUY,0.0590,9349200.000,2024-07-10 02:36:17.868
BTC,BUY,0.0333,9349730.000,2024-07-10 02:36:19.934
BTC,SELL,0.0010,9348351.000,2024-07-10 02:36:20.835
BTC,BUY,0.0094,9348670.000,2024-07-10 02:36:25.056
BTC,BUY,0.0083,9349200.000,2024-07-10 02:36:27.037
BTC,BUY,0.0001,9349730.000,2024-07-10 02:36:41.613
BTC,BUY,0.0001,9350260.000,2024-07-10 02:36:41.613
BTC,BUY,0.0098,9350790.000,2024-07-10 02:36:41.613
BTC,BUY,0.0100,9351320.000,2024-07-10 02:36:41.839
BTC,BUY,0.1448,9351850.000,2024-07-10 02:36:51.322
BTC,BUY,0.0200,9352380.000,2024-07-10 02:36:53.619
BTC,BUY,0.0007,9352910.000,2024-07-10 02:36:56.261
BTC,BUY,0.0008,9353440.000,2024-07-10 02:36:58.402
BTC,BUY,0.0008,9353970.000,2024-07-10 02:36:59.576
BTC,BUY,0.0001,9354500.000,2024-07-10 02:37:18.064
BTC,BUY,0.2600,9355030.000,2024-07-10 02:37:20.954
BTC,BUY,0.0159,9355560.000,2024-07-10 02:37:23.458
BTC,BUY,0.0018,9355560.000,2024-07-10 02:37:23.590
BTC,BUY,0.0070,9356090.000,2024-07-10 02:37:24.378
BTC,BUY,0.2200,9356620.000,2024-07-10 02:37:26.629
BTC,BUY,0.0100,9357680.000,2024-07-10 02:37:26.927
BTC,BUY,0.0050,9358210.000,2024-07-10 02:37:38.343
BTC,SELL,0.0029,9352091.000,2024-07-10 02:39:19.997
BTC,SELL,0.0006,9349984.000,2024-07-10 02:40:23.771
BTC,SELL,0.0020,9349412.000,2024-07-10 02:40:45.614
BTC,BUY,0.2160,9349730.000,2024-07-10 02:40:50.981
BTC,BUY,0.0110,9351320.000,2024-07-10 02:40:52.517
BTC,BUY,0.1980,9351850.000,2024-07-10 02:40:55.494
BTC,BUY,0.0192,9352910.000,2024-07-10 02:40:57.037
BTC,BUY,0.0562,9353440.000,2024-07-10 02:41:02.533
BTC,BUY,0.0050,9354500.000,2024-07-10 02:41:11.656
BTC,BUY,0.0002,9355000.000,2024-07-10 02:41:24.501
BTC,BUY,0.0300,9356090.000,2024-07-10 02:41:47.999
BTC,SELL,0.0500,9356183.000,2024-07-10 02:41:51.071
BTC,BUY,0.0001,9356620.000,2024-07-10 02:41:51.162
BTC,BUY,0.0286,9357150.000,2024-07-10 02:41:53.508
BTC,BUY,0.0300,9358210.000,2024-07-10 02:42:04.999
BTC,BUY,0.0600,9358740.000,2024-07-10 02:42:10.514
BTC,BUY,0.0300,9359270.000,2024-07-10 02:42:40.002
BTC,BUY,0.0300,9359800.000,2024-07-10 02:42:48.497
BTC,BUY,0.0262,9360330.000,2024-07-10 02:42:53.996
BTC,SELL,0.0004,9360418.000,2024-07-10 02:43:09.610
BTC,SELL,0.0021,9354350.000,2024-07-10 02:44:35.504
BTC,BUY,0.0004,9351938.000,2024-07-10 02:45:28.635
BTC,BUY,0.0096,9351938.000,2024-07-10 02:45:28.635
BTC,SELL,0.0010,9343996.000,2024-07-10 02:45:51.152
BTC,BUY,0.0003,9344960.000,2024-07-10 02:45:52.552
BTC,BUY,0.0001,9346020.000,2024-07-10 02:46:25.080
BTC,BUY,0.0001,9347610.000,2024-07-10 02:48:12.252
BTC,BUY,0.0162,9348140.000,2024-07-10 02:48:31.328
BTC,BUY,0.0400,9348670.000,2024-07-10 02:49:04.062
BTC,BUY,0.0038,9349200.000,2024-07-10 02:50:06.563
BTC,BUY,0.0253,9349730.000,2024-07-10 02:51:21.520
BTC,BUY,0.0001,9350260.000,2024-07-10 02:51:25.910
BTC,BUY,0.0001,9350790.000,2024-07-10 02:51:30.308
BTC,BUY,0.0255,9352910.000,2024-07-10 02:52:00.002
BTC,BUY,0.0109,9354500.000,2024-07-10 02:52:26.551
BTC,BUY,0.0074,9357150.000,2024-07-10 02:52:37.509
BTC,BUY,0.0001,9359357.000,2024-07-10 02:53:33.136
BTC,BUY,0.0999,9362450.000,2024-07-10 02:53:33.136
BTC,BUY,0.0002,9364570.000,2024-07-10 02:53:37.032
BTC,BUY,0.0001,9365100.000,2024-07-10 02:53:41.344
BTC,BUY,0.0001,9365534.000,2024-07-10 02:53:58.002
BTC,BUY,0.0001,9366160.000,2024-07-10 02:54:08.262
BTC,BUY,0.0001,9366690.000,2024-07-10 02:54:11.781
BTC,BUY,0.0001,9367220.000,2024-07-10 02:55:40.872
BTC,SELL,0.0700,9364142.000,2024-07-10 02:56:32.163
BTC,SELL,0.0050,9363926.000,2024-07-10 02:56:32.163
BTC,SELL,0.0041,9363454.000,2024-07-10 02:56:32.163
BTC,SELL,0.0280,9362337.000,2024-07-10 02:56:32.163
BTC,SELL,0.0929,9362028.000,2024-07-10 02:56:32.163
BTC,BUY,0.0033,9362450.000,2024-07-10 02:57:26.900
BTC,BUY,0.0100,9364040.000,2024-07-10 02:58:21.816
BTC,BUY,0.0002,9365000.000,2024-07-10 02:59:17.715
BTC,BUY,0.0011,9365020.000,2024-07-10 02:59:17.715
BTC,BUY,0.0001,9365630.000,2024-07-10 02:59:33.275
BTC,BUY,0.0100,9366160.000,2024-07-10 02:59:38.068
BTC,BUY,0.0100,9366690.000,2024-07-10 02:59:51.070
BTC,BUY,0.0002,9367220.000,2024-07-10 03:00:04.287
BTC,BUY,0.0011,9368280.000,2024-07-10 03:00:06.122
BTC,BUY,0.0011,9368280.000,2024-07-10 03:00:06.315
BTC,SELL,0.0100,9365360.000,2024-07-10 03:00:11.093
BTC,BUY,0.0021,9365546.000,2024-07-10 03:00:25.728
BTC,BUY,0.0001,9365630.000,2024-07-10 03:00:26.565
BTC,BUY,0.0010,9365630.000,2024-07-10 03:00:26.611
BTC,BUY,0.0001,9365630.000,2024-07-10 03:00:26.913
BTC,BUY,0.0011,9365052.000,2024-07-10 03:01:58.516
BTC,BUY,0.0006,9369340.000,2024-07-10 03:02:05.846
BTC,BUY,0.0003,9368124.000,2024-07-10 03:02:10.099
BTC,SELL,0.0001,9368124.000,2024-07-10 03:02:11.934
BTC,BUY,0.0024,9369357.000,2024-07-10 03:02:17.775
BTC,BUY,0.0002,9370000.000,2024-07-10 03:02:17.775
BTC,BUY,0.0074,9370255.000,2024-07-10 03:02:17.775
BTC,BUY,0.0001,9371500.000,2024-07-10 03:02:23.346
BTC,BUY,0.0005,9373050.000,2024-07-10 03:02:31.013
BTC,BUY,0.0001,9373579.000,2024-07-10 03:03:25.726
BTC,BUY,0.0001,9374640.000,2024-07-10 03:03:52.244
BTC,SELL,0.0015,9371639.000,2024-07-10 03:04:01.020
BTC,BUY,0.0084,9373580.000,2024-07-10 03:06:38.001
BTC,BUY,0.0001,9374110.000,2024-07-10 03:07:18.348
BTC,SELL,0.0209,9373578.000,2024-07-10 03:07:40.581
BTC,BUY,0.0015,9374639.000,2024-07-10 03:07:46.014
BTC,BUY,0.0004,9375000.000,2024-07-10 03:08:53.892
BTC,SELL,0.0100,9374638.000,2024-07-10 03:08:55.470
BTC,BUY,0.0046,9375000.000,2024-07-10 03:08:59.320
BTC,BUY,0.0014,9375170.000,2024-07-10 03:08:59.320
BTC,BUY,0.0100,9375700.000,2024-07-10 03:09:46.288
BTC,BUY,0.0070,9376230.000,2024-07-10 03:10:08.143
BTC,BUY,0.0002,9375800.000,2024-07-10 03:10:17.016
BTC,BUY,0.0001,9374384.000,2024-07-10 03:10:45.239
BTC,BUY,0.0043,9374000.000,2024-07-10 03:11:17.160
BTC,BUY,0.0001,9373999.000,2024-07-10 03:11:18.027
BTC,SELL,0.0054,9371639.000,2024-07-10 03:11:20.074
BTC,BUY,0.0050,9366126.000,2024-07-10 03:12:39.372
BTC,SELL,0.0200,9367118.000,2024-07-10 03:12:43.919
BTC,BUY,0.0050,9367119.000,2024-07-10 03:12:44.413
BTC,BUY,0.0050,9368016.000,2024-07-10 03:13:19.042
BTC,SELL,0.0200,9368114.000,2024-07-10 03:13:40.113
BTC,SELL,0.0003,9368016.000,2024-07-10 03:15:31.517
BTC,BUY,0.0032,9365001.000,2024-07-10 03:15:43.771
BTC,BUY,0.0200,9365001.000,2024-07-10 03:16:08.593
BTC,SELL,0.0025,9365000.000,2024-07-10 03:17:11.527
BTC,SELL,0.0005,9365000.000,2024-07-10 03:17:16.999
BTC,SELL,0.0032,9365000.000,2024-07-10 03:17:22.498
BTC,BUY,0.0001,9366160.000,2024-07-10 03:18:32.303
BTC,SELL,0.0010,9365000.000,2024-07-10 03:19:40.118
BTC,BUY,0.0100,9367220.000,2024-07-10 03:20:35.366
BTC,BUY,0.0050,9368734.000,2024-07-10 03:20:44.342
BTC,BUY,0.0090,9371460.000,2024-07-10 03:20:49.259
BTC,BUY,0.0001,9371990.000,2024-07-10 03:21:03.843
BTC,BUY,0.0001,9372520.000,2024-07-10 03:21:36.539
BTC,SELL,0.0180,9369070.000,2024-07-10 03:21:47.061
BTC,BUY,0.0100,9370400.000,2024-07-10 03:22:10.845
BTC,BUY,0.0007,9370930.000,2024-07-10 03:22:13.872
BTC,BUY,0.0050,9368160.000,2024-07-10 03:23:34.406
BTC,BUY,0.0100,9369224.000,2024-07-10 03:23:36.864
BTC,BUY,0.0050,9371152.000,2024-07-10 03:23:39.393
BTC,BUY,0.0050,9375170.000,2024-07-10 03:23:44.384
BTC,BUY,0.0002,9376868.000,2024-07-10 03:24:19.071
BTC,BUY,0.0098,9377290.000,2024-07-10 03:24:19.071
BTC,BUY,0.0500,9377820.000,2024-07-10 03:25:37.871
BTC,BUY,0.0100,9378349.000,2024-07-10 03:26:00.285
BTC,BUY,0.0010,9379940.000,2024-07-10 03:26:39.996
BTC,BUY,0.0010,9379950.000,2024-07-10 03:30:07.361
BTC,BUY,0.0058,9379950.000,2024-07-10 03:30:07.361
BTC,BUY,0.0032,9377939.000,2024-07-10 03:30:55.289
BTC,SELL,0.0075,9374516.000,2024-07-10 03:31:01.617
BTC,BUY,0.0001,9375170.000,2024-07-10 03:31:28.980
BTC,BUY,0.0010,9376808.000,2024-07-10 03:31:54.165
BTC,BUY,0.0003,9380000.000,2024-07-10 03:33:23.945
BTC,BUY,0.0050,9380000.000,2024-07-10 03:33:23.945
BTC,BUY,0.0247,9380000.000,2024-07-10 03:33:23.945
BTC,BUY,0.0100,9380000.000,2024-07-10 03:33:26.187
BTC,BUY,0.0100,9380000.000,2024-07-10 03:33:27.102
BTC,BUY,0.0053,9380000.000,2024-07-10 03:33:33.400
BTC,BUY,0.0050,9380000.000,2024-07-10 03:33:33.400
BTC,BUY,0.0002,9380000.000,2024-07-10 03:33:33.400
BTC,BUY,0.0001,9380114.000,2024-07-10 03:33:41.871
BTC,BUY,0.0100,9380114.000,2024-07-10 03:33:48.194
BTC,BUY,0.0100,9380114.000,2024-07-10 03:33:48.236
BTC,BUY,0.0500,9380114.000,2024-07-10 03:34:02.758
BTC,BUY,0.0022,9380114.000,2024-07-10 03:34:04.103
BTC,BUY,0.0200,9380114.000,2024-07-10 03:34:10.504
BTC,BUY,0.0100,9380114.000,2024-07-10 03:34:10.530
BTC,SELL,0.0260,9380113.000,2024-07-10 03:34:27.707
BTC,SELL,0.0700,9380113.000,2024-07-10 03:34:27.707
BTC,SELL,0.0032,9380113.000,2024-07-10 03:34:27.707
BTC,SELL,0.0008,9380113.000,2024-07-10 03:34:27.707
BTC,BUY,0.0500,9380114.000,2024-07-10 03:34:33.234
BTC,BUY,0.0018,9380114.000,2024-07-10 03:34:50.012
BTC,BUY,0.0010,9380114.000,2024-07-10 03:35:21.724
BTC,BUY,0.0100,9380114.000,2024-07-10 03:35:44.381
BTC,BUY,0.0010,9380114.000,2024-07-10 03:35:55.511
BTC,BUY,0.0950,9380114.000,2024-07-10 03:36:01.913
BTC,BUY,0.0200,9380114.000,2024-07-10 03:36:03.567
BTC,BUY,0.0189,9380114.000,2024-07-10 03:36:06.685
BTC,BUY,0.0001,9383976.000,2024-07-10 03:37:15.506
BTC,BUY,0.0050,9385000.000,2024-07-10 03:37:15.506
BTC,BUY,0.0001,9385888.000,2024-07-10 03:37:15.506
BTC,BUY,0.0418,9387701.000,2024-07-10 03:37:15.506
BTC,BUY,0.0010,9387701.000,2024-07-10 03:37:15.581
BTC,SELL,0.0075,9387770.000,2024-07-10 03:37:50.750
BTC,BUY,0.0100,9390000.000,2024-07-10 03:38:19.715
BTC,BUY,0.0003,9390000.000,2024-07-10 03:38:28.032
BTC,BUY,0.0008,9390000.000,2024-07-10 03:38:28.032
BTC,BUY,0.0001,9391195.000,2024-07-10 03:38:34.080
BTC,BUY,0.0049,9392100.000,2024-07-10 03:38:34.080
BTC,BUY,0.0100,9392100.000,2024-07-10 03:38:39.675
BTC,BUY,0.0040,9392100.000,2024-07-10 03:38:40.045
BTC,BUY,0.0020,9393000.000,2024-07-10 03:38:41.322
BTC,BUY,0.0005,9394945.000,2024-07-10 03:38:41.322
BTC,SELL,0.0110,9392102.000,2024-07-10 03:38:43.263
BTC,SELL,0.0100,9392100.000,2024-07-10 03:38:43.263
BTC,SELL,0.0300,9392099.000,2024-07-10 03:38:43.263
BTC,SELL,0.0100,9392099.000,2024-07-10 03:38:43.263
BTC,SELL,0.0532,9392041.000,2024-07-10 03:38:43.263
BTC,SELL,0.0300,9391194.000,2024-07-10 03:38:43.263
BTC,SELL,0.0100,9387561.000,2024-07-10 03:38:43.263
BTC,SELL,0.0137,9385934.000,2024-07-10 03:38:43.263
BTC,SELL,0.0172,9385549.000,2024-07-10 03:38:43.263
BTC,SELL,0.0010,9385480.000,2024-07-10 03:38:43.263
BTC,SELL,0.0025,9384000.000,2024-07-10 03:38:43.263
BTC,SELL,0.0760,9383971.000,2024-07-10 03:38:43.263
BTC,SELL,0.0354,9382591.000,2024-07-10 03:38:43.263
BTC,BUY,0.0028,9394945.000,2024-07-10 03:38:45.495
BTC,BUY,0.0001,9393059.000,2024-07-10 03:39:01.389
BTC,BUY,0.0001,9392111.000,2024-07-10 03:39:07.477
BTC,BUY,0.0001,9388814.000,2024-07-10 03:40:00.161
BTC,BUY,0.0010,9388195.000,2024-07-10 03:40:35.122
BTC,SELL,0.0001,9386751.000,2024-07-10 03:40:45.121
BTC,SELL,0.0001,9387863.000,2024-07-10 03:40:53.284
BTC,SELL,0.0001,9389470.000,2024-07-10 03:41:11.934
BTC,SELL,0.0001,9392037.000,2024-07-10 03:41:21.344
BTC,SELL,0.0001,9391072.000,2024-07-10 03:41:33.777
BTC,SELL,0.0020,9390798.000,2024-07-10 03:41:38.106
BTC,SELL,0.0001,9390748.000,2024-07-10 03:41:45.669
BTC,SELL,0.0010,9390945.000,2024-07-10 03:41:49.373
BTC,BUY,0.0240,9390961.000,2024-07-10 03:41:52.598
BTC,BUY,0.0070,9390444.000,2024-07-10 03:41:56.587
BTC,SELL,0.0001,9387961.000,2024-07-10 03:42:02.851
BTC,BUY,0.0196,9390540.000,2024-07-10 03:42:13.021
BTC,SELL,0.0300,9388530.000,2024-07-10 03:42:24.512
BTC,SELL,0.0200,9381260.000,2024-07-10 03:42:46.501
BTC,BUY,0.0030,9383120.000,2024-07-10 03:42:49.923
BTC,BUY,0.0136,9383042.000,2024-07-10 03:42:56.537
BTC,SELL,0.0005,9380000.000,2024-07-10 03:43:15.496
BTC,BUY,0.0164,9378444.000,2024-07-10 03:43:33.264
BTC,BUY,0.0500,9377719.000,2024-07-10 03:43:57.405
BTC,BUY,0.0080,9378790.000,2024-07-10 03:44:02.304
BTC,BUY,0.0100,9379797.000,2024-07-10 03:44:13.076
BTC,BUY,0.0100,9382782.000,2024-07-10 03:45:37.269
BTC,SELL,0.0002,9383750.000,2024-07-10 03:45:55.397
BTC,BUY,0.0011,9384180.000,2024-07-10 03:46:07.585
BTC,SELL,0.0001,9382970.000,2024-07-10 03:46:31.784
BTC,SELL,0.0004,9383116.000,2024-07-10 03:46:37.653
BTC,BUY,0.0300,9383699.000,2024-07-10 03:46:40.155
BTC,BUY,0.0500,9383699.000,2024-07-10 03:46:41.552
BTC,BUY,0.0013,9389760.000,2024-07-10 03:47:11.174
BTC,BUY,0.0032,9390000.000,2024-07-10 03:47:11.174
BTC,BUY,0.0004,9390000.000,2024-07-10 03:47:32.484
BTC,BUY,0.0264,9390000.000,2024-07-10 03:47:38.943
BTC,BUY,0.0002,9395000.000,2024-07-10 03:48:36.093
BTC,BUY,0.0002,9396361.000,2024-07-10 03:48:49.602
BTC,BUY,0.0050,9399000.000,2024-07-10 03:48:49.602
BTC,BUY,0.0354,9399182.000,2024-07-10 03:48:49.602
BTC,BUY,0.0094,9399183.000,2024-07-10 03:48:49.602
BTC,BUY,0.0500,9399464.000,2024-07-10 03:49:05.033
BTC,BUY,0.0100,9399500.000,2024-07-10 03:49:05.033
BTC,BUY,0.0100,9399997.000,2024-07-10 03:49:05.033
BTC,BUY,0.0020,9399998.000,2024-07-10 03:49:05.033
BTC,BUY,0.0013,9399999.000,2024-07-10 03:49:05.033
BTC,BUY,0.0100,9399999.000,2024-07-10 03:49:05.033
BTC,BUY,0.0003,9400000.000,2024-07-10 03:49:05.033
BTC,BUY,0.0003,9400000.000,2024-07-10 03:49:05.033
BTC,BUY,0.0061,9400000.000,2024-07-10 03:49:05.033
BTC,BUY,0.0001,9400000.000,2024-07-10 03:49:05.109
BTC,BUY,0.0038,9400000.000,2024-07-10 03:49:05.150
BTC,BUY,0.0062,9400000.000,2024-07-10 03:49:05.150
BTC,BUY,0.0438,9400000.000,2024-07-10 03:49:05.155
BTC,BUY,0.0020,9400000.000,2024-07-10 03:49:05.155
BTC,BUY,0.0010,9400000.000,2024-07-10 03:49:05.155
BTC,BUY,0.0010,9400000.000,2024-07-10 03:49:05.155
BTC,BUY,0.0050,9400000.000,2024-07-10 03:49:05.155
BTC,BUY,0.0017,9400000.000,2024-07-10 03:49:05.155
BTC,BUY,0.0050,9400000.000,2024-07-10 03:49:05.155
BTC,BUY,0.0001,9400000.000,2024-07-10 03:49:05.155
BTC,BUY,0.0010,9400000.000,2024-07-10 03:49:05.155
BTC,BUY,0.0100,9400000.000,2024-07-10 03:49:05.155
BTC,BUY,0.0100,9400000.000,2024-07-10 03:49:05.155
BTC,BUY,0.0001,9400000.000,2024-07-10 03:49:05.155
BTC,BUY,0.0100,9400000.000,2024-07-10 03:49:05.155
BTC,BUY,0.0010,9400000.000,2024-07-10 03:49:05.155
BTC,BUY,0.0001,9400000.000,2024-07-10 03:49:05.155
BTC,BUY,0.0010,9400000.000,2024-07-10 03:49:05.155
BTC,BUY,0.0003,9400000.000,2024-07-10 03:49:05.155
BTC,BUY,0.0050,9400000.000,2024-07-10 03:49:05.155
BTC,BUY,0.0001,9400000.000,2024-07-10 03:49:05.155
BTC,BUY,0.0005,9400000.000,2024-07-10 03:49:05.155
BTC,BUY,0.0010,9400000.000,2024-07-10 03:49:05.155
BTC,BUY,0.0544,9400000.000,2024-07-10 03:49:05.155
BTC,BUY,0.0010,9400000.000,2024-07-10 03:49:05.155
BTC,BUY,0.1000,9400000.000,2024-07-10 03:49:05.155
BTC,BUY,0.0500,9400000.000,2024-07-10 03:49:05.155
BTC,BUY,0.0001,9400000.000,2024-07-10 03:49:05.155
BTC,BUY,0.0011,9400000.000,2024-07-10 03:49:05.155
BTC,BUY,0.0050,9400000.000,2024-07-10 03:49:05.155
BTC,BUY,0.0010,9400000.000,2024-07-10 03:49:05.155
BTC,BUY,0.0100,9400000.000,2024-07-10 03:49:05.155
BTC,BUY,0.0100,9400000.000,2024-07-10 03:49:05.155
BTC,BUY,0.0177,9400000.000,2024-07-10 03:49:05.155
BTC,BUY,0.0051,9400000.000,2024-07-10 03:49:12.996
BTC,BUY,0.0236,9400000.000,2024-07-10 03:49:16.090
BTC,BUY,0.0010,9400000.000,2024-07-10 03:49:18.386
BTC,BUY,0.0100,9400000.000,2024-07-10 03:49:30.690
BTC,SELL,0.0001,9398000.000,2024-07-10 03:49:32.075
BTC,BUY,0.0060,9396859.000,2024-07-10 03:49:50.172
BTC,BUY,0.0001,9399020.000,2024-07-10 03:49:56.071
BTC,BUY,0.0020,9399548.000,2024-07-10 03:50:06.275
BTC,BUY,0.0010,9399548.000,2024-07-10 03:50:13.161
BTC,BUY,0.0003,9399882.000,2024-07-10 03:50:22.329
BTC,BUY,0.0500,9397356.000,2024-07-10 03:50:26.697
BTC,BUY,0.0500,9399828.000,2024-07-10 03:51:34.761
BTC,BUY,0.0100,9398836.000,2024-07-10 03:52:17.141
BTC,BUY,0.0500,9398836.000,2024-07-10 03:52:17.144
BTC,BUY,0.0351,9400000.000,2024-07-10 03:52:20.202
BTC,BUY,0.0200,9400000.000,2024-07-10 03:52:21.515
BTC,BUY,0.0148,9400000.000,2024-07-10 03:52:22.192
BTC,BUY,0.0100,9400000.000,2024-07-10 03:52:22.376
BTC,BUY,0.0200,9400000.000,2024-07-10 03:52:23.879
BTC,BUY,0.0667,9400000.000,2024-07-10 03:52:24.209
BTC,BUY,0.0300,9400000.000,2024-07-10 03:52:24.209
BTC,BUY,0.0033,9400000.000,2024-07-10 03:52:24.209
BTC,BUY,0.0100,9400000.000,2024-07-10 03:52:24.733
BTC,BUY,0.0100,9400000.000,2024-07-10 03:52:24.843
BTC,SELL,0.0300,9399999.000,2024-07-10 03:52:25.767
BTC,SELL,0.0100,9399999.000,2024-07-10 03:52:25.767
BTC,SELL,0.0098,9399999.000,2024-07-10 03:52:25.767
BTC,BUY,0.0143,9400000.000,2024-07-10 03:52:26.273
BTC,BUY,0.0299,9400000.000,2024-07-10 03:52:26.647
BTC,BUY,0.0200,9400000.000,2024-07-10 03:52:27.058
BTC,BUY,0.0125,9400000.000,2024-07-10 03:52:27.903
BTC,BUY,0.0009,9400000.000,2024-07-10 03:52:27.903
BTC,BUY,0.0046,9400000.000,2024-07-10 03:52:27.903
BTC,BUY,0.0454,9400000.000,2024-07-10 03:52:28.201
BTC,BUY,0.0013,9400000.000,2024-07-10 03:52:28.201
BTC,BUY,0.0033,9400000.000,2024-07-10 03:52:28.201
BTC,BUY,0.0040,9400000.000,2024-07-10 03:52:33.506
BTC,BUY,0.0010,9400000.000,2024-07-10 03:52:40.497
BTC,BUY,0.0010,9400000.000,2024-07-10 03:52:50.614
BTC,BUY,0.0005,9399999.000,2024-07-10 03:53:04.443
BTC,BUY,0.1000,9395787.000,2024-07-10 03:53:20.584
BTC,BUY,0.0001,9396370.000,2024-07-10 03:53:48.523
BTC,BUY,0.0300,9395158.000,2024-07-10 03:54:11.907
BTC,BUY,0.0002,9397770.000,2024-07-10 03:54:23.543
BTC,BUY,0.0015,9397960.000,2024-07-10 03:55:00.480
BTC,BUY,0.0004,9397962.000,2024-07-10 03:55:10.024
BTC,BUY,0.0776,9396860.000,2024-07-10 03:55:13.809
BTC,BUY,0.0224,9397100.000,2024-07-10 03:55:13.809
BTC,SELL,0.0006,9390001.000,2024-07-10 03:56:12.125
BTC,BUY,0.0001,9397960.000,2024-07-10 03:57:41.314
BTC,BUY,0.0007,9400000.000,2024-07-10 03:58:38.018
BTC,BUY,0.0103,9400000.000,2024-07-10 03:58:38.018
BTC,BUY,0.0010,9400000.000,2024-07-10 03:58:38.018
BTC,BUY,0.0010,9400001.000,2024-07-10 03:59:26.585
BTC,SELL,0.0020,9400080.000,2024-07-10 03:59:28.052
BTC,BUY,0.0010,9405965.000,2024-07-10 03:59:29.604
BTC,BUY,0.0010,9404548.000,2024-07-10 03:59:32.016
BTC,SELL,0.0016,9405958.000,2024-07-10 03:59:59.933
BTC,BUY,0.0001,9408632.000,2024-07-10 04:00:07.448
BTC,SELL,0.0010,9406138.000,2024-07-10 04:00:26.395
BTC,BUY,0.0020,9408843.000,2024-07-10 04:00:30.048
BTC,BUY,0.0003,9410000.000,2024-07-10 04:00:53.047
BTC,BUY,0.0001,9410000.000,2024-07-10 04:00:53.047
BTC,BUY,0.0001,9410000.000,2024-07-10 04:00:53.047
BTC,BUY,0.0022,9410000.000,2024-07-10 04:00:53.047
BTC,BUY,0.0050,9410000.000,2024-07-10 04:01:04.365
BTC,BUY,0.0300,9410000.000,2024-07-10 04:01:04.597
BTC,BUY,0.0128,9410000.000,2024-07-10 04:01:06.559
BTC,BUY,0.0262,9410000.000,2024-07-10 04:01:06.559
BTC,BUY,0.0238,9410000.000,2024-07-10 04:01:08.547
BTC,BUY,0.0001,9410019.000,2024-07-10 04:01:08.547
BTC,BUY,0.0001,9411280.000,2024-07-10 04:01:08.547
BTC,BUY,0.0260,9411666.000,2024-07-10 04:01:08.547
BTC,SELL,0.0010,9410000.000,2024-07-10 04:01:09.498
BTC,BUY,0.0010,9411666.000,2024-07-10 04:01:10.471
BTC,BUY,0.0030,9411666.000,2024-07-10 04:01:10.984
BTC,BUY,0.0300,9416445.000,2024-07-10 04:01:10.984
BTC,BUY,0.0010,9417420.000,2024-07-10 04:01:10.984
BTC,BUY,0.0300,9418543.000,2024-07-10 04:01:10.984
BTC,BUY,0.0010,9419000.000,2024-07-10 04:01:10.984
BTC,BUY,0.0150,9419410.000,2024-07-10 04:01:10.984
BTC,SELL,0.0040,9410720.000,2024-07-10 04:01:12.614
BTC,SELL,0.0010,9410720.000,2024-07-10 04:01:13.421
BTC,BUY,0.0010,9419410.000,2024-07-10 04:01:13.662
BTC,SELL,0.0020,9410721.000,2024-07-10 04:01:13.756
BTC,BUY,0.0012,9419410.000,2024-07-10 04:01:14.633
BTC,BUY,0.0003,9420000.000,2024-07-10 04:01:14.633
BTC,BUY,0.0001,9420000.000,2024-07-10 04:01:14.633
BTC,BUY,0.0001,9420000.000,2024-07-10 04:01:14.633
BTC,BUY,0.0023,9420000.000,2024-07-10 04:01:14.633
BTC,BUY,0.0010,9420000.000,2024-07-10 04:01:15.427
BTC,BUY,0.0002,9411060.000,2024-07-10 04:01:24.988
BTC,SELL,0.0025,9413797.000,2024-07-10 04:01:49.625
BTC,BUY,0.0477,9420000.000,2024-07-10 04:02:37.060
BTC,BUY,0.0001,9420000.000,2024-07-10 04:02:37.060
BTC,BUY,0.0100,9420000.000,2024-07-10 04:02:37.060
BTC,BUY,0.0422,9420000.000,2024-07-10 04:02:37.060
BTC,BUY,0.0100,9420000.000,2024-07-10 04:02:37.483
BTC,BUY,0.0100,9420000.000,2024-07-10 04:02:38.538
BTC,BUY,0.0250,9420000.000,2024-07-10 04:02:38.742
BTC,BUY,0.4000,9420000.000,2024-07-10 04:02:38.745
BTC,BUY,0.0100,9420000.000,2024-07-10 04:02:38.746
BTC,BUY,0.0100,9420000.000,2024-07-10 04:02:39.033
BTC,BUY,0.0077,9420000.000,2024-07-10 04:02:39.161
BTC,BUY,0.0050,9420000.000,2024-07-10 04:02:39.161
BTC,BUY,0.0315,9420000.000,2024-07-10 04:02:39.161
BTC,BUY,0.0200,9420000.000,2024-07-10 04:02:39.318
BTC,BUY,0.0273,9420000.000,2024-07-10 04:02:39.324
BTC,BUY,0.0100,9420000.000,2024-07-10 04:02:39.783
BTC,BUY,0.0200,9420000.000,2024-07-10 04:02:40.002
BTC,BUY,0.0500,9420000.000,2024-07-10 04:02:40.005
BTC,BUY,0.0798,9420000.000,2024-07-10 04:02:40.032
BTC,BUY,0.0200,9420000.000,2024-07-10 04:02:40.111
BTC,BUY,0.0031,9420000.000,2024-07-10 04:02:40.817
BTC,BUY,0.0100,9420000.000,2024-07-10 04:02:41.036
BTC,BUY,0.0200,9420000.000,2024-07-10 04:02:42.261
BTC,BUY,0.0200,9420000.000,2024-07-10 04:02:42.264
BTC,BUY,0.0200,9420000.000,2024-07-10 04:02:42.339
BTC,BUY,0.1000,9420000.000,2024-07-10 04:02:42.566
BTC,BUY,0.0100,9420000.000,2024-07-10 04:02:42.875
BTC,BUY,0.0326,9420000.000,2024-07-10 04:02:43.168
BTC,BUY,0.0899,9420000.000,2024-07-10 04:02:43.321
BTC,BUY,0.0500,9420000.000,2024-07-10 04:02:43.602
BTC,BUY,0.0200,9420000.000,2024-07-10 04:02:43.676
BTC,BUY,0.0337,9420000.000,2024-07-10 04:02:43.756
BTC,BUY,0.0100,9420000.000,2024-07-10 04:02:44.120
BTC,BUY,0.0174,9420000.000,2024-07-10 04:02:44.178
BTC,BUY,0.0060,9420000.000,2024-07-10 04:02:44.332
BTC,BUY,0.0003,9420000.000,2024-07-10 04:02:44.406
BTC,BUY,0.0200,9420000.000,2024-07-10 04:02:44.507
BTC,BUY,0.0200,9420000.000,2024-07-10 04:02:44.546
BTC,BUY,0.0135,9420000.000,2024-07-10 04:02:44.548
BTC,BUY,0.0079,9420000.000,2024-07-10 04:02:44.612
BTC,BUY,0.0099,9420000.000,2024-07-10 04:02:44.784
BTC,BUY,0.0196,9420000.000,2024-07-10 04:02:44.913
BTC,BUY,0.0101,9420000.000,2024-07-10 04:02:45.098
BTC,BUY,0.1974,9420000.000,2024-07-10 04:02:45.100
BTC,BUY,0.0001,9420000.000,2024-07-10 04:02:45.100
BTC,BUY,0.0400,9420000.000,2024-07-10 04:02:45.100
BTC,BUY,0.0002,9420000.000,2024-07-10 04:02:45.100
BTC,BUY,0.0100,9423860.000,2024-07-10 04:02:45.167
BTC,BUY,0.0200,9425000.000,2024-07-10 04:02:45.167
BTC,BUY,0.0010,9428876.000,2024-07-10 04:02:45.167
BTC,BUY,0.0003,9430000.000,2024-07-10 04:02:45.167
BTC,BUY,0.0020,9430000.000,2024-07-10 04:02:45.167
BTC,BUY,0.0100,9430000.000,2024-07-10 04:02:45.167
BTC,BUY,0.0001,9430000.000,2024-07-10 04:02:45.167
BTC,BUY,0.0001,9430000.000,2024-07-10 04:02:45.167
BTC,BUY,0.0015,9430000.000,2024-07-10 04:02:45.167
BTC,BUY,0.0050,9429999.000,2024-07-10 04:02:46.610
BTC,BUY,0.0150,9430000.000,2024-07-10 04:02:46.610
BTC,BUY,0.0381,9430000.000,2024-07-10 04:02:46.704
BTC,BUY,0.0400,9430000.000,2024-07-10 04:02:47.020
BTC,BUY,0.0073,9430000.000,2024-07-10 04:02:47.232
BTC,BUY,0.0113,9430000.000,2024-07-10 04:02:47.512
BTC,BUY,0.0200,9430000.000,2024-07-10 04:02:47.654
BTC,SELL,0.0010,9429314.000,2024-07-10 04:02:47.658
BTC,BUY,0.0400,9430000.000,2024-07-10 04:02:47.730
BTC,BUY,0.0185,9430000.000,2024-07-10 04:02:48.147
BTC,BUY,0.0200,9430000.000,2024-07-10 04:02:48.744
BTC,BUY,0.0200,9430000.000,2024-07-10 04:02:48.802
BTC,BUY,0.0020,9430000.000,2024-07-10 04:02:51.545
BTC,BUY,0.0013,9430000.000,2024-07-10 04:02:57.756
BTC,BUY,0.0001,9435000.000,2024-07-10 04:02:57.756
BTC,BUY,0.0036,9437943.000,2024-07-10 04:02:57.756
BTC,SELL,0.0010,9429999.000,2024-07-10 04:02:58.409
BTC,BUY,0.0002,9430000.000,2024-07-10 04:02:59.025
BTC,BUY,0.0003,9440000.000,2024-07-10 04:02:59.025
BTC,BUY,0.0001,9440000.000,2024-07-10 04:02:59.025
BTC,BUY,0.0100,9440000.000,2024-07-10 04:02:59.025
BTC,BUY,0.0001,9440000.000,2024-07-10 04:02:59.025
BTC,BUY,0.0001,9440000.000,2024-07-10 04:02:59.025
BTC,BUY,0.0001,9440000.000,2024-07-10 04:02:59.025
BTC,BUY,0.0010,9440332.000,2024-07-10 04:02:59.025
BTC,BUY,0.0010,9441000.000,2024-07-10 04:02:59.025
BTC,BUY,0.0100,9442000.000,2024-07-10 04:02:59.025
BTC,BUY,0.0001,9443045.000,2024-07-10 04:02:59.025
BTC,BUY,0.0270,9444444.000,2024-07-10 04:02:59.025
BTC,SELL,0.0040,9434001.000,2024-07-10 04:03:00.604
BTC,SELL,0.0010,9434096.000,2024-07-10 04:03:01.300
BTC,SELL,0.0010,9434096.000,2024-07-10 04:03:01.539
BTC,SELL,0.0010,9434096.000,2024-07-10 04:03:01.578
BTC,BUY,0.0010,9444444.000,2024-07-10 04:03:01.679
BTC,SELL,0.0020,9434096.000,2024-07-10 04:03:02.047
BTC,BUY,0.0010,9444444.000,2024-07-10 04:03:02.938
BTC,BUY,0.0040,9444444.000,2024-07-10 04:03:02.983
BTC,BUY,0.0010,9442752.000,2024-07-10 04:03:03.293
BTC,BUY,0.0010,9442752.000,2024-07-10 04:03:03.570
BTC,SELL,0.1000,9442750.000,2024-07-10 04:03:04.318
BTC,BUY,0.0053,9434146.000,2024-07-10 04:03:20.945
BTC,BUY,0.0001,9434147.000,2024-07-10 04:03:20.945
BTC,BUY,0.0002,9435000.000,2024-07-10 04:03:20.945
BTC,BUY,0.0019,9437601.000,2024-07-10 04:03:20.945
BTC,SELL,0.1000,9436895.000,2024-07-10 04:03:24.878
BTC,SELL,0.0200,9430000.000,2024-07-10 04:03:25.216
BTC,SELL,0.0200,9430000.000,2024-07-10 04:03:25.250
BTC,SELL,0.0010,9430000.000,2024-07-10 04:03:25.311
BTC,SELL,0.1000,9435217.000,2024-07-10 04:03:27.404
BTC,SELL,0.0090,9430000.000,2024-07-10 04:03:27.414
BTC,SELL,0.0110,9421924.000,2024-07-10 04:03:27.414
BTC,BUY,0.0010,9433216.000,2024-07-10 04:03:30.364
BTC,SELL,0.1000,9433214.000,2024-07-10 04:03:31.050
BTC,SELL,0.0050,9419999.000,2024-07-10 04:03:31.494
BTC,SELL,0.0150,9419408.000,2024-07-10 04:03:31.494
BTC,SELL,0.0010,9419408.000,2024-07-10 04:03:31.550
BTC,SELL,0.0011,9419408.000,2024-07-10 04:03:31.623
BTC,SELL,0.0054,9415520.000,2024-07-10 04:03:31.623
BTC,SELL,0.0135,9415451.000,2024-07-10 04:03:31.623
BTC,BUY,0.0100,9432684.000,2024-07-10 04:03:33.480
BTC,SELL,0.1000,9432683.000,2024-07-10 04:03:34.133
BTC,BUY,0.0001,9432638.000,2024-07-10 04:03:39.401
BTC,BUY,0.0170,9435057.000,2024-07-10 04:03:57.679
BTC,BUY,0.0137,9435060.000,2024-07-10 04:03:57.679
BTC,BUY,0.0135,9437239.000,2024-07-10 04:03:57.679
BTC,BUY,0.0590,9437394.000,2024-07-10 04:03:57.679
BTC,BUY,0.0943,9437400.000,2024-07-10 04:03:57.679
BTC,BUY,0.0942,9437445.000,2024-07-10 04:03:57.679
BTC,BUY,0.0083,9437910.000,2024-07-10 04:03:57.679
BTC,SELL,0.0200,9437909.000,2024-07-10 04:04:01.827
BTC,SELL,0.0100,9437909.000,2024-07-10 04:04:02.594
BTC,SELL,0.0100,9437909.000,2024-07-10 04:04:02.594
BTC,SELL,0.0200,9437258.000,2024-07-10 04:04:04.093
BTC,SELL,0.0200,9440235.000,2024-07-10 04:04:06.263
BTC,SELL,0.0200,9438581.000,2024-07-10 04:04:06.740
BTC,SELL,0.0377,9440110.000,2024-07-10 04:04:10.985
BTC,SELL,0.0623,9440110.000,2024-07-10 04:04:11.096
BTC,SELL,0.0377,9439946.000,2024-07-10 04:04:13.241
BTC,SELL,0.0400,9439946.000,2024-07-10 04:04:13.503
BTC,BUY,0.0200,9439746.000,2024-07-10 04:04:17.366
BTC,SELL,0.0300,9439745.000,2024-07-10 04:04:17.524
BTC,SELL,0.0012,9437909.000,2024-07-10 04:04:21.624
BTC,SELL,0.0200,9437909.000,2024-07-10 04:04:21.732
BTC,BUY,0.0100,9439206.000,2024-07-10 04:04:28.280
BTC,SELL,0.0212,9437909.000,2024-07-10 04:04:28.532
BTC,SELL,0.0100,9437909.000,2024-07-10 04:04:30.754
BTC,SELL,0.0200,9437909.000,2024-07-10 04:04:32.125
BTC,SELL,0.0200,9437909.000,2024-07-10 04:04:33.001
BTC,SELL,0.0005,9437909.000,2024-07-10 04:04:35.515
BTC,SELL,0.0060,9437909.000,2024-07-10 04:04:47.875
BTC,SELL,0.0011,9437909.000,2024-07-10 04:04:49.212
BTC,SELL,0.0039,9427277.000,2024-07-10 04:04:49.212
BTC,SELL,0.0200,9425000.000,2024-07-10 04:05:04.033
BTC,SELL,0.0200,9425000.000,2024-07-10 04:05:04.628
BTC,SELL,0.0200,9424852.000,2024-07-10 04:05:05.143
BTC,SELL,0.0100,9424852.000,2024-07-10 04:05:05.258
BTC,SELL,0.0200,9424852.000,2024-07-10 04:05:06.528
BTC,SELL,0.0100,9424852.000,2024-07-10 04:05:06.736
BTC,BUY,0.1000,9424527.000,2024-07-10 04:05:09.828
BTC,SELL,0.0300,9420009.000,2024-07-10 04:05:20.632
BTC,SELL,0.0100,9420000.000,2024-07-10 04:05:20.632
BTC,SELL,0.0002,9420000.000,2024-07-10 04:05:20.632
BTC,BUY,0.0001,9420000.000,2024-07-10 04:05:31.420
BTC,BUY,0.0397,9420000.000,2024-07-10 04:05:38.149
BTC,BUY,0.0050,9427638.000,2024-07-10 04:05:39.110
BTC,SELL,0.0010,9428917.000,2024-07-10 04:05:44.329
BTC,SELL,0.0122,9428922.000,2024-07-10 04:05:53.534
BTC,BUY,0.0027,9431765.000,2024-07-10 04:06:00.221
BTC,SELL,0.0002,9435530.000,2024-07-10 04:06:26.348
BTC,BUY,0.0600,9435531.000,2024-07-10 04:06:26.882
BTC,SELL,0.0002,9438588.000,2024-07-10 04:06:36.460
BTC,BUY,0.0002,9438589.000,2024-07-10 04:06:41.574
BTC,BUY,0.0098,9441920.000,2024-07-10 04:06:41.574
BTC,SELL,0.0020,9441447.000,2024-07-10 04:06:45.892
BTC,BUY,0.0001,9441490.000,2024-07-10 04:07:18.818
BTC,BUY,0.0039,9444443.000,2024-07-10 04:07:19.086
BTC,BUY,0.3961,9444444.000,2024-07-10 04:07:19.086
BTC,BUY,0.0200,9444444.000,2024-07-10 04:07:19.173
BTC,BUY,0.0001,9444444.000,2024-07-10 04:07:19.500
BTC,BUY,0.0200,9444444.000,2024-07-10 04:07:19.594
BTC,BUY,0.4000,9444444.000,2024-07-10 04:07:19.598
BTC,BUY,0.0171,9444444.000,2024-07-10 04:07:20.063
BTC,BUY,0.0002,9444444.000,2024-07-10 04:07:20.068
BTC,BUY,0.0200,9444444.000,2024-07-10 04:07:20.158
BTC,BUY,0.0720,9444444.000,2024-07-10 04:07:20.263
BTC,BUY,0.0100,9444444.000,2024-07-10 04:07:20.265
BTC,BUY,0.0200,9444444.000,2024-07-10 04:07:20.355
BTC,BUY,0.0060,9444444.000,2024-07-10 04:07:20.621
BTC,BUY,0.0400,9444444.000,2024-07-10 04:07:20.737
BTC,BUY,0.0171,9444444.000,2024-07-10 04:07:20.738
BTC,BUY,0.5000,9444444.000,2024-07-10 04:07:20.782
BTC,BUY,0.0500,9444444.000,2024-07-10 04:07:20.865
BTC,BUY,0.0200,9444444.000,2024-07-10 04:07:20.952
BTC,BUY,0.0400,9444444.000,2024-07-10 04:07:20.966
BTC,BUY,0.0010,9444444.000,2024-07-10 04:07:20.968
BTC,BUY,0.0220,9444444.000,2024-07-10 04:07:20.970
BTC,BUY,0.0200,9444444.000,2024-07-10 04:07:21.039
BTC,BUY,0.0550,9444444.000,2024-07-10 04:07:21.241
BTC,BUY,0.0010,9444444.000,2024-07-10 04:07:21.245
BTC,BUY,0.0200,9444444.000,2024-07-10 04:07:21.249
BTC,BUY,0.0128,9444444.000,2024-07-10 04:07:21.405
BTC,BUY,0.0092,9444444.000,2024-07-10 04:07:21.420
BTC,BUY,0.0528,9444444.000,2024-07-10 04:07:21.530
BTC,BUY,0.5000,9444444.000,2024-07-10 04:07:21.535
BTC,BUY,0.0086,9444444.000,2024-07-10 04:07:21.820
BTC,BUY,0.1000,9444444.000,2024-07-10 04:07:21.944
BTC,BUY,0.0500,9444444.000,2024-07-10 04:07:22.016
BTC,BUY,0.0057,9444444.000,2024-07-10 04:07:22.091
BTC,BUY,0.0200,9444444.000,2024-07-10 04:07:22.175
BTC,BUY,0.0001,9444444.000,2024-07-10 04:07:22.340
BTC,BUY,0.0200,9444444.000,2024-07-10 04:07:22.780
BTC,BUY,0.0197,9444444.000,2024-07-10 04:07:22.936
BTC,BUY,0.1000,9444444.000,2024-07-10 04:07:22.940
BTC,BUY,0.0200,9444444.000,2024-07-10 04:07:23.161
BTC,BUY,0.0400,9444444.000,2024-07-10 04:07:23.164
BTC,BUY,0.0063,9444444.000,2024-07-10 04:07:23.380
BTC,BUY,0.0200,9444444.000,2024-07-10 04:07:23.447
BTC,BUY,0.0400,9444444.000,2024-07-10 04:07:23.451
BTC,BUY,0.0200,9444444.000,2024-07-10 04:07:23.631
BTC,BUY,0.0041,9444444.000,2024-07-10 04:07:23.746
BTC,BUY,0.0100,9444444.000,2024-07-10 04:07:23.957
BTC,BUY,0.0100,9444444.000,2024-07-10 04:07:23.960
BTC,BUY,0.1301,9444444.000,2024-07-10 04:07:24.048
BTC,BUY,0.0002,9445000.000,2024-07-10 04:07:24.048
BTC,BUY,0.0027,9447760.000,2024-07-10 04:07:24.048
BTC,BUY,0.0100,9448200.000,2024-07-10 04:07:24.048
BTC,BUY,0.0020,9448888.000,2024-07-10 04:07:24.048
BTC,BUY,0.0003,9450000.000,2024-07-10 04:07:24.048
BTC,BUY,0.0003,9450000.000,2024-07-10 04:07:24.048
BTC,BUY,0.0005,9450000.000,2024-07-10 04:07:24.048
BTC,BUY,0.0100,9450000.000,2024-07-10 04:07:24.048
BTC,BUY,0.0005,9450000.000,2024-07-10 04:07:24.048
BTC,BUY,0.0003,9450000.000,2024-07-10 04:07:24.048
BTC,BUY,0.0001,9450000.000,2024-07-10 04:07:24.048
BTC,BUY,0.0001,9450000.000,2024-07-10 04:07:24.048
BTC,BUY,0.0100,9450000.000,2024-07-10 04:07:24.048
BTC,BUY,0.0010,9450000.000,2024-07-10 04:07:24.048
BTC,BUY,0.0003,9450000.000,2024-07-10 04:07:24.048
BTC,BUY,0.0001,9450000.000,2024-07-10 04:07:24.048
BTC,BUY,0.0500,9450000.000,2024-07-10 04:07:24.048
BTC,BUY,0.0500,9450000.000,2024-07-10 04:07:24.048
BTC,BUY,0.0010,9451787.000,2024-07-10 04:07:24.048
BTC,BUY,0.0001,9454081.000,2024-07-10 04:07:24.048
BTC,BUY,0.0095,9458000.000,2024-07-10 04:07:24.048
BTC,BUY,0.0003,9460000.000,2024-07-10 04:07:24.048
BTC,BUY,0.0020,9460000.000,2024-07-10 04:07:24.048
BTC,BUY,0.0001,9460000.000,2024-07-10 04:07:24.048
BTC,BUY,0.0100,9460000.000,2024-07-10 04:07:24.048
BTC,BUY,0.0001,9460000.000,2024-07-10 04:07:24.048
BTC,BUY,0.0010,9463243.000,2024-07-10 04:07:24.226
BTC,BUY,0.0027,9466000.000,2024-07-10 04:07:24.254
BTC,BUY,0.0207,9466415.000,2024-07-10 04:07:24.254
BTC,BUY,0.0003,9470000.000,2024-07-10 04:07:24.452
BTC,BUY,0.0001,9470000.000,2024-07-10 04:07:24.452
BTC,BUY,0.0096,9470000.000,2024-07-10 04:07:24.452
BTC,BUY,0.0001,9470000.000,2024-07-10 04:07:24.454
BTC,BUY,0.0003,9470000.000,2024-07-10 04:07:24.480
BTC,BUY,0.0001,9470000.000,2024-07-10 04:07:24.480
BTC,BUY,0.0230,9470000.000,2024-07-10 04:07:24.480
BTC,BUY,0.0010,9470000.000,2024-07-10 04:07:24.881
BTC,BUY,0.0010,9470000.000,2024-07-10 04:07:24.958
BTC,BUY,0.0080,9470000.000,2024-07-10 04:07:25.051
BTC,BUY,0.0010,9470000.000,2024-07-10 04:07:25.144
BTC,BUY,0.0068,9473587.000,2024-07-10 04:07:25.144
BTC,BUY,0.0002,9473739.000,2024-07-10 04:07:25.144
BTC,BUY,0.0010,9474699.000,2024-07-10 04:07:25.144
BTC,BUY,0.0010,9476485.000,2024-07-10 04:07:25.144
BTC,BUY,0.0009,9476485.000,2024-07-10 04:07:25.313
BTC,BUY,0.0234,9476485.000,2024-07-10 04:07:25.345
BTC,SELL,0.0010,9454720.000,2024-07-10 04:07:25.348
BTC,BUY,0.0200,9476485.000,2024-07-10 04:07:25.440
BTC,BUY,0.0234,9476485.000,2024-07-10 04:07:25.512
BTC,SELL,0.0010,9469999.000,2024-07-10 04:07:25.601
BTC,SELL,0.0020,9469999.000,2024-07-10 04:07:25.687
BTC,SELL,0.0010,9469999.000,2024-07-10 04:07:25.772
BTC,BUY,0.0200,9476485.000,2024-07-10 04:07:25.774
BTC,BUY,0.0055,9476485.000,2024-07-10 04:07:25.776
BTC,BUY,0.0040,9477565.000,2024-07-10 04:07:25.776
BTC,BUY,0.0002,9478623.000,2024-07-10 04:07:25.776
BTC,BUY,0.0003,9478888.000,2024-07-10 04:07:25.776
BTC,BUY,0.0017,9478888.000,2024-07-10 04:07:25.876
BTC,BUY,0.0003,9480000.000,2024-07-10 04:07:25.876
BTC,BUY,0.0001,9480000.000,2024-07-10 04:07:25.876
BTC,BUY,0.0100,9480000.000,2024-07-10 04:07:25.876
BTC,BUY,0.0001,9480000.000,2024-07-10 04:07:25.876
BTC,BUY,0.0112,9481675.000,2024-07-10 04:07:25.876
BTC,BUY,0.0050,9481676.000,2024-07-10 04:07:25.929
BTC,BUY,0.0184,9482783.000,2024-07-10 04:07:25.929
BTC,BUY,0.0100,9482783.000,2024-07-10 04:07:26.015
BTC,BUY,0.0020,9482783.000,2024-07-10 04:07:26.095
BTC,BUY,0.0096,9482783.000,2024-07-10 04:07:26.166
BTC,BUY,0.0004,9483000.000,2024-07-10 04:07:26.166
BTC,BUY,0.0006,9483000.000,2024-07-10 04:07:26.283
BTC,BUY,0.0010,9486154.000,2024-07-10 04:07:26.283
BTC,BUY,0.0020,9488888.000,2024-07-10 04:07:26.283
BTC,BUY,0.0262,9489999.000,2024-07-10 04:07:26.283
BTC,BUY,0.0234,9489999.000,2024-07-10 04:07:26.343
BTC,BUY,0.0092,9489999.000,2024-07-10 04:07:26.444
BTC,BUY,0.0003,9490000.000,2024-07-10 04:07:26.444
BTC,BUY,0.0005,9490000.000,2024-07-10 04:07:26.444
BTC,SELL,0.0070,9470000.000,2024-07-10 04:07:26.451
BTC,BUY,0.0015,9490000.000,2024-07-10 04:07:26.518
BTC,BUY,0.0008,9490000.000,2024-07-10 04:07:26.518
BTC,BUY,0.0001,9490000.000,2024-07-10 04:07:26.518
BTC,BUY,0.0001,9490000.000,2024-07-10 04:07:26.518
BTC,BUY,0.0020,9494000.000,2024-07-10 04:07:26.518
BTC,BUY,0.0189,9496283.000,2024-07-10 04:07:26.518
BTC,SELL,0.0010,9470000.000,2024-07-10 04:07:26.528
BTC,SELL,0.0020,9470001.000,2024-07-10 04:07:26.691
BTC,SELL,0.0020,9469999.000,2024-07-10 04:07:26.691
BTC,BUY,0.0234,9496283.000,2024-07-10 04:07:26.764
BTC,BUY,0.0200,9496283.000,2024-07-10 04:07:26.838
BTC,BUY,0.0377,9496283.000,2024-07-10 04:07:26.986
BTC,BUY,0.0010,9497610.000,2024-07-10 04:07:26.986
BTC,BUY,0.0013,9498888.000,2024-07-10 04:07:26.986
BTC,BUY,0.0007,9498888.000,2024-07-10 04:07:27.068
BTC,BUY,0.0050,9499000.000,2024-07-10 04:07:27.068
BTC,BUY,0.0005,9499000.000,2024-07-10 04:07:27.068
BTC,BUY,0.0038,9499000.000,2024-07-10 04:07:27.068
BTC,BUY,0.0012,9499000.000,2024-07-10 04:07:27.206
BTC,BUY,0.0100,9499500.000,2024-07-10 04:07:27.206
BTC,BUY,0.0001,9499991.000,2024-07-10 04:07:27.206
BTC,BUY,0.0020,9499999.000,2024-07-10 04:07:27.206
BTC,BUY,0.0101,9499999.000,2024-07-10 04:07:27.206
BTC,BUY,0.0289,9499999.000,2024-07-10 04:07:27.748
BTC,BUY,0.0002,9499999.000,2024-07-10 04:07:27.888
BTC,BUY,0.0010,9499999.000,2024-07-10 04:07:27.891
BTC,BUY,0.0010,9499999.000,2024-07-10 04:07:27.893
BTC,BUY,0.0088,9499999.000,2024-07-10 04:07:27.896
BTC,BUY,0.0112,9499999.000,2024-07-10 04:07:27.896
BTC,BUY,0.0027,9499999.000,2024-07-10 04:07:27.900
BTC,BUY,0.0200,9499999.000,2024-07-10 04:07:27.928
BTC,SELL,0.0280,9496540.000,2024-07-10 04:07:27.932
BTC,BUY,0.0161,9499999.000,2024-07-10 04:07:28.378
BTC,BUY,0.0001,9499999.000,2024-07-10 04:07:28.378
BTC,BUY,0.0012,9500000.000,2024-07-10 04:07:28.378
BTC,BUY,0.0177,9500000.000,2024-07-10 04:07:28.378
BTC,BUY,0.0001,9500000.000,2024-07-10 04:07:28.506
BTC,BUY,0.0022,9500000.000,2024-07-10 04:07:28.511
BTC,BUY,0.1000,9500000.000,2024-07-10 04:07:28.511
BTC,BUY,0.0005,9500000.000,2024-07-10 04:07:28.511
BTC,BUY,0.0100,9500000.000,2024-07-10 04:07:28.511
BTC,BUY,0.0003,9500000.000,2024-07-10 04:07:28.511
BTC,BUY,0.0003,9500000.000,2024-07-10 04:07:28.511
BTC,BUY,0.0039,9500000.000,2024-07-10 04:07:28.511
BTC,BUY,0.0100,9500000.000,2024-07-10 04:07:28.511
BTC,BUY,0.0003,9500000.000,2024-07-10 04:07:28.511
BTC,BUY,0.0003,9500000.000,2024-07-10 04:07:28.511
BTC,BUY,0.0500,9500000.000,2024-07-10 04:07:28.511
BTC,BUY,0.0010,9500000.000,2024-07-10 04:07:28.511
BTC,BUY,0.0050,9500000.000,2024-07-10 04:07:28.511
BTC,BUY,0.0162,9500000.000,2024-07-10 04:07:28.511
BTC,BUY,0.0020,9499999.000,2024-07-10 04:07:29.544
BTC,BUY,0.0010,9499999.000,2024-07-10 04:07:29.710
BTC,SELL,0.0200,9499998.000,2024-07-10 04:07:29.951
BTC,SELL,0.0020,9499998.000,2024-07-10 04:07:30.033
BTC,SELL,0.0080,9499998.000,2024-07-10 04:07:30.106
BTC,SELL,0.0171,9490498.000,2024-07-10 04:07:30.110
BTC,SELL,0.0029,9488654.000,2024-07-10 04:07:30.110
BTC,SELL,0.0050,9488654.000,2024-07-10 04:07:30.225
BTC,SELL,0.0030,9488654.000,2024-07-10 04:07:30.401
BTC,BUY,0.0010,9494775.000,2024-07-10 04:07:30.403
BTC,SELL,0.0027,9488654.000,2024-07-10 04:07:30.508
BTC,SELL,0.0033,9484960.000,2024-07-10 04:07:30.508
BTC,BUY,0.0010,9494775.000,2024-07-10 04:07:30.659
BTC,BUY,0.0030,9495713.000,2024-07-10 04:07:30.659
BTC,SELL,0.0140,9494951.000,2024-07-10 04:07:33.702
BTC,SELL,0.0082,9494951.000,2024-07-10 04:07:33.704
BTC,SELL,0.0478,9494951.000,2024-07-10 04:07:33.707
BTC,SELL,0.0030,9494950.000,2024-07-10 04:07:33.707
BTC,SELL,0.0082,9484400.000,2024-07-10 04:07:34.471
BTC,SELL,0.0118,9484387.000,2024-07-10 04:07:34.471
BTC,SELL,0.0400,9484387.000,2024-07-10 04:07:34.611
BTC,SELL,0.0179,9484392.000,2024-07-10 04:07:35.547
BTC,BUY,0.0030,9490244.000,2024-07-10 04:07:37.483
BTC,BUY,0.0200,9490244.000,2024-07-10 04:07:37.490
BTC,SELL,0.0003,9484392.000,2024-07-10 04:07:37.505
BTC,BUY,0.0099,9490244.000,2024-07-10 04:07:38.121
BTC,BUY,0.0003,9490244.000,2024-07-10 04:07:38.570
BTC,BUY,0.0070,9493871.000,2024-07-10 04:07:38.906
BTC,BUY,0.0163,9493871.000,2024-07-10 04:07:39.598
BTC,BUY,0.0050,9493871.000,2024-07-10 04:07:39.692
BTC,BUY,0.0174,9493871.000,2024-07-10 04:07:40.056
BTC,BUY,0.0200,9493871.000,2024-07-10 04:07:40.059
BTC,BUY,0.0017,9493871.000,2024-07-10 04:07:40.062
BTC,SELL,0.0040,9491774.000,2024-07-10 04:07:40.191
