symbol,side,size,price,timestamp
ETH,SELL,0.0200,534000.000,2024-07-17 21:00:27.509
ETH,SELL,0.0100,533203.000,2024-07-17 21:00:55.389
ETH,SELL,0.0100,533203.000,2024-07-17 21:00:55.993
ETH,SELL,0.0100,533048.000,2024-07-17 21:00:55.993
ETH,SELL,0.9900,533048.000,2024-07-17 21:00:56.845
ETH,SELL,0.1861,533007.000,2024-07-17 21:00:58.299
ETH,SELL,0.8139,533007.000,2024-07-17 21:00:59.849
ETH,BUY,0.0100,532919.000,2024-07-17 21:01:10.885
ETH,BUY,0.1000,532765.000,2024-07-17 21:02:08.696
ETH,SELL,0.1000,532602.000,2024-07-17 21:02:40.735
ETH,SELL,0.0100,532500.000,2024-07-17 21:02:41.454
ETH,SELL,0.0100,532398.000,2024-07-17 21:02:42.528
ETH,SELL,0.1000,532275.000,2024-07-17 21:02:43.882
ETH,SELL,0.0100,532275.000,2024-07-17 21:02:44.047
ETH,SELL,0.8900,532275.000,2024-07-17 21:02:44.098
ETH,SELL,0.2749,530941.000,2024-07-17 21:02:58.425
ETH,SELL,0.1000,530888.000,2024-07-17 21:03:53.355
ETH,SELL,0.7900,530849.000,2024-07-17 21:03:54.758
ETH,SELL,0.0100,530764.000,2024-07-17 21:03:59.731
ETH,SELL,0.1900,530002.000,2024-07-17 21:03:59.731
ETH,SELL,0.0264,530002.000,2024-07-17 21:03:59.841
ETH,SELL,0.1000,530002.000,2024-07-17 21:04:00.044
ETH,SELL,0.0993,530002.000,2024-07-17 21:04:00.172
ETH,SELL,0.1000,530005.000,2024-07-17 21:04:01.788
ETH,BUY,0.0369,530478.000,2024-07-17 21:04:32.263
ETH,BUY,0.0369,531005.000,2024-07-17 21:04:37.077
ETH,BUY,0.0100,530579.000,2024-07-17 21:05:33.216
ETH,BUY,0.0100,530932.000,2024-07-17 21:05:36.928
ETH,BUY,0.0100,530573.000,2024-07-17 21:06:27.311
ETH,BUY,0.0100,530747.000,2024-07-17 21:06:30.773
ETH,BUY,0.1000,530940.000,2024-07-17 21:06:33.752
ETH,BUY,1.0000,531343.000,2024-07-17 21:07:42.886
ETH,BUY,0.1000,531573.000,2024-07-17 21:07:52.290
ETH,BUY,0.0100,531594.000,2024-07-17 21:08:20.567
ETH,BUY,0.0100,531624.000,2024-07-17 21:08:21.367
ETH,BUY,0.0400,531630.000,2024-07-17 21:08:21.367
ETH,BUY,0.0100,531630.000,2024-07-17 21:08:21.588
ETH,BUY,0.0100,531624.000,2024-07-17 21:08:22.157
ETH,BUY,0.0200,531630.000,2024-07-17 21:08:22.157
ETH,BUY,0.0300,531630.000,2024-07-17 21:08:22.216
ETH,BUY,0.0300,531837.000,2024-07-17 21:08:23.493
ETH,SELL,0.1000,531671.000,2024-07-17 21:08:26.494
ETH,BUY,0.0100,531987.000,2024-07-17 21:08:32.222
ETH,BUY,0.0100,532109.000,2024-07-17 21:08:35.035
ETH,BUY,0.0649,532510.000,2024-07-17 21:08:54.252
ETH,BUY,0.2000,532570.000,2024-07-17 21:08:54.252
ETH,BUY,1.0000,532575.000,2024-07-17 21:08:54.252
ETH,BUY,0.0931,532576.000,2024-07-17 21:08:54.252
ETH,BUY,0.0900,532583.000,2024-07-17 21:08:54.252
ETH,BUY,0.1000,532536.000,2024-07-17 21:09:21.550
ETH,BUY,0.2000,532605.000,2024-07-17 21:09:28.396
ETH,BUY,1.0000,532698.000,2024-07-17 21:09:28.396
ETH,BUY,0.0600,532457.000,2024-07-17 21:10:05.726
ETH,BUY,0.0900,532493.000,2024-07-17 21:10:05.726
ETH,BUY,0.0100,532469.000,2024-07-17 21:10:10.379
ETH,BUY,0.6149,532573.000,2024-07-17 21:10:10.379
ETH,BUY,0.1108,532613.000,2024-07-17 21:10:10.379
ETH,BUY,0.6063,532614.000,2024-07-17 21:10:10.379
ETH,BUY,0.0100,532490.000,2024-07-17 21:10:13.997
ETH,SELL,0.2000,532305.000,2024-07-17 21:10:25.228
ETH,SELL,0.0500,532301.000,2024-07-17 21:10:25.228
ETH,SELL,0.0100,532238.000,2024-07-17 21:11:22.337
ETH,BUY,0.0150,531078.000,2024-07-17 21:12:26.231
ETH,SELL,0.0900,530935.000,2024-07-17 21:12:26.329
ETH,SELL,0.0600,530933.000,2024-07-17 21:12:26.329
ETH,SELL,0.1000,531151.000,2024-07-17 21:13:30.353
ETH,SELL,0.1000,530985.000,2024-07-17 21:13:30.353
ETH,SELL,1.0000,531266.000,2024-07-17 21:14:04.844
ETH,SELL,1.4900,531247.000,2024-07-17 21:14:04.844
ETH,SELL,0.9300,531246.000,2024-07-17 21:14:04.844
ETH,BUY,0.0388,530976.000,2024-07-17 21:14:06.085
ETH,BUY,0.0349,530982.000,2024-07-17 21:14:06.085
ETH,BUY,0.0200,530970.000,2024-07-17 21:14:07.650
ETH,BUY,0.0364,530970.000,2024-07-17 21:14:07.839
ETH,BUY,0.0952,530982.000,2024-07-17 21:14:09.432
ETH,BUY,0.0128,530982.000,2024-07-17 21:14:23.038
ETH,BUY,0.0459,530982.000,2024-07-17 21:14:24.630
ETH,BUY,0.0247,530982.000,2024-07-17 21:14:27.891
ETH,BUY,0.0178,530982.000,2024-07-17 21:14:36.237
ETH,BUY,0.0100,530982.000,2024-07-17 21:14:37.104
ETH,BUY,0.0300,530982.000,2024-07-17 21:14:37.135
ETH,BUY,0.0700,530982.000,2024-07-17 21:14:37.136
ETH,BUY,0.0300,530982.000,2024-07-17 21:14:37.687
ETH,BUY,0.0100,530982.000,2024-07-17 21:14:37.694
ETH,BUY,0.1987,530982.000,2024-07-17 21:14:37.701
ETH,BUY,0.0013,531497.000,2024-07-17 21:14:37.701
ETH,BUY,0.3200,531497.000,2024-07-17 21:14:38.102
ETH,BUY,0.0100,531485.000,2024-07-17 21:14:39.680
ETH,BUY,0.0900,531497.000,2024-07-17 21:14:39.680
ETH,BUY,0.0100,531694.000,2024-07-17 21:14:52.043
ETH,BUY,0.0100,531597.000,2024-07-17 21:16:18.154
ETH,BUY,0.0100,531603.000,2024-07-17 21:16:18.206
ETH,BUY,0.0100,531610.000,2024-07-17 21:16:23.538
ETH,BUY,0.0900,531116.000,2024-07-17 21:17:20.205
ETH,BUY,0.0600,531222.000,2024-07-17 21:17:20.205
ETH,BUY,0.0500,531274.000,2024-07-17 21:17:20.205
ETH,BUY,0.1000,530986.000,2024-07-17 21:17:59.089
ETH,BUY,0.1000,530992.000,2024-07-17 21:17:59.089
ETH,BUY,0.1992,531326.000,2024-07-17 21:18:42.203
ETH,BUY,0.0100,531591.000,2024-07-17 21:19:09.306
ETH,BUY,0.0100,531597.000,2024-07-17 21:19:09.306
ETH,BUY,0.1800,531677.000,2024-07-17 21:19:09.306
ETH,BUY,0.0200,531677.000,2024-07-17 21:19:14.562
ETH,BUY,0.3000,531572.000,2024-07-17 21:23:45.621
ETH,BUY,0.0100,531803.000,2024-07-17 21:23:57.633
ETH,BUY,0.0050,531810.000,2024-07-17 21:23:57.633
ETH,BUY,0.0100,531797.000,2024-07-17 21:24:08.602
ETH,BUY,0.0100,531938.000,2024-07-17 21:24:51.892
ETH,BUY,0.0100,532081.000,2024-07-17 21:24:58.025
ETH,SELL,0.0100,531716.000,2024-07-17 21:27:18.809
ETH,BUY,0.3381,532184.000,2024-07-17 21:28:46.684
ETH,BUY,0.0700,532184.000,2024-07-17 21:28:46.793
ETH,BUY,0.1000,532205.000,2024-07-17 21:28:48.467
ETH,BUY,0.2000,532276.000,2024-07-17 21:29:39.109
ETH,BUY,0.0100,534024.000,2024-07-17 21:36:42.710
ETH,BUY,0.1700,534029.000,2024-07-17 21:36:42.710
ETH,BUY,0.0100,534098.000,2024-07-17 21:36:45.926
ETH,BUY,0.0100,534496.000,2024-07-17 21:42:55.447
ETH,BUY,0.1685,534501.000,2024-07-17 21:42:55.447
ETH,BUY,1.3215,534506.000,2024-07-17 21:42:55.447
ETH,BUY,0.0100,534496.000,2024-07-17 21:42:58.927
ETH,BUY,0.1500,534526.000,2024-07-17 21:43:03.811
ETH,BUY,0.0100,534455.000,2024-07-17 21:43:10.339
ETH,BUY,0.0100,534271.000,2024-07-17 21:43:13.434
ETH,BUY,0.0100,534184.000,2024-07-17 21:44:13.329
ETH,BUY,0.0100,534180.000,2024-07-17 21:44:15.955
ETH,BUY,0.0100,533494.000,2024-07-17 21:47:45.185
ETH,BUY,0.3900,533500.000,2024-07-17 21:47:45.185
ETH,BUY,0.0100,533500.000,2024-07-17 21:47:48.501
ETH,BUY,0.0226,533500.000,2024-07-17 21:48:06.767
ETH,BUY,0.0398,533500.000,2024-07-17 21:48:08.430
ETH,BUY,1.5376,533500.000,2024-07-17 21:48:09.777
ETH,BUY,0.0100,533922.000,2024-07-17 21:51:58.276
ETH,BUY,0.0900,533927.000,2024-07-17 21:51:58.276
ETH,BUY,0.0100,533926.000,2024-07-17 21:52:01.556
ETH,BUY,0.0108,533991.000,2024-07-17 21:54:24.211
ETH,BUY,0.0108,534290.000,2024-07-17 21:54:26.987
ETH,SELL,0.0700,533687.000,2024-07-17 21:59:23.612
ETH,SELL,0.0300,533687.000,2024-07-17 21:59:30.454
ETH,SELL,0.0700,533687.000,2024-07-17 21:59:30.533
ETH,SELL,0.0100,533687.000,2024-07-17 21:59:30.641
ETH,SELL,0.0100,533687.000,2024-07-17 21:59:31.106
ETH,SELL,0.0200,533687.000,2024-07-17 21:59:31.108
ETH,SELL,0.2595,533687.000,2024-07-17 21:59:31.324
ETH,SELL,0.3000,533136.000,2024-07-17 21:59:32.478
ETH,BUY,0.0139,533518.000,2024-07-17 22:02:21.874
ETH,BUY,0.1861,533524.000,2024-07-17 22:02:21.874
ETH,BUY,0.0139,533475.000,2024-07-17 22:02:25.007
ETH,BUY,0.0100,533523.000,2024-07-17 22:03:10.514
ETH,BUY,0.0100,533494.000,2024-07-17 22:07:03.608
ETH,BUY,0.0300,533675.000,2024-07-17 22:07:03.608
ETH,BUY,0.0100,533686.000,2024-07-17 22:07:06.455
ETH,BUY,0.2000,533628.000,2024-07-17 22:09:22.779
ETH,BUY,0.0100,532867.000,2024-07-17 22:10:01.312
ETH,SELL,0.0150,532045.000,2024-07-17 22:14:30.627
ETH,SELL,0.0265,532050.000,2024-07-17 22:16:53.393
ETH,SELL,0.0232,532045.000,2024-07-17 22:16:56.612
ETH,SELL,0.0366,532045.000,2024-07-17 22:17:06.198
ETH,SELL,0.3302,532045.000,2024-07-17 22:17:07.714
ETH,SELL,0.0200,531568.000,2024-07-17 22:17:09.355
ETH,SELL,0.0100,531568.000,2024-07-17 22:17:09.476
ETH,SELL,0.0300,531568.000,2024-07-17 22:17:09.589
ETH,BUY,0.0600,531448.000,2024-07-17 22:18:39.399
ETH,BUY,0.0100,531498.000,2024-07-17 22:18:39.399
ETH,BUY,0.1300,531508.000,2024-07-17 22:18:39.399
ETH,BUY,0.0100,531501.000,2024-07-17 22:18:41.953
ETH,SELL,0.2000,530985.000,2024-07-17 22:19:44.936
ETH,SELL,0.0585,530700.000,2024-07-17 22:19:44.936
ETH,SELL,1.0000,530700.000,2024-07-17 22:19:44.936
ETH,SELL,0.4015,530698.000,2024-07-17 22:19:44.936
ETH,BUY,0.0100,531332.000,2024-07-17 22:21:55.931
ETH,BUY,0.0150,531366.000,2024-07-17 22:21:55.931
ETH,BUY,0.0100,531322.000,2024-07-17 22:21:59.602
ETH,BUY,0.0100,531481.000,2024-07-17 22:24:02.304
ETH,BUY,0.3865,531719.000,2024-07-17 22:24:02.304
ETH,BUY,0.1035,531777.000,2024-07-17 22:24:02.304
ETH,BUY,0.0100,531771.000,2024-07-17 22:24:05.462
ETH,BUY,0.0100,532409.000,2024-07-17 22:24:49.148
ETH,BUY,0.0100,532409.000,2024-07-17 22:24:49.229
ETH,BUY,0.0100,532427.000,2024-07-17 22:26:42.425
ETH,BUY,0.0100,532585.000,2024-07-17 22:26:45.478
ETH,SELL,0.0280,532578.000,2024-07-17 22:28:39.981
ETH,BUY,0.0172,532829.000,2024-07-17 22:29:10.396
ETH,BUY,0.0828,532877.000,2024-07-17 22:29:10.396
ETH,BUY,0.0172,532915.000,2024-07-17 22:29:13.415
ETH,SELL,0.4744,531821.000,2024-07-17 22:31:28.193
ETH,BUY,0.0100,531862.000,2024-07-17 22:32:52.554
ETH,BUY,0.0100,531521.000,2024-07-17 22:35:14.828
ETH,BUY,0.0100,531526.000,2024-07-17 22:35:14.828
ETH,BUY,0.0100,531123.000,2024-07-17 22:35:24.418
ETH,SELL,0.0100,530798.000,2024-07-17 22:35:44.749
ETH,SELL,0.1900,530221.000,2024-07-17 22:35:44.749
ETH,BUY,0.0100,530290.000,2024-07-17 22:37:07.324
ETH,BUY,0.0100,530497.000,2024-07-17 22:37:10.546
ETH,BUY,0.0100,530731.000,2024-07-17 22:37:19.433
ETH,BUY,1.1056,530743.000,2024-07-17 22:37:19.433
ETH,BUY,0.0100,530853.000,2024-07-17 22:37:22.448
ETH,BUY,1.0000,531083.000,2024-07-17 22:37:32.362
ETH,BUY,0.0100,531085.000,2024-07-17 22:37:32.362
ETH,BUY,0.6666,531154.000,2024-07-17 22:37:32.362
ETH,BUY,1.0000,531193.000,2024-07-17 22:37:32.362
ETH,BUY,0.0800,531200.000,2024-07-17 22:37:32.362
ETH,BUY,0.0100,531215.000,2024-07-17 22:37:35.444
ETH,BUY,0.0100,531095.000,2024-07-17 22:38:25.805
ETH,BUY,0.0900,531220.000,2024-07-17 22:38:25.805
ETH,BUY,0.9444,531220.000,2024-07-17 22:38:25.805
ETH,BUY,0.0100,531331.000,2024-07-17 22:38:29.065
ETH,BUY,0.0834,531337.000,2024-07-17 22:38:33.995
ETH,SELL,0.0600,531112.000,2024-07-17 22:41:20.551
ETH,SELL,0.0629,530768.000,2024-07-17 22:52:20.481
ETH,SELL,0.1600,530524.000,2024-07-17 22:52:26.536
ETH,BUY,0.0100,530629.000,2024-07-17 22:53:48.824
ETH,BUY,0.0100,530816.000,2024-07-17 22:53:51.484
ETH,BUY,0.0105,530874.000,2024-07-17 22:54:02.620
ETH,BUY,0.0100,530885.000,2024-07-17 23:00:17.552
ETH,BUY,0.0900,530961.000,2024-07-17 23:00:17.552
ETH,BUY,0.0100,530988.000,2024-07-17 23:00:21.012
ETH,BUY,0.0100,530953.000,2024-07-17 23:01:20.774
ETH,BUY,0.0100,530988.000,2024-07-17 23:01:23.440
ETH,BUY,0.0600,530988.000,2024-07-17 23:02:27.766
ETH,BUY,0.2229,531095.000,2024-07-17 23:02:27.766
ETH,BUY,0.0081,531129.000,2024-07-17 23:02:48.228
ETH,SELL,0.0300,530966.000,2024-07-17 23:03:15.717
ETH,SELL,0.2600,530940.000,2024-07-17 23:03:15.717
ETH,SELL,0.0200,530488.000,2024-07-17 23:04:59.604
ETH,SELL,0.0261,530488.000,2024-07-17 23:05:01.223
ETH,SELL,0.0442,530488.000,2024-07-17 23:05:06.739
ETH,BUY,0.0788,530489.000,2024-07-17 23:05:06.889
ETH,SELL,0.0097,530488.000,2024-07-17 23:05:21.736
ETH,SELL,0.0610,530105.000,2024-07-17 23:05:21.736
ETH,SELL,0.1000,530000.000,2024-07-17 23:05:22.555
ETH,SELL,0.0200,530000.000,2024-07-17 23:05:22.555
ETH,SELL,0.0100,530000.000,2024-07-17 23:05:22.555
ETH,SELL,0.0100,530000.000,2024-07-17 23:05:22.555
ETH,SELL,0.0100,530000.000,2024-07-17 23:05:22.555
ETH,SELL,0.0100,530000.000,2024-07-17 23:05:22.555
ETH,SELL,0.0300,530000.000,2024-07-17 23:05:22.555
ETH,SELL,1.8100,530000.000,2024-07-17 23:05:22.555
ETH,SELL,1.1900,530000.000,2024-07-17 23:05:23.099
ETH,SELL,0.1293,529415.000,2024-07-17 23:05:23.324
ETH,SELL,0.0200,529597.000,2024-07-17 23:06:18.223
ETH,SELL,0.1000,529597.000,2024-07-17 23:06:19.309
ETH,BUY,0.0378,529340.000,2024-07-17 23:07:30.546
ETH,BUY,0.0622,529351.000,2024-07-17 23:07:30.546
ETH,BUY,0.0459,529349.000,2024-07-17 23:07:33.496
ETH,SELL,0.2300,529037.000,2024-07-17 23:09:27.212
ETH,BUY,0.1000,529001.000,2024-07-17 23:13:14.301
ETH,BUY,0.0100,529041.000,2024-07-17 23:13:34.153
ETH,BUY,0.0900,529047.000,2024-07-17 23:13:34.153
ETH,BUY,0.0100,529103.000,2024-07-17 23:13:36.646
ETH,BUY,0.0100,529238.000,2024-07-17 23:18:02.807
ETH,BUY,0.0075,529308.000,2024-07-17 23:18:02.807
ETH,BUY,0.0100,529402.000,2024-07-17 23:18:12.458
ETH,BUY,0.0100,529406.000,2024-07-17 23:19:44.097
ETH,BUY,0.0100,529482.000,2024-07-17 23:19:46.449
ETH,BUY,0.0100,529432.000,2024-07-17 23:21:44.761
ETH,BUY,0.0800,529465.000,2024-07-17 23:21:44.761
ETH,BUY,1.9100,529511.000,2024-07-17 23:21:44.761
ETH,BUY,0.0100,529504.000,2024-07-17 23:21:48.700
ETH,BUY,0.0419,529509.000,2024-07-17 23:21:48.700
ETH,BUY,0.1000,529531.000,2024-07-17 23:21:48.700
ETH,BUY,1.1481,529598.000,2024-07-17 23:21:48.700
ETH,BUY,0.0100,529598.000,2024-07-17 23:21:49.061
ETH,BUY,0.0100,529656.000,2024-07-17 23:21:54.463
ETH,BUY,0.1234,529517.000,2024-07-17 23:22:29.162
ETH,BUY,0.0100,529602.000,2024-07-17 23:23:54.247
ETH,BUY,0.0100,529656.000,2024-07-17 23:23:56.942
ETH,BUY,0.0100,529656.000,2024-07-17 23:25:31.996
ETH,BUY,0.0100,529679.000,2024-07-17 23:25:31.996
ETH,BUY,0.0100,529764.000,2024-07-17 23:25:35.485
ETH,BUY,0.0848,529989.000,2024-07-17 23:26:51.648
ETH,BUY,0.0848,530249.000,2024-07-17 23:26:54.474
ETH,BUY,0.1000,529920.000,2024-07-17 23:34:47.753
ETH,SELL,0.0900,530066.000,2024-07-17 23:36:13.782
ETH,SELL,0.0200,530013.000,2024-07-17 23:36:13.782
ETH,SELL,0.1000,529730.000,2024-07-17 23:38:33.010
ETH,SELL,0.1800,529517.000,2024-07-17 23:39:37.091
ETH,BUY,0.0100,529729.000,2024-07-17 23:39:37.440
ETH,BUY,0.1900,529743.000,2024-07-17 23:39:37.440
ETH,BUY,0.0100,529825.000,2024-07-17 23:39:40.459
ETH,BUY,0.1000,529518.000,2024-07-17 23:41:49.114
ETH,BUY,0.0200,529518.000,2024-07-17 23:41:49.114
ETH,BUY,0.1100,529518.000,2024-07-17 23:41:49.114
ETH,BUY,0.0900,529521.000,2024-07-17 23:41:49.114
ETH,BUY,0.1800,529855.000,2024-07-17 23:41:49.114
ETH,SELL,0.0100,529517.000,2024-07-17 23:43:31.331
ETH,SELL,0.0400,529517.000,2024-07-17 23:43:31.331
ETH,SELL,0.0500,529511.000,2024-07-17 23:43:50.999
ETH,SELL,0.0100,529402.000,2024-07-17 23:46:04.766
ETH,BUY,0.0278,529154.000,2024-07-17 23:46:29.961
ETH,BUY,0.0132,529172.000,2024-07-17 23:46:29.961
ETH,BUY,0.0278,529132.000,2024-07-17 23:46:32.504
ETH,SELL,0.0200,529002.000,2024-07-17 23:49:51.269
ETH,SELL,0.1000,529002.000,2024-07-17 23:50:30.432
ETH,SELL,0.0161,529002.000,2024-07-17 23:50:35.305
ETH,SELL,0.0132,529002.000,2024-07-17 23:50:38.738
ETH,SELL,0.8507,529002.000,2024-07-17 23:50:39.249
ETH,SELL,0.6000,529002.000,2024-07-17 23:50:39.249
ETH,SELL,0.0100,529002.000,2024-07-17 23:50:39.249
ETH,SELL,0.0100,529000.000,2024-07-17 23:50:40.342
ETH,SELL,0.0276,529000.000,2024-07-17 23:50:40.342
ETH,SELL,0.0122,529000.000,2024-07-17 23:50:44.491
ETH,SELL,0.8601,529000.000,2024-07-17 23:50:46.611
ETH,SELL,0.0001,529000.000,2024-07-17 23:50:46.917
ETH,BUY,0.0700,528901.000,2024-07-17 23:50:53.387
ETH,BUY,0.0800,528901.000,2024-07-17 23:50:53.387
ETH,BUY,0.0100,529045.000,2024-07-17 23:50:53.387
ETH,BUY,0.0100,529047.000,2024-07-17 23:50:53.387
ETH,SELL,0.0100,528900.000,2024-07-17 23:51:01.528
ETH,SELL,0.0300,528600.000,2024-07-17 23:51:01.937
ETH,SELL,0.1700,528500.000,2024-07-17 23:51:01.937
ETH,BUY,0.0100,528526.000,2024-07-17 23:51:49.411
ETH,BUY,0.0900,528501.000,2024-07-17 23:52:11.647
ETH,SELL,0.1000,528500.000,2024-07-17 23:52:48.001
ETH,BUY,0.0300,528501.000,2024-07-17 23:52:52.759
ETH,SELL,0.0200,528500.000,2024-07-17 23:52:56.270
ETH,SELL,0.0600,528500.000,2024-07-17 23:53:01.107
ETH,SELL,0.0200,528500.000,2024-07-17 23:54:13.100
ETH,SELL,0.0842,528500.000,2024-07-17 23:55:16.941
ETH,BUY,0.0210,528501.000,2024-07-17 23:55:20.584
ETH,SELL,0.0100,528500.000,2024-07-17 23:55:22.438
ETH,SELL,0.0100,528500.000,2024-07-17 23:55:35.449
ETH,SELL,0.0286,528553.000,2024-07-17 23:56:22.944
ETH,SELL,0.0186,528669.000,2024-07-17 23:56:28.437
ETH,SELL,0.0153,528901.000,2024-07-17 23:56:53.421
ETH,SELL,0.0124,528501.000,2024-07-17 23:57:36.434
ETH,SELL,0.0213,528500.000,2024-07-17 23:59:23.954
ETH,SELL,0.0300,528814.000,2024-07-18 00:01:11.113
ETH,SELL,0.0700,528801.000,2024-07-18 00:01:11.113
ETH,SELL,0.1000,528814.000,2024-07-18 00:01:13.045
ETH,SELL,0.0100,528501.000,2024-07-18 00:01:53.424
ETH,SELL,0.0300,528577.000,2024-07-18 00:03:27.483
ETH,BUY,0.1000,529110.000,2024-07-18 00:04:38.046
ETH,BUY,0.3939,529132.000,2024-07-18 00:04:48.048
ETH,BUY,1.3851,529132.000,2024-07-18 00:04:50.642
ETH,BUY,0.3000,529185.000,2024-07-18 00:04:53.147
ETH,BUY,1.0000,529195.000,2024-07-18 00:04:55.748
ETH,BUY,0.6200,529213.000,2024-07-18 00:04:59.561
ETH,BUY,0.0700,529402.000,2024-07-18 00:05:28.428
ETH,BUY,0.1700,529402.000,2024-07-18 00:05:28.604
ETH,BUY,0.0100,529403.000,2024-07-18 00:05:28.604
ETH,BUY,0.0900,529438.000,2024-07-18 00:05:28.604
ETH,BUY,0.1000,529689.000,2024-07-18 00:05:29.519
ETH,SELL,0.1000,529380.000,2024-07-18 00:05:49.404
ETH,BUY,0.1000,529442.000,2024-07-18 00:05:51.643
ETH,BUY,0.2000,529656.000,2024-07-18 00:05:51.643
ETH,SELL,0.0789,529713.000,2024-07-18 00:05:54.952
ETH,SELL,0.0100,529540.000,2024-07-18 00:06:16.937
ETH,SELL,0.0100,529315.000,2024-07-18 00:06:34.424
ETH,SELL,0.0011,529418.000,2024-07-18 00:06:39.929
ETH,SELL,0.0089,528881.000,2024-07-18 00:06:39.929
ETH,SELL,0.0100,528771.000,2024-07-18 00:07:45.463
ETH,SELL,0.0010,528693.000,2024-07-18 00:07:45.463
ETH,SELL,0.0510,528638.000,2024-07-18 00:07:50.953
ETH,SELL,0.0480,528638.000,2024-07-18 00:07:51.293
ETH,SELL,0.0045,528500.000,2024-07-18 00:07:51.293
ETH,SELL,0.0100,528500.000,2024-07-18 00:07:51.293
ETH,SELL,0.0075,528450.000,2024-07-18 00:07:51.293
ETH,SELL,0.0025,528450.000,2024-07-18 00:07:53.871
ETH,SELL,0.0200,528152.000,2024-07-18 00:07:53.871
ETH,SELL,0.0800,528066.000,2024-07-18 00:07:53.871
ETH,SELL,0.0707,528065.000,2024-07-18 00:07:53.871
ETH,SELL,0.0967,528062.000,2024-07-18 00:07:53.871
ETH,SELL,0.1000,528002.000,2024-07-18 00:07:55.438
ETH,SELL,0.0128,528001.000,2024-07-18 00:08:51.956
ETH,SELL,0.2000,528001.000,2024-07-18 00:08:52.500
ETH,SELL,0.0107,528001.000,2024-07-18 00:08:57.460
ETH,SELL,0.0500,528001.000,2024-07-18 00:09:42.314
ETH,SELL,0.0440,528400.000,2024-07-18 00:11:37.431
ETH,SELL,0.3149,528400.000,2024-07-18 00:11:38.488
ETH,SELL,1.7001,528400.000,2024-07-18 00:11:40.025
ETH,SELL,0.6089,528400.000,2024-07-18 00:11:40.473
ETH,SELL,1.5975,528400.000,2024-07-18 00:11:40.801
ETH,SELL,1.8144,528400.000,2024-07-18 00:11:41.427
ETH,SELL,0.0002,528400.000,2024-07-18 00:12:00.930
ETH,SELL,0.0632,528001.000,2024-07-18 00:12:00.930
ETH,SELL,0.1000,528001.000,2024-07-18 00:12:40.956
ETH,SELL,0.5633,528001.000,2024-07-18 00:14:00.658
ETH,SELL,1.7000,528001.000,2024-07-18 00:14:00.658
ETH,SELL,1.7000,528001.000,2024-07-18 00:14:00.658
ETH,SELL,0.2367,528001.000,2024-07-18 00:14:00.658
ETH,SELL,0.0300,528000.000,2024-07-18 00:14:18.164
ETH,SELL,0.0200,528000.000,2024-07-18 00:14:18.218
ETH,SELL,0.0100,528000.000,2024-07-18 00:14:18.218
ETH,SELL,0.9700,528000.000,2024-07-18 00:14:18.218
ETH,SELL,1.0000,527574.000,2024-07-18 00:15:01.287
ETH,SELL,0.2100,527574.000,2024-07-18 00:15:01.287
ETH,SELL,0.1000,528185.000,2024-07-18 00:15:53.416
ETH,BUY,0.2740,528364.000,2024-07-18 00:16:34.406
ETH,BUY,0.6000,528364.000,2024-07-18 00:16:35.592
ETH,BUY,0.0418,528364.000,2024-07-18 00:16:35.836
ETH,SELL,0.0113,528364.000,2024-07-18 00:17:10.919
ETH,BUY,0.0500,528365.000,2024-07-18 00:17:50.253
ETH,BUY,1.0000,528365.000,2024-07-18 00:17:50.253
ETH,BUY,0.0400,528379.000,2024-07-18 00:17:50.253
ETH,BUY,0.9100,528380.000,2024-07-18 00:17:50.253
ETH,SELL,0.0564,528364.000,2024-07-18 00:18:28.084
ETH,SELL,0.0427,528297.000,2024-07-18 00:19:48.014
ETH,BUY,0.1000,528290.000,2024-07-18 00:20:20.798
ETH,BUY,0.0900,528290.000,2024-07-18 00:20:20.798
ETH,BUY,0.0427,528290.000,2024-07-18 00:20:20.798
ETH,BUY,0.7673,528290.000,2024-07-18 00:20:20.798
ETH,SELL,0.0314,528289.000,2024-07-18 00:20:23.890
ETH,SELL,0.0100,528000.000,2024-07-18 00:20:23.890
ETH,SELL,0.0586,527890.000,2024-07-18 00:20:23.890
ETH,SELL,0.0276,527971.000,2024-07-18 00:20:30.935
ETH,SELL,0.0300,527755.000,2024-07-18 00:20:43.928
ETH,SELL,0.0699,528143.000,2024-07-18 00:20:52.442
ETH,SELL,0.0300,528002.000,2024-07-18 00:21:16.404
ETH,SELL,0.0700,527909.000,2024-07-18 00:21:16.404
ETH,SELL,0.0106,528270.000,2024-07-18 00:21:38.421
ETH,SELL,0.0329,528070.000,2024-07-18 00:21:52.396
ETH,BUY,0.3000,527977.000,2024-07-18 00:22:23.822
ETH,SELL,0.0161,527976.000,2024-07-18 00:22:25.944
ETH,SELL,0.0200,527936.000,2024-07-18 00:22:43.427
ETH,BUY,0.0100,528210.000,2024-07-18 00:23:07.204
ETH,SELL,0.0261,527940.000,2024-07-18 00:23:48.977
ETH,SELL,0.0108,527996.000,2024-07-18 00:25:40.969
ETH,SELL,0.0137,528228.000,2024-07-18 00:26:13.426
ETH,SELL,0.0273,528655.000,2024-07-18 00:26:50.063
ETH,SELL,0.9085,528709.000,2024-07-18 00:27:29.781
ETH,BUY,0.0380,528753.000,2024-07-18 00:27:31.577
ETH,BUY,0.0100,528838.000,2024-07-18 00:28:08.397
ETH,BUY,0.0100,528838.000,2024-07-18 00:28:08.863
ETH,SELL,0.0110,528973.000,2024-07-18 00:28:15.951
ETH,SELL,0.0200,528920.000,2024-07-18 00:28:28.839
ETH,SELL,0.0246,528335.000,2024-07-18 00:29:12.425
ETH,BUY,0.0400,529216.000,2024-07-18 00:31:52.318
ETH,BUY,0.1000,529213.000,2024-07-18 00:32:03.369
ETH,SELL,0.0104,530512.000,2024-07-18 00:36:59.922
ETH,BUY,0.0228,530590.000,2024-07-18 00:38:20.952
ETH,SELL,0.0104,530831.000,2024-07-18 00:39:21.918
ETH,SELL,0.2000,531020.000,2024-07-18 00:39:51.808
ETH,SELL,0.0700,531007.000,2024-07-18 00:39:51.808
ETH,BUY,0.1195,531015.000,2024-07-18 00:40:10.291
ETH,SELL,0.0101,531035.000,2024-07-18 00:41:24.427
ETH,SELL,0.0100,531013.000,2024-07-18 00:41:29.948
ETH,BUY,0.0290,531060.000,2024-07-18 00:41:36.483
ETH,BUY,0.0500,531288.000,2024-07-18 00:42:01.267
ETH,SELL,0.0219,531243.000,2024-07-18 00:42:21.925
ETH,SELL,0.1000,530945.000,2024-07-18 00:42:56.768
ETH,SELL,0.0188,530842.000,2024-07-18 00:42:57.435
ETH,SELL,0.0212,530842.000,2024-07-18 00:42:57.905
ETH,SELL,0.0788,530814.000,2024-07-18 00:42:57.905
ETH,BUY,0.0300,530937.000,2024-07-18 00:44:32.452
ETH,BUY,0.0700,530938.000,2024-07-18 00:44:32.452
ETH,BUY,1.0000,530899.000,2024-07-18 00:46:17.384
ETH,SELL,0.0332,530575.000,2024-07-18 00:47:22.511
ETH,BUY,1.0000,530319.000,2024-07-18 00:48:51.129
ETH,BUY,1.6163,530474.000,2024-07-18 00:48:51.129
ETH,BUY,0.8837,530483.000,2024-07-18 00:48:51.129
ETH,SELL,0.0700,530363.000,2024-07-18 00:48:53.043
ETH,BUY,0.2100,530610.000,2024-07-18 00:49:35.082
ETH,BUY,0.2000,531450.000,2024-07-18 00:51:43.743
ETH,BUY,0.5000,531470.000,2024-07-18 00:51:44.746
ETH,BUY,0.5000,531980.000,2024-07-18 00:56:39.399
ETH,SELL,0.0100,531980.000,2024-07-18 00:59:26.648
ETH,SELL,0.6883,531621.000,2024-07-18 00:59:26.648
ETH,BUY,0.0900,531961.000,2024-07-18 01:01:37.878
ETH,BUY,0.0200,532113.000,2024-07-18 01:01:37.878
ETH,BUY,0.8900,532140.000,2024-07-18 01:01:37.878
ETH,BUY,0.1000,531965.000,2024-07-18 01:01:59.629
ETH,SELL,0.0131,531618.000,2024-07-18 01:03:51.929
ETH,SELL,0.0900,532135.000,2024-07-18 01:04:56.466
ETH,SELL,0.0200,532065.000,2024-07-18 01:04:56.466
ETH,BUY,0.5000,532444.000,2024-07-18 01:10:32.342
ETH,BUY,0.0100,532341.000,2024-07-18 01:11:45.956
ETH,BUY,0.1000,531952.000,2024-07-18 01:14:23.391
ETH,SELL,0.0194,532583.000,2024-07-18 01:15:31.919
ETH,SELL,0.0100,532599.000,2024-07-18 01:15:37.461
ETH,SELL,0.0066,532584.000,2024-07-18 01:15:37.461
ETH,SELL,0.0111,532599.000,2024-07-18 01:15:53.463
ETH,SELL,0.0438,532599.000,2024-07-18 01:15:58.929
ETH,BUY,0.0100,532600.000,2024-07-18 01:16:08.066
ETH,SELL,0.0199,533300.000,2024-07-18 01:16:23.932
ETH,SELL,0.0900,533300.000,2024-07-18 01:16:26.906
ETH,SELL,0.0100,533280.000,2024-07-18 01:16:26.906
ETH,SELL,0.0700,533300.000,2024-07-18 01:16:31.149
ETH,SELL,0.0500,533279.000,2024-07-18 01:16:33.939
ETH,SELL,0.6299,533280.000,2024-07-18 01:16:34.427
ETH,SELL,0.2163,533279.000,2024-07-18 01:16:35.277
ETH,BUY,0.0850,533105.000,2024-07-18 01:17:39.376
ETH,BUY,0.0250,533374.000,2024-07-18 01:17:47.269
ETH,SELL,0.0156,533080.000,2024-07-18 01:17:54.435
ETH,SELL,0.0100,533049.000,2024-07-18 01:17:59.942
ETH,SELL,0.1000,533493.000,2024-07-18 01:18:33.951
ETH,SELL,0.1000,533424.000,2024-07-18 01:18:36.974
ETH,SELL,0.0445,533424.000,2024-07-18 01:18:36.975
ETH,SELL,0.1000,533359.000,2024-07-18 01:18:40.001
ETH,SELL,0.0555,533359.000,2024-07-18 01:18:42.421
ETH,SELL,0.1000,533329.000,2024-07-18 01:18:42.952
ETH,BUY,0.6365,533401.000,2024-07-18 01:20:33.578
ETH,BUY,1.2635,533401.000,2024-07-18 01:20:33.578
ETH,BUY,0.0900,533262.000,2024-07-18 01:20:49.898
ETH,BUY,0.3200,533380.000,2024-07-18 01:20:49.898
ETH,SELL,0.5000,533578.000,2024-07-18 01:23:58.141
ETH,BUY,1.0000,533521.000,2024-07-18 01:24:37.797
ETH,BUY,0.1000,533641.000,2024-07-18 01:24:37.797
ETH,BUY,1.0000,533688.000,2024-07-18 01:24:37.797
ETH,BUY,0.1000,533828.000,2024-07-18 01:24:37.797
ETH,BUY,1.0000,533851.000,2024-07-18 01:24:37.797
ETH,BUY,2.7500,533890.000,2024-07-18 01:24:37.797
ETH,BUY,0.2000,533995.000,2024-07-18 01:25:12.092
ETH,BUY,0.2500,534006.000,2024-07-18 01:25:12.092
ETH,BUY,0.0500,534006.000,2024-07-18 01:25:12.092
ETH,SELL,0.0100,534000.000,2024-07-18 01:25:39.509
ETH,SELL,0.0100,533278.000,2024-07-18 01:25:45.113
ETH,SELL,0.0100,533150.000,2024-07-18 01:25:46.223
ETH,SELL,0.0100,533656.000,2024-07-18 01:28:13.460
ETH,SELL,0.0100,533656.000,2024-07-18 01:28:27.930
ETH,BUY,0.1000,533992.000,2024-07-18 01:29:07.561
ETH,SELL,0.1258,534005.000,2024-07-18 01:32:38.570
ETH,SELL,0.0467,534000.000,2024-07-18 01:32:39.448
ETH,SELL,0.4555,534000.000,2024-07-18 01:32:45.705
ETH,SELL,0.0998,534000.000,2024-07-18 01:32:47.311
ETH,SELL,0.0410,534000.000,2024-07-18 01:32:51.428
ETH,SELL,0.0243,534000.000,2024-07-18 01:34:34.429
ETH,SELL,1.9325,534000.000,2024-07-18 01:36:34.120
ETH,BUY,0.0800,534001.000,2024-07-18 01:38:19.022
ETH,BUY,2.0000,534151.000,2024-07-18 01:38:56.423
ETH,BUY,0.3900,534383.000,2024-07-18 01:39:08.448
ETH,BUY,1.6100,534412.000,2024-07-18 01:39:08.448
ETH,BUY,0.0100,534389.000,2024-07-18 01:39:21.969
ETH,BUY,0.0937,534469.000,2024-07-18 01:39:21.969
ETH,BUY,0.8500,534470.000,2024-07-18 01:39:21.969
ETH,BUY,1.0463,534499.000,2024-07-18 01:39:21.969
ETH,BUY,2.0000,534528.000,2024-07-18 01:40:39.735
ETH,BUY,2.0000,534557.000,2024-07-18 01:40:55.314
ETH,BUY,1.0260,534586.000,2024-07-18 01:41:10.296
ETH,BUY,2.0000,534992.000,2024-07-18 01:41:46.286
ETH,BUY,0.0100,535000.000,2024-07-18 01:41:59.983
ETH,BUY,2.0030,535079.000,2024-07-18 01:41:59.983
ETH,SELL,0.0100,535000.000,2024-07-18 01:42:36.985
ETH,SELL,0.0100,534775.000,2024-07-18 01:42:36.985
ETH,BUY,2.0000,535108.000,2024-07-18 01:42:37.299
ETH,BUY,1.2070,535137.000,2024-07-18 01:42:57.360
ETH,BUY,0.3000,535398.000,2024-07-18 01:43:41.024
ETH,BUY,4.0000,535485.000,2024-07-18 01:43:48.307
ETH,BUY,0.1300,535572.000,2024-07-18 01:43:56.606
ETH,BUY,0.1400,535601.000,2024-07-18 01:44:09.375
ETH,BUY,0.5100,535630.000,2024-07-18 01:44:09.375
ETH,BUY,0.4300,535659.000,2024-07-18 01:44:34.037
ETH,BUY,3.1800,535688.000,2024-07-18 01:44:34.037
ETH,BUY,0.0160,535717.000,2024-07-18 01:44:34.489
ETH,SELL,0.5899,535700.000,2024-07-18 01:44:45.915
ETH,SELL,0.0001,535700.000,2024-07-18 01:45:17.916
ETH,SELL,0.0999,535046.000,2024-07-18 01:45:17.916
ETH,SELL,0.0999,535197.000,2024-07-18 01:45:23.457
ETH,SELL,0.0154,534959.000,2024-07-18 01:47:18.430
ETH,BUY,0.0200,535833.000,2024-07-18 01:48:45.296
ETH,SELL,0.0800,535890.000,2024-07-18 01:49:02.645
ETH,SELL,0.0100,536005.000,2024-07-18 01:50:29.995
ETH,SELL,0.0023,535826.000,2024-07-18 01:50:29.995
ETH,SELL,0.0199,535829.000,2024-07-18 01:50:51.930
ETH,SELL,0.0100,535688.000,2024-07-18 01:51:33.434
ETH,SELL,0.0100,535727.000,2024-07-18 01:51:38.919
ETH,SELL,0.0100,535748.000,2024-07-18 01:51:47.434
ETH,BUY,1.0000,535891.000,2024-07-18 01:52:02.030
ETH,BUY,0.0114,535920.000,2024-07-18 01:52:18.420
ETH,SELL,0.0370,535829.000,2024-07-18 01:54:30.669
ETH,SELL,0.7785,535739.000,2024-07-18 01:54:30.669
ETH,BUY,2.0000,535920.000,2024-07-18 01:55:13.096
ETH,BUY,4.0000,535949.000,2024-07-18 01:55:25.549
ETH,BUY,0.0900,536010.000,2024-07-18 01:55:25.549
ETH,BUY,0.2339,536012.000,2024-07-18 01:55:25.549
ETH,BUY,0.1100,536036.000,2024-07-18 01:55:25.549
ETH,BUY,0.2000,536060.000,2024-07-18 01:55:25.549
ETH,BUY,2.3661,536065.000,2024-07-18 01:55:25.549
ETH,BUY,0.6000,536094.000,2024-07-18 01:57:29.667
ETH,BUY,0.0123,536103.000,2024-07-18 01:58:23.123
ETH,BUY,0.0100,536104.000,2024-07-18 01:58:23.123
ETH,BUY,0.0777,536123.000,2024-07-18 01:58:23.123
ETH,SELL,0.0100,536000.000,2024-07-18 01:58:45.562
ETH,SELL,0.0133,535727.000,2024-07-18 01:59:01.429
ETH,BUY,0.0641,536800.000,2024-07-18 02:01:16.778
ETH,BUY,1.6600,536800.000,2024-07-18 02:01:19.200
ETH,BUY,0.1759,536800.000,2024-07-18 02:01:19.288
ETH,SELL,0.0009,536850.000,2024-07-18 02:01:21.400
ETH,SELL,0.0991,536846.000,2024-07-18 02:01:21.400
ETH,SELL,0.1000,536874.000,2024-07-18 02:01:24.436
ETH,SELL,0.1000,536874.000,2024-07-18 02:01:27.602
ETH,BUY,0.0402,536875.000,2024-07-18 02:01:30.711
ETH,SELL,0.1000,536874.000,2024-07-18 02:01:30.820
ETH,SELL,0.1000,536874.000,2024-07-18 02:01:33.488
ETH,SELL,0.1000,536874.000,2024-07-18 02:01:36.947
ETH,SELL,0.1000,536874.000,2024-07-18 02:01:39.895
ETH,SELL,0.1000,536874.000,2024-07-18 02:01:42.923
ETH,BUY,0.0500,536875.000,2024-07-18 02:01:44.297
ETH,SELL,0.1000,536874.000,2024-07-18 02:01:46.066
ETH,SELL,0.1000,536874.000,2024-07-18 02:01:49.195
ETH,SELL,0.1000,536501.000,2024-07-18 02:01:52.172
ETH,SELL,0.1000,536530.000,2024-07-18 02:01:54.686
ETH,SELL,0.1000,536605.000,2024-07-18 02:01:57.838
ETH,SELL,0.1000,536672.000,2024-07-18 02:02:00.781
ETH,SELL,0.0900,536977.000,2024-07-18 02:02:04.034
ETH,SELL,0.0100,536826.000,2024-07-18 02:02:04.034
ETH,BUY,0.1000,537000.000,2024-07-18 02:02:06.129
ETH,SELL,0.0800,536999.000,2024-07-18 02:02:06.999
ETH,SELL,0.0200,536999.000,2024-07-18 02:02:06.999
ETH,SELL,0.0642,537303.000,2024-07-18 02:02:09.702
ETH,BUY,0.0380,537500.000,2024-07-18 02:02:14.561
ETH,BUY,0.1098,537510.000,2024-07-18 02:02:14.561
ETH,BUY,1.0000,537660.000,2024-07-18 02:02:14.561
ETH,BUY,0.3422,537689.000,2024-07-18 02:02:14.561
ETH,BUY,0.1300,538066.000,2024-07-18 02:02:27.520
ETH,BUY,0.0379,537858.000,2024-07-18 02:02:32.651
ETH,BUY,0.0200,537844.000,2024-07-18 02:02:33.726
ETH,BUY,0.0021,537844.000,2024-07-18 02:02:34.360
ETH,BUY,0.1000,537914.000,2024-07-18 02:02:34.942
ETH,BUY,0.4463,537990.000,2024-07-18 02:02:34.942
ETH,BUY,0.1000,537990.000,2024-07-18 02:02:35.102
ETH,BUY,0.1000,537990.000,2024-07-18 02:02:35.211
ETH,BUY,0.3537,537990.000,2024-07-18 02:02:35.311
ETH,BUY,0.6463,538189.000,2024-07-18 02:02:35.311
ETH,BUY,0.0700,538189.000,2024-07-18 02:02:35.637
ETH,BUY,0.2000,538189.000,2024-07-18 02:02:35.637
ETH,BUY,0.0100,538501.000,2024-07-18 02:02:37.602
ETH,SELL,0.0126,538173.000,2024-07-18 02:02:38.427
ETH,BUY,0.0919,538588.000,2024-07-18 02:02:40.995
ETH,BUY,0.0380,538700.000,2024-07-18 02:03:02.124
ETH,BUY,0.1000,538700.000,2024-07-18 02:03:02.124
ETH,BUY,1.1620,538704.000,2024-07-18 02:03:02.124
ETH,SELL,0.1000,538692.000,2024-07-18 02:03:05.723
ETH,SELL,0.2000,538601.000,2024-07-18 02:03:05.940
ETH,BUY,0.5500,538693.000,2024-07-18 02:03:06.460
ETH,BUY,0.0990,538724.000,2024-07-18 02:03:06.460
ETH,BUY,9.3510,538762.000,2024-07-18 02:03:06.460
ETH,SELL,0.0483,538276.000,2024-07-18 02:03:16.963
ETH,SELL,0.0336,538276.000,2024-07-18 02:05:24.936
ETH,SELL,0.0203,538276.000,2024-07-18 02:05:27.246
ETH,SELL,0.0461,538276.000,2024-07-18 02:05:28.856
ETH,SELL,0.0100,538000.000,2024-07-18 02:06:13.618
ETH,SELL,0.0200,537844.000,2024-07-18 02:06:16.949
ETH,BUY,0.0400,537811.000,2024-07-18 02:06:42.415
ETH,BUY,0.0900,537805.000,2024-07-18 02:06:55.414
ETH,BUY,0.5099,537881.000,2024-07-18 02:07:13.230
ETH,BUY,0.0377,537881.000,2024-07-18 02:07:13.311
ETH,BUY,1.5000,537950.000,2024-07-18 02:07:52.706
ETH,SELL,0.0121,537761.000,2024-07-18 02:08:11.922
ETH,SELL,0.0700,537580.000,2024-07-18 02:08:20.246
ETH,SELL,0.0812,537580.000,2024-07-18 02:08:20.762
ETH,SELL,0.0488,537585.000,2024-07-18 02:08:54.940
ETH,SELL,0.0063,537580.000,2024-07-18 02:08:54.940
ETH,SELL,0.0416,537580.000,2024-07-18 02:09:46.987
ETH,SELL,0.0235,537580.000,2024-07-18 02:09:49.426
ETH,SELL,0.0537,537580.000,2024-07-18 02:09:51.256
ETH,SELL,0.0949,537580.000,2024-07-18 02:09:51.264
ETH,SELL,0.0100,537000.000,2024-07-18 02:09:51.530
ETH,SELL,0.3950,536994.000,2024-07-18 02:09:51.530
ETH,SELL,0.0136,536967.000,2024-07-18 02:10:07.941
ETH,SELL,0.0121,536970.000,2024-07-18 02:10:14.935
ETH,SELL,0.0200,536338.000,2024-07-18 02:10:51.964
ETH,BUY,0.0180,536468.000,2024-07-18 02:11:09.027
ETH,SELL,0.0194,536331.000,2024-07-18 02:11:37.938
ETH,SELL,0.0181,536331.000,2024-07-18 02:11:41.938
ETH,SELL,0.0751,536331.000,2024-07-18 02:11:50.193
ETH,SELL,0.0224,536331.000,2024-07-18 02:11:50.933
ETH,SELL,0.0247,536331.000,2024-07-18 02:11:51.995
ETH,SELL,0.0193,536331.000,2024-07-18 02:11:52.097
ETH,SELL,0.0807,536174.000,2024-07-18 02:11:52.097
ETH,SELL,0.1093,536174.000,2024-07-18 02:11:54.094
ETH,SELL,0.0185,536000.000,2024-07-18 02:11:58.933
ETH,SELL,0.0161,536000.000,2024-07-18 02:12:07.199
ETH,SELL,0.0309,536000.000,2024-07-18 02:12:07.456
ETH,SELL,0.0345,536000.000,2024-07-18 02:12:08.251
ETH,SELL,0.0500,535435.000,2024-07-18 02:12:11.108
ETH,SELL,0.0164,534688.000,2024-07-18 02:12:41.437
ETH,SELL,0.0582,535152.000,2024-07-18 02:14:18.431
ETH,SELL,0.7769,535135.000,2024-07-18 02:14:28.243
ETH,SELL,0.0131,534832.000,2024-07-18 02:15:34.453
ETH,SELL,0.0113,534554.000,2024-07-18 02:16:17.448
ETH,BUY,0.1000,534396.000,2024-07-18 02:16:27.916
ETH,BUY,0.0403,534396.000,2024-07-18 02:16:27.916
ETH,BUY,0.0398,534396.000,2024-07-18 02:16:29.153
ETH,BUY,0.0100,534337.000,2024-07-18 02:16:29.993
ETH,SELL,0.0002,534000.000,2024-07-18 02:17:01.923
ETH,SELL,0.0441,534000.000,2024-07-18 02:17:01.923
ETH,SELL,0.1999,533725.000,2024-07-18 02:17:12.346
ETH,BUY,0.1533,533790.000,2024-07-18 02:17:24.898
ETH,BUY,0.0130,533790.000,2024-07-18 02:17:27.889
ETH,BUY,0.0874,533861.000,2024-07-18 02:17:40.776
ETH,BUY,0.1492,533861.000,2024-07-18 02:17:43.698
ETH,BUY,0.0337,533945.000,2024-07-18 02:17:44.606
ETH,BUY,0.0155,533947.000,2024-07-18 02:17:44.606
ETH,SELL,0.2521,533679.000,2024-07-18 02:18:04.456
ETH,SELL,0.0103,533459.000,2024-07-18 02:18:07.423
ETH,SELL,0.0100,533000.000,2024-07-18 02:18:26.446
ETH,SELL,0.0051,532619.000,2024-07-18 02:18:26.446
ETH,BUY,0.2000,533015.000,2024-07-18 02:18:44.307
ETH,SELL,0.1000,533129.000,2024-07-18 02:18:51.611
ETH,SELL,0.0459,532895.000,2024-07-18 02:18:56.996
ETH,BUY,0.0200,532933.000,2024-07-18 02:18:59.756
ETH,BUY,0.0200,533049.000,2024-07-18 02:19:05.746
ETH,BUY,0.0200,533252.000,2024-07-18 02:19:17.741
ETH,BUY,0.0200,533339.000,2024-07-18 02:19:23.789
ETH,BUY,0.0200,533271.000,2024-07-18 02:19:29.746
ETH,BUY,0.0200,533310.000,2024-07-18 02:19:35.739
ETH,BUY,0.0200,533339.000,2024-07-18 02:19:41.759
ETH,BUY,0.0200,533355.000,2024-07-18 02:19:47.785
ETH,BUY,0.0200,533357.000,2024-07-18 02:19:53.754
ETH,BUY,0.0100,533357.000,2024-07-18 02:19:59.296
ETH,BUY,0.0200,533357.000,2024-07-18 02:19:59.758
ETH,BUY,0.0200,533357.000,2024-07-18 02:20:05.738
ETH,BUY,0.0200,533338.000,2024-07-18 02:20:11.738
ETH,BUY,0.0200,533368.000,2024-07-18 02:20:17.740
ETH,BUY,0.0200,533426.000,2024-07-18 02:20:23.739
ETH,BUY,0.0200,533455.000,2024-07-18 02:20:29.749
ETH,BUY,0.0200,533484.000,2024-07-18 02:20:35.759
ETH,BUY,0.0200,533397.000,2024-07-18 02:20:41.748
ETH,SELL,0.8999,533356.000,2024-07-18 02:20:43.846
ETH,SELL,0.0001,533356.000,2024-07-18 02:20:45.924
ETH,SELL,0.0164,532991.000,2024-07-18 02:20:45.924
ETH,BUY,0.0200,533107.000,2024-07-18 02:20:47.745
ETH,BUY,0.0200,533136.000,2024-07-18 02:20:54.016
ETH,BUY,0.0200,533027.000,2024-07-18 02:20:59.752
ETH,BUY,0.0200,532912.000,2024-07-18 02:21:05.751
ETH,BUY,0.0200,532821.000,2024-07-18 02:21:11.767
ETH,BUY,0.0200,532903.000,2024-07-18 02:21:17.767
ETH,BUY,0.0200,532662.000,2024-07-18 02:21:23.757
ETH,BUY,0.0100,532655.000,2024-07-18 02:21:29.765
ETH,BUY,0.0100,532658.000,2024-07-18 02:21:29.765
ETH,SELL,0.0120,532482.000,2024-07-18 02:21:31.932
ETH,BUY,0.0200,532465.000,2024-07-18 02:21:35.765
ETH,BUY,0.0200,532437.000,2024-07-18 02:21:41.788
ETH,SELL,0.0101,532083.000,2024-07-18 02:21:44.950
ETH,BUY,0.0200,532085.000,2024-07-18 02:21:47.764
ETH,BUY,0.0200,532177.000,2024-07-18 02:21:53.751
ETH,SELL,0.0100,532088.000,2024-07-18 02:21:57.944
ETH,BUY,0.0200,532085.000,2024-07-18 02:21:59.787
ETH,BUY,0.0200,532084.000,2024-07-18 02:22:05.778
ETH,BUY,0.0200,532084.000,2024-07-18 02:22:11.757
ETH,BUY,0.0200,532092.000,2024-07-18 02:22:17.805
ETH,BUY,0.0200,532177.000,2024-07-18 02:22:23.782
ETH,BUY,0.0200,532175.000,2024-07-18 02:22:29.756
ETH,BUY,0.0200,532256.000,2024-07-18 02:22:35.787
ETH,BUY,0.0200,532295.000,2024-07-18 02:22:41.793
ETH,BUY,0.0200,532277.000,2024-07-18 02:22:47.771
ETH,BUY,0.0200,532166.000,2024-07-18 02:22:53.770
ETH,BUY,0.0200,532107.000,2024-07-18 02:22:59.804
ETH,BUY,0.0200,532237.000,2024-07-18 02:23:05.758
ETH,BUY,0.0285,532237.000,2024-07-18 02:23:07.611
ETH,BUY,0.5000,532334.000,2024-07-18 02:23:08.630
ETH,BUY,0.1000,532348.000,2024-07-18 02:23:11.458
ETH,BUY,0.0200,532348.000,2024-07-18 02:23:11.822
ETH,BUY,0.8600,532348.000,2024-07-18 02:23:12.912
ETH,BUY,0.0100,532389.000,2024-07-18 02:23:15.637
ETH,BUY,0.4800,532389.000,2024-07-18 02:23:16.365
ETH,BUY,0.0200,532904.000,2024-07-18 02:23:17.808
ETH,BUY,0.0300,533165.000,2024-07-18 02:23:19.851
ETH,BUY,0.1900,533165.000,2024-07-18 02:23:20.237
ETH,BUY,0.3200,533368.000,2024-07-18 02:23:21.406
ETH,BUY,0.0200,533542.000,2024-07-18 02:23:23.770
ETH,BUY,0.4285,533570.000,2024-07-18 02:23:24.493
ETH,BUY,0.3874,533687.000,2024-07-18 02:23:24.493
ETH,BUY,0.0200,533919.000,2024-07-18 02:23:29.800
ETH,BUY,0.0200,533959.000,2024-07-18 02:23:35.766
ETH,BUY,0.0200,534063.000,2024-07-18 02:23:41.763
ETH,BUY,0.0200,534050.000,2024-07-18 02:23:47.776
ETH,BUY,0.0200,534000.000,2024-07-18 02:23:53.762
ETH,BUY,0.0200,534006.000,2024-07-18 02:23:59.799
ETH,BUY,0.0200,534005.000,2024-07-18 02:24:05.789
ETH,BUY,0.0200,534005.000,2024-07-18 02:24:11.780
ETH,BUY,0.0200,534035.000,2024-07-18 02:24:17.773
ETH,BUY,0.0200,534035.000,2024-07-18 02:24:23.786
ETH,BUY,0.0200,534064.000,2024-07-18 02:24:44.769
ETH,BUY,0.0200,534121.000,2024-07-18 02:24:50.788
ETH,BUY,0.0200,534122.000,2024-07-18 02:24:56.776
ETH,BUY,0.0200,534135.000,2024-07-18 02:25:03.186
ETH,BUY,0.0200,534152.000,2024-07-18 02:25:08.805
ETH,BUY,0.0200,534238.000,2024-07-18 02:25:14.781
ETH,BUY,0.0158,534321.000,2024-07-18 02:25:15.441
ETH,BUY,0.0200,534386.000,2024-07-18 02:25:20.783
ETH,BUY,0.0200,534411.000,2024-07-18 02:25:26.788
ETH,BUY,0.0200,534440.000,2024-07-18 02:25:32.822
ETH,BUY,0.0200,534469.000,2024-07-18 02:25:38.768
ETH,BUY,0.0200,534498.000,2024-07-18 02:25:44.781
ETH,BUY,0.0200,534527.000,2024-07-18 02:25:50.778
ETH,BUY,0.0200,534556.000,2024-07-18 02:25:56.784
ETH,BUY,0.0200,534586.000,2024-07-18 02:26:02.786
ETH,BUY,0.0200,534615.000,2024-07-18 02:26:08.815
ETH,BUY,0.0112,534673.000,2024-07-18 02:26:13.499
ETH,BUY,0.0200,534702.000,2024-07-18 02:26:14.778
ETH,BUY,0.0300,534760.000,2024-07-18 02:26:18.938
ETH,BUY,0.0313,534789.000,2024-07-18 02:26:18.938
ETH,BUY,0.0200,534818.000,2024-07-18 02:26:20.796
ETH,BUY,0.0200,534876.000,2024-07-18 02:26:26.813
ETH,BUY,0.0200,535021.000,2024-07-18 02:26:32.812
ETH,BUY,0.0200,535369.000,2024-07-18 02:26:38.822
ETH,BUY,0.0200,535398.000,2024-07-18 02:26:44.800
ETH,BUY,0.0200,535485.000,2024-07-18 02:26:50.785
ETH,BUY,0.0200,535514.000,2024-07-18 02:26:56.819
ETH,BUY,4.0000,535543.000,2024-07-18 02:27:00.802
ETH,SELL,0.0116,535484.000,2024-07-18 02:27:01.956
ETH,BUY,0.0200,535485.000,2024-07-18 02:27:02.790
ETH,BUY,0.0200,535543.000,2024-07-18 02:27:08.783
ETH,BUY,0.1000,535364.000,2024-07-18 02:27:31.054
ETH,BUY,0.3800,535484.000,2024-07-18 02:27:31.054
ETH,BUY,0.5200,535572.000,2024-07-18 02:27:31.054
ETH,BUY,0.0200,535212.000,2024-07-18 02:27:50.815
ETH,BUY,0.0200,535176.000,2024-07-18 02:27:56.799
ETH,BUY,0.0100,535195.000,2024-07-18 02:28:15.158
ETH,BUY,0.7940,535195.000,2024-07-18 02:28:15.158
ETH,BUY,0.2800,535514.000,2024-07-18 02:29:25.339
ETH,BUY,1.0000,535514.000,2024-07-18 02:29:52.663
ETH,BUY,0.9000,535543.000,2024-07-18 02:29:52.663
ETH,SELL,0.0186,535211.000,2024-07-18 02:31:19.430
ETH,BUY,0.0200,535224.000,2024-07-18 02:31:20.828
ETH,BUY,0.0200,535253.000,2024-07-18 02:31:26.813
ETH,BUY,0.0200,535282.000,2024-07-18 02:31:32.821
ETH,BUY,0.0200,535283.000,2024-07-18 02:31:38.813
ETH,SELL,0.0100,534678.000,2024-07-18 02:32:18.933
ETH,BUY,0.0200,534818.000,2024-07-18 02:32:23.833
ETH,SELL,0.0100,535464.000,2024-07-18 02:34:25.938
ETH,BUY,0.0200,534832.000,2024-07-18 02:36:56.886
ETH,BUY,0.0200,534992.000,2024-07-18 02:37:02.872
ETH,BUY,0.0200,535311.000,2024-07-18 02:41:32.916
ETH,BUY,0.0200,535340.000,2024-07-18 02:41:38.882
ETH,BUY,0.0195,535368.000,2024-07-18 02:41:44.905
ETH,BUY,0.0005,535369.000,2024-07-18 02:41:44.905
ETH,BUY,0.0200,535390.000,2024-07-18 02:41:50.920
ETH,BUY,0.0200,535381.000,2024-07-18 02:41:56.889
ETH,BUY,0.0200,535370.000,2024-07-18 02:42:02.908
ETH,BUY,0.0200,535367.000,2024-07-18 02:42:08.905
ETH,BUY,0.0200,535367.000,2024-07-18 02:42:14.893
ETH,BUY,0.0200,535427.000,2024-07-18 02:42:20.893
ETH,BUY,0.0200,535464.000,2024-07-18 02:42:26.960
ETH,SELL,0.0400,535289.000,2024-07-18 02:42:29.078
ETH,BUY,0.0200,535311.000,2024-07-18 02:42:32.910
ETH,BUY,0.0200,535340.000,2024-07-18 02:42:38.898
ETH,BUY,0.0200,535369.000,2024-07-18 02:42:44.899
ETH,BUY,0.0200,535369.000,2024-07-18 02:42:50.908
ETH,BUY,0.0200,535324.000,2024-07-18 02:42:56.902
ETH,BUY,0.0200,535324.000,2024-07-18 02:43:02.935
ETH,BUY,0.0200,535340.000,2024-07-18 02:43:08.918
ETH,BUY,0.0200,535291.000,2024-07-18 02:43:14.915
ETH,SELL,0.2000,534925.000,2024-07-18 02:46:13.213
ETH,SELL,1.0000,534730.000,2024-07-18 02:46:13.213
ETH,SELL,1.0565,534729.000,2024-07-18 02:46:13.213
ETH,SELL,0.0900,534609.000,2024-07-18 02:46:13.213
ETH,SELL,0.2340,534537.000,2024-07-18 02:46:13.213
ETH,SELL,0.0934,534393.000,2024-07-18 02:46:13.213
ETH,SELL,0.1000,534392.000,2024-07-18 02:46:13.213
ETH,SELL,1.0000,534257.000,2024-07-18 02:46:13.213
ETH,BUY,0.5500,534000.000,2024-07-18 02:46:14.751
ETH,SELL,0.1000,533999.000,2024-07-18 02:46:14.803
ETH,SELL,0.0900,533999.000,2024-07-18 02:46:14.803
ETH,SELL,0.2000,533900.000,2024-07-18 02:46:14.803
ETH,SELL,0.1500,533896.000,2024-07-18 02:46:14.803
ETH,BUY,0.0200,534000.000,2024-07-18 02:46:14.951
ETH,BUY,0.2000,534000.000,2024-07-18 02:46:15.055
ETH,BUY,0.0651,534000.000,2024-07-18 02:46:15.227
ETH,BUY,0.1000,534000.000,2024-07-18 02:46:15.689
ETH,BUY,0.0400,534000.000,2024-07-18 02:46:17.537
ETH,BUY,0.2000,534000.000,2024-07-18 02:46:18.348
ETH,BUY,0.0398,534000.000,2024-07-18 02:46:18.826
ETH,BUY,0.0398,534000.000,2024-07-18 02:46:20.429
ETH,BUY,0.0200,534000.000,2024-07-18 02:46:20.920
ETH,BUY,0.6006,534000.000,2024-07-18 02:46:20.963
ETH,BUY,0.0316,534000.000,2024-07-18 02:46:25.976
ETH,BUY,0.0200,534000.000,2024-07-18 02:46:26.959
ETH,BUY,0.5990,534383.000,2024-07-18 02:46:28.003
ETH,BUY,0.0200,534517.000,2024-07-18 02:46:32.928
ETH,BUY,0.0200,534619.000,2024-07-18 02:46:38.929
ETH,BUY,0.0200,534625.000,2024-07-18 02:46:44.932
ETH,SELL,0.1000,535290.000,2024-07-18 02:47:16.050
ETH,SELL,2.3200,535290.000,2024-07-18 02:47:16.050
ETH,SELL,0.8792,535058.000,2024-07-18 02:47:16.050
ETH,BUY,0.0200,535243.000,2024-07-18 02:47:56.954
ETH,BUY,0.0200,535236.000,2024-07-18 02:48:02.943
ETH,BUY,0.1000,535291.000,2024-07-18 02:48:04.076
ETH,BUY,0.0200,535543.000,2024-07-18 02:48:23.946
ETH,BUY,0.0200,535478.000,2024-07-18 02:48:41.944
ETH,BUY,0.4400,535478.000,2024-07-18 02:48:44.191
ETH,BUY,0.0200,535569.000,2024-07-18 02:48:47.963
ETH,BUY,0.0700,535619.000,2024-07-18 02:48:51.536
ETH,BUY,0.1200,535619.000,2024-07-18 02:48:51.569
ETH,BUY,0.0200,535973.000,2024-07-18 02:49:11.968
ETH,BUY,0.0200,535979.000,2024-07-18 02:49:23.946
ETH,BUY,0.1000,536122.000,2024-07-18 02:49:40.395
ETH,SELL,0.0700,535005.000,2024-07-18 02:50:50.467
ETH,BUY,0.0100,535359.000,2024-07-18 02:51:45.980
ETH,BUY,0.0330,535333.000,2024-07-18 02:52:03.110
ETH,SELL,1.0000,535318.000,2024-07-18 02:52:23.218
ETH,SELL,0.2000,535090.000,2024-07-18 02:52:23.218
ETH,SELL,1.0000,535086.000,2024-07-18 02:52:23.218
ETH,SELL,0.0600,535059.000,2024-07-18 02:52:23.218
ETH,SELL,1.8660,535005.000,2024-07-18 02:52:23.218
ETH,SELL,0.7400,535001.000,2024-07-18 02:52:23.218
ETH,SELL,0.1000,534391.000,2024-07-18 02:52:23.218
ETH,SELL,1.8000,534390.000,2024-07-18 02:52:23.218
ETH,SELL,0.6218,534390.000,2024-07-18 02:52:23.218
ETH,SELL,2.6122,534354.000,2024-07-18 02:52:23.218
ETH,BUY,0.6000,535136.000,2024-07-18 02:53:59.678
ETH,BUY,0.0300,535136.000,2024-07-18 02:53:59.711
ETH,BUY,0.3700,535136.000,2024-07-18 02:53:59.712
ETH,BUY,0.0300,535318.000,2024-07-18 02:53:59.712
ETH,BUY,0.0700,535318.000,2024-07-18 02:53:59.714
ETH,BUY,0.5380,535318.000,2024-07-18 02:53:59.768
ETH,BUY,0.2000,535398.000,2024-07-18 02:54:00.345
ETH,BUY,0.4000,535396.000,2024-07-18 02:54:00.417
ETH,BUY,0.0100,535396.000,2024-07-18 02:54:00.581
ETH,BUY,0.0100,535396.000,2024-07-18 02:54:00.639
ETH,BUY,0.3200,535396.000,2024-07-18 02:54:00.749
ETH,BUY,0.1000,535396.000,2024-07-18 02:54:01.028
ETH,BUY,0.0700,535246.000,2024-07-18 02:54:03.474
ETH,BUY,0.1000,535246.000,2024-07-18 02:54:05.373
ETH,SELL,0.0865,535391.000,2024-07-18 02:55:41.044
ETH,BUY,0.0200,535640.000,2024-07-18 02:55:58.894
ETH,BUY,0.0100,535639.000,2024-07-18 02:56:00.746
ETH,BUY,0.0199,535735.000,2024-07-18 02:56:14.386
ETH,BUY,0.2100,535487.000,2024-07-18 02:56:14.789
ETH,BUY,0.1801,535487.000,2024-07-18 02:56:15.702
ETH,BUY,0.5000,535487.000,2024-07-18 02:56:16.701
ETH,BUY,0.2000,535531.000,2024-07-18 02:56:19.081
ETH,BUY,0.3200,535576.000,2024-07-18 02:56:22.401
ETH,BUY,0.0700,535576.000,2024-07-18 02:56:22.572
ETH,BUY,0.2000,535576.000,2024-07-18 02:56:22.853
ETH,BUY,0.0900,535724.000,2024-07-18 02:56:44.616
ETH,BUY,1.4100,535789.000,2024-07-18 02:56:44.616
ETH,BUY,0.1000,535655.000,2024-07-18 02:57:05.269
ETH,BUY,0.1000,535655.000,2024-07-18 02:57:05.269
ETH,BUY,0.3019,535655.000,2024-07-18 02:57:11.984
ETH,BUY,0.4981,535655.000,2024-07-18 02:57:11.984
ETH,BUY,0.0200,535665.000,2024-07-18 02:57:21.710
ETH,BUY,0.0700,535664.000,2024-07-18 02:57:22.577
ETH,BUY,0.3000,535688.000,2024-07-18 02:57:31.914
ETH,BUY,0.0700,535689.000,2024-07-18 02:57:37.527
ETH,BUY,0.4000,535691.000,2024-07-18 02:57:38.612
ETH,BUY,0.2420,535959.000,2024-07-18 02:58:28.165
ETH,BUY,0.0280,535960.000,2024-07-18 02:58:28.165
ETH,BUY,0.1000,535800.000,2024-07-18 02:58:59.773
ETH,BUY,0.3200,535800.000,2024-07-18 02:59:02.002
ETH,BUY,0.0300,535800.000,2024-07-18 02:59:02.131
ETH,BUY,0.0100,535800.000,2024-07-18 02:59:02.186
ETH,BUY,0.0700,535800.000,2024-07-18 02:59:02.310
ETH,BUY,0.3700,535800.000,2024-07-18 02:59:02.628
ETH,BUY,0.2300,536090.000,2024-07-18 02:59:02.628
ETH,BUY,0.0100,536090.000,2024-07-18 02:59:02.670
ETH,BUY,0.2000,536090.000,2024-07-18 02:59:02.833
ETH,BUY,0.1000,536090.000,2024-07-18 02:59:03.028
ETH,BUY,0.1000,536141.000,2024-07-18 02:59:18.790
ETH,BUY,0.0187,536072.000,2024-07-18 03:00:07.842
ETH,BUY,0.2100,536205.000,2024-07-18 03:00:23.982
ETH,SELL,0.4800,536013.000,2024-07-18 03:00:55.971
ETH,BUY,0.9689,536096.000,2024-07-18 03:01:21.857
ETH,BUY,0.6182,536096.000,2024-07-18 03:01:21.857
ETH,BUY,0.3284,536180.000,2024-07-18 03:01:21.857
ETH,BUY,0.0845,536210.000,2024-07-18 03:01:21.857
ETH,BUY,0.0150,536300.000,2024-07-18 03:01:27.689
ETH,BUY,0.0300,536195.000,2024-07-18 03:01:35.276
ETH,BUY,2.0000,536239.000,2024-07-18 03:01:38.809
ETH,BUY,0.5000,536037.000,2024-07-18 03:02:10.890
ETH,BUY,0.3000,536001.000,2024-07-18 03:02:30.720
ETH,BUY,0.1000,536001.000,2024-07-18 03:03:14.376
ETH,BUY,0.0100,536001.000,2024-07-18 03:03:28.379
ETH,BUY,0.0900,536001.000,2024-07-18 03:03:28.379
ETH,SELL,0.0372,536000.000,2024-07-18 03:04:03.469
ETH,SELL,0.0235,536000.000,2024-07-18 03:04:05.056
ETH,BUY,0.1400,536050.000,2024-07-18 03:05:21.715
ETH,BUY,0.2600,536050.000,2024-07-18 03:05:22.946
ETH,BUY,0.4000,536050.000,2024-07-18 03:05:24.686
ETH,BUY,0.0573,536050.000,2024-07-18 03:05:34.296
ETH,BUY,0.0285,536050.000,2024-07-18 03:05:39.064
ETH,BUY,0.0100,536050.000,2024-07-18 03:05:59.343
ETH,BUY,0.0200,536050.000,2024-07-18 03:06:26.970
ETH,BUY,0.4000,536055.000,2024-07-18 03:06:41.358
ETH,BUY,0.4000,536055.000,2024-07-18 03:06:41.879
ETH,BUY,0.1000,536055.000,2024-07-18 03:06:44.102
ETH,BUY,0.0100,536055.000,2024-07-18 03:06:50.424
ETH,BUY,0.0300,536160.000,2024-07-18 03:07:06.971
ETH,BUY,0.0442,536160.000,2024-07-18 03:07:07.119
ETH,BUY,0.1458,536500.000,2024-07-18 03:07:07.119
ETH,BUY,0.0100,536500.000,2024-07-18 03:07:07.173
ETH,BUY,0.2000,536500.000,2024-07-18 03:07:07.697
ETH,BUY,2.0000,536529.000,2024-07-18 03:07:14.243
ETH,BUY,0.1350,536595.000,2024-07-18 03:07:27.772
ETH,BUY,0.2336,536597.000,2024-07-18 03:07:27.772
ETH,BUY,1.6314,536674.000,2024-07-18 03:07:27.772
ETH,BUY,1.0000,536790.000,2024-07-18 03:07:55.435
ETH,BUY,0.2000,536835.000,2024-07-18 03:08:08.403
ETH,BUY,0.8000,536838.000,2024-07-18 03:08:08.403
ETH,BUY,0.1900,536848.000,2024-07-18 03:10:04.314
ETH,BUY,0.1000,536863.000,2024-07-18 03:10:04.314
ETH,BUY,1.0000,536927.000,2024-07-18 03:10:04.314
ETH,BUY,0.7100,536964.000,2024-07-18 03:10:04.314
ETH,BUY,0.1000,537009.000,2024-07-18 03:10:16.651
ETH,BUY,0.5000,537010.000,2024-07-18 03:10:16.651
ETH,BUY,0.4000,537010.000,2024-07-18 03:10:16.651
ETH,BUY,0.0100,537010.000,2024-07-18 03:10:16.727
ETH,BUY,0.0800,537042.000,2024-07-18 03:10:29.087
ETH,BUY,0.2000,537040.000,2024-07-18 03:10:32.625
ETH,BUY,0.1000,537043.000,2024-07-18 03:11:11.527
ETH,BUY,0.0100,537031.000,2024-07-18 03:11:28.909
ETH,BUY,0.0200,536879.000,2024-07-18 03:12:45.130
ETH,BUY,0.0200,536865.000,2024-07-18 03:12:51.108
ETH,BUY,0.0200,536855.000,2024-07-18 03:12:57.113
ETH,BUY,0.0200,536851.000,2024-07-18 03:13:03.113
ETH,BUY,0.2465,536850.000,2024-07-18 03:13:05.122
ETH,BUY,0.7535,536964.000,2024-07-18 03:13:05.122
ETH,BUY,0.0200,536993.000,2024-07-18 03:13:09.122
ETH,BUY,0.0200,537030.000,2024-07-18 03:13:15.210
ETH,BUY,0.0200,537030.000,2024-07-18 03:13:21.102
ETH,BUY,0.0200,537030.000,2024-07-18 03:13:27.097
ETH,BUY,0.0200,537030.000,2024-07-18 03:13:33.115
ETH,BUY,0.1538,537030.000,2024-07-18 03:13:37.770
ETH,BUY,0.6462,537109.000,2024-07-18 03:13:37.770
ETH,BUY,0.0200,537196.000,2024-07-18 03:13:39.113
ETH,BUY,0.0200,537225.000,2024-07-18 03:13:45.111
ETH,BUY,2.0000,537283.000,2024-07-18 03:13:48.568
ETH,BUY,0.0200,537311.000,2024-07-18 03:13:51.128
ETH,BUY,0.0200,537311.000,2024-07-18 03:13:57.124
ETH,BUY,0.0200,537311.000,2024-07-18 03:14:03.113
ETH,BUY,0.0200,537311.000,2024-07-18 03:14:09.142
ETH,BUY,0.0200,537311.000,2024-07-18 03:14:15.126
ETH,SELL,0.0300,536858.000,2024-07-18 03:14:18.323
ETH,SELL,0.0100,536858.000,2024-07-18 03:14:18.467
ETH,SELL,0.0100,536712.000,2024-07-18 03:14:19.186
ETH,BUY,0.0200,536790.000,2024-07-18 03:14:21.137
ETH,BUY,0.0200,536859.000,2024-07-18 03:14:27.234
ETH,BUY,0.0200,536877.000,2024-07-18 03:14:33.116
ETH,BUY,0.0200,536877.000,2024-07-18 03:14:39.151
ETH,BUY,0.0200,536906.000,2024-07-18 03:14:45.119
ETH,BUY,0.0500,536993.000,2024-07-18 03:14:48.094
ETH,BUY,0.0200,537051.000,2024-07-18 03:14:51.122
ETH,BUY,0.0200,537109.000,2024-07-18 03:14:57.136
ETH,SELL,0.0289,536915.000,2024-07-18 03:15:00.356
ETH,BUY,0.0200,536916.000,2024-07-18 03:15:03.406
ETH,BUY,0.0200,537022.000,2024-07-18 03:15:09.130
ETH,BUY,0.0200,537051.000,2024-07-18 03:15:15.152
ETH,BUY,0.0100,536918.000,2024-07-18 03:15:21.115
ETH,BUY,0.0100,537138.000,2024-07-18 03:15:21.115
ETH,BUY,0.0200,537167.000,2024-07-18 03:15:27.134
ETH,BUY,0.0200,537225.000,2024-07-18 03:15:33.126
ETH,SELL,0.0900,536812.000,2024-07-18 03:15:34.145
ETH,SELL,0.0201,536748.000,2024-07-18 03:15:35.938
ETH,BUY,0.0200,536848.000,2024-07-18 03:15:39.130
ETH,BUY,0.0100,536556.000,2024-07-18 03:15:45.131
ETH,BUY,0.0100,536935.000,2024-07-18 03:15:45.131
ETH,SELL,0.0900,536516.000,2024-07-18 03:15:49.736
ETH,BUY,0.0200,536517.000,2024-07-18 03:15:51.131
ETH,BUY,0.0200,536587.000,2024-07-18 03:15:57.131
ETH,BUY,0.0200,536761.000,2024-07-18 03:16:03.126
ETH,BUY,0.0200,536848.000,2024-07-18 03:16:09.141
ETH,BUY,0.0200,536906.000,2024-07-18 03:16:15.141
ETH,BUY,0.0200,536935.000,2024-07-18 03:16:21.133
ETH,BUY,0.0200,537080.000,2024-07-18 03:16:27.144
ETH,BUY,0.0200,537109.000,2024-07-18 03:16:33.133
ETH,BUY,0.0200,537196.000,2024-07-18 03:16:39.129
ETH,BUY,0.0200,537341.000,2024-07-18 03:16:45.129
ETH,BUY,0.0200,537370.000,2024-07-18 03:16:51.149
ETH,BUY,0.0200,537399.000,2024-07-18 03:16:57.132
ETH,BUY,0.0200,537457.000,2024-07-18 03:17:03.146
ETH,BUY,0.0320,537457.000,2024-07-18 03:17:09.047
ETH,BUY,0.0200,537457.000,2024-07-18 03:17:09.140
ETH,BUY,0.0200,537486.000,2024-07-18 03:17:15.174
ETH,BUY,0.0200,537660.000,2024-07-18 03:17:21.145
ETH,SELL,0.0200,537688.000,2024-07-18 03:17:26.167
ETH,BUY,0.0200,537776.000,2024-07-18 03:17:27.148
ETH,BUY,0.0200,537834.000,2024-07-18 03:17:33.163
ETH,BUY,0.0200,537892.000,2024-07-18 03:17:39.157
ETH,SELL,0.2000,537696.000,2024-07-18 03:17:39.746
ETH,BUY,0.0200,537747.000,2024-07-18 03:17:45.160
ETH,SELL,0.1000,537690.000,2024-07-18 03:17:45.458
ETH,BUY,0.0200,537747.000,2024-07-18 03:17:51.168
ETH,SELL,0.1000,537717.000,2024-07-18 03:17:52.068
ETH,BUY,0.0200,537567.000,2024-07-18 03:17:57.153
ETH,BUY,0.0200,537567.000,2024-07-18 03:18:03.163
ETH,BUY,0.0200,537567.000,2024-07-18 03:18:09.171
ETH,BUY,0.0200,537567.000,2024-07-18 03:18:15.186
ETH,BUY,0.0200,537536.000,2024-07-18 03:18:21.145
ETH,BUY,0.0100,537456.000,2024-07-18 03:18:27.160
ETH,BUY,0.0100,537460.000,2024-07-18 03:18:27.160
ETH,BUY,0.0200,537456.000,2024-07-18 03:18:33.162
ETH,BUY,0.0200,537631.000,2024-07-18 03:18:39.180
ETH,BUY,3.9800,537631.000,2024-07-18 03:18:39.216
ETH,BUY,0.0600,537711.000,2024-07-18 03:18:39.216
ETH,BUY,1.5720,537747.000,2024-07-18 03:18:39.216
ETH,BUY,0.0200,537695.000,2024-07-18 03:18:45.166
ETH,BUY,0.0200,537718.000,2024-07-18 03:18:51.155
ETH,BUY,0.0200,537747.000,2024-07-18 03:18:57.158
ETH,BUY,0.0200,537776.000,2024-07-18 03:19:03.152
ETH,BUY,0.0200,537546.000,2024-07-18 03:19:09.153
ETH,BUY,0.0200,537559.000,2024-07-18 03:19:15.190
ETH,SELL,0.0100,537440.000,2024-07-18 03:19:19.473
ETH,BUY,0.0200,537515.000,2024-07-18 03:19:21.150
ETH,BUY,0.0200,537573.000,2024-07-18 03:19:27.175
ETH,BUY,0.0200,537631.000,2024-07-18 03:19:33.165
ETH,BUY,0.0200,537718.000,2024-07-18 03:19:39.155
ETH,BUY,0.0200,537747.000,2024-07-18 03:19:45.181
ETH,BUY,0.0200,537679.000,2024-07-18 03:19:51.157
ETH,BUY,0.0200,537473.000,2024-07-18 03:19:57.157
ETH,BUY,0.0200,537461.000,2024-07-18 03:20:03.191
ETH,BUY,0.0200,537544.000,2024-07-18 03:20:09.191
ETH,BUY,4.0000,537602.000,2024-07-18 03:20:13.373
ETH,BUY,0.0200,537716.000,2024-07-18 03:20:15.187
ETH,BUY,0.0200,537833.000,2024-07-18 03:20:21.200
ETH,BUY,0.1700,537891.000,2024-07-18 03:20:23.809
ETH,BUY,4.0000,537892.000,2024-07-18 03:20:23.809
ETH,BUY,4.0000,537921.000,2024-07-18 03:20:23.809
ETH,BUY,1.8300,538008.000,2024-07-18 03:20:23.809
ETH,BUY,0.0200,538095.000,2024-07-18 03:20:27.173
ETH,BUY,0.0200,538153.000,2024-07-18 03:20:33.172
ETH,BUY,4.0000,538211.000,2024-07-18 03:20:33.965
ETH,BUY,0.0200,538298.000,2024-07-18 03:20:39.166
ETH,BUY,1.0000,538327.000,2024-07-18 03:20:40.765
ETH,BUY,0.0200,538356.000,2024-07-18 03:20:45.194
ETH,BUY,0.0200,538385.000,2024-07-18 03:20:51.219
ETH,BUY,0.4000,538414.000,2024-07-18 03:20:52.246
ETH,BUY,0.0200,538443.000,2024-07-18 03:20:57.175
ETH,BUY,0.0200,538501.000,2024-07-18 03:21:03.196
ETH,BUY,0.0200,538536.000,2024-07-18 03:21:09.173
ETH,BUY,0.0200,538536.000,2024-07-18 03:21:15.194
ETH,BUY,0.0300,538536.000,2024-07-18 03:21:19.792
ETH,BUY,0.0200,538536.000,2024-07-18 03:21:21.181
ETH,BUY,0.0200,538536.000,2024-07-18 03:21:27.185
ETH,BUY,0.0200,538536.000,2024-07-18 03:21:33.201
ETH,BUY,0.0200,538536.000,2024-07-18 03:21:39.207
ETH,SELL,0.0100,538000.000,2024-07-18 03:21:43.887
ETH,BUY,0.0200,537226.000,2024-07-18 03:21:45.184
ETH,BUY,0.0200,537312.000,2024-07-18 03:21:51.187
ETH,BUY,0.0200,537399.000,2024-07-18 03:21:57.189
ETH,BUY,0.0200,537457.000,2024-07-18 03:22:03.187
ETH,BUY,0.0200,537515.000,2024-07-18 03:22:09.197
ETH,BUY,0.0200,537519.000,2024-07-18 03:22:15.239
ETH,SELL,0.1420,537085.000,2024-07-18 03:22:18.869
ETH,BUY,0.0200,537109.000,2024-07-18 03:22:21.210
ETH,BUY,0.0200,537138.000,2024-07-18 03:22:27.212
ETH,BUY,0.0200,537196.000,2024-07-18 03:22:33.192
ETH,BUY,0.0200,537312.000,2024-07-18 03:22:39.194
ETH,BUY,0.0200,537399.000,2024-07-18 03:22:45.184
ETH,SELL,0.0900,537309.000,2024-07-18 03:23:36.665
ETH,SELL,0.0130,537136.000,2024-07-18 03:24:08.971
ETH,SELL,0.0870,537000.000,2024-07-18 03:24:12.030
ETH,BUY,0.0100,537196.000,2024-07-18 03:24:34.205
ETH,SELL,0.0900,537260.000,2024-07-18 03:24:52.424
ETH,SELL,0.1230,537232.000,2024-07-18 03:24:52.424
ETH,SELL,0.1702,537525.000,2024-07-18 03:28:46.871
ETH,SELL,0.0798,537525.000,2024-07-18 03:28:47.016
ETH,BUY,0.0700,537402.000,2024-07-18 03:31:04.073
ETH,BUY,0.1000,537486.000,2024-07-18 03:31:05.938
ETH,BUY,0.1300,537573.000,2024-07-18 03:31:08.941
ETH,BUY,0.2700,537602.000,2024-07-18 03:31:18.537
ETH,BUY,0.0158,537219.000,2024-07-18 03:32:01.543
ETH,BUY,0.0300,537369.000,2024-07-18 03:32:46.756
ETH,BUY,0.0200,537363.000,2024-07-18 03:33:01.328
ETH,SELL,0.0836,537323.000,2024-07-18 03:35:08.442
ETH,SELL,0.5379,537089.000,2024-07-18 03:35:26.877
ETH,SELL,0.0130,537000.000,2024-07-18 03:35:54.968
ETH,SELL,0.1340,537000.000,2024-07-18 03:35:54.968
ETH,SELL,0.0123,537000.000,2024-07-18 03:36:03.447
ETH,BUY,0.0200,537013.000,2024-07-18 03:37:09.367
ETH,BUY,0.0200,537004.000,2024-07-18 03:37:15.339
ETH,BUY,0.0200,537001.000,2024-07-18 03:37:21.326
ETH,BUY,0.0200,537022.000,2024-07-18 03:37:27.345
ETH,BUY,0.0200,537001.000,2024-07-18 03:37:33.331
ETH,BUY,0.0100,537001.000,2024-07-18 03:37:39.332
ETH,BUY,0.0100,537080.000,2024-07-18 03:37:39.332
ETH,BUY,0.0200,537167.000,2024-07-18 03:37:45.320
ETH,BUY,0.0200,537125.000,2024-07-18 03:37:51.332
ETH,BUY,0.0200,537138.000,2024-07-18 03:37:57.333
ETH,BUY,0.0200,537027.000,2024-07-18 03:38:03.319
ETH,BUY,0.0200,537001.000,2024-07-18 03:38:09.364
ETH,BUY,0.0200,537109.000,2024-07-18 03:38:15.317
ETH,BUY,0.0200,537097.000,2024-07-18 03:38:21.322
ETH,BUY,0.0200,537140.000,2024-07-18 03:38:27.346
ETH,BUY,0.0200,537031.000,2024-07-18 03:38:33.321
ETH,BUY,0.0200,537080.000,2024-07-18 03:38:39.353
ETH,BUY,0.0200,537109.000,2024-07-18 03:38:45.341
ETH,BUY,0.0200,537138.000,2024-07-18 03:38:51.339
ETH,BUY,0.0200,537151.000,2024-07-18 03:38:57.353
ETH,BUY,0.0200,537150.000,2024-07-18 03:39:03.367
ETH,BUY,0.0200,537157.000,2024-07-18 03:39:09.347
ETH,BUY,0.0200,537161.000,2024-07-18 03:39:15.326
ETH,BUY,0.0200,537163.000,2024-07-18 03:39:21.345
ETH,BUY,0.0200,537168.000,2024-07-18 03:39:27.340
ETH,BUY,0.0200,537177.000,2024-07-18 03:39:33.334
ETH,BUY,0.0200,537190.000,2024-07-18 03:39:39.355
ETH,BUY,0.0200,537177.000,2024-07-18 03:39:45.341
ETH,BUY,0.0200,537177.000,2024-07-18 03:39:51.341
ETH,BUY,0.0200,537179.000,2024-07-18 03:39:57.356
ETH,BUY,0.0200,537182.000,2024-07-18 03:40:03.337
ETH,BUY,0.0290,537184.000,2024-07-18 03:40:08.942
ETH,BUY,0.0200,537225.000,2024-07-18 03:40:09.342
ETH,BUY,0.0200,537186.000,2024-07-18 03:40:15.343
ETH,BUY,0.0200,537188.000,2024-07-18 03:40:21.341
ETH,BUY,1.0000,537196.000,2024-07-18 03:40:23.303
ETH,BUY,0.0200,537283.000,2024-07-18 03:40:27.346
ETH,BUY,0.0200,537341.000,2024-07-18 03:40:29.661
ETH,BUY,0.0200,537370.000,2024-07-18 03:40:33.345
ETH,BUY,1.0000,537370.000,2024-07-18 03:40:38.527
ETH,BUY,0.0200,537464.000,2024-07-18 03:40:39.355
ETH,BUY,0.0200,537464.000,2024-07-18 03:40:45.352
ETH,BUY,0.0200,537463.000,2024-07-18 03:40:51.353
ETH,BUY,0.1489,537466.000,2024-07-18 03:40:55.244
ETH,BUY,1.8511,537544.000,2024-07-18 03:40:55.244
ETH,BUY,0.0200,537630.000,2024-07-18 03:40:57.352
ETH,BUY,0.0200,537717.000,2024-07-18 03:41:03.358
ETH,BUY,0.0200,537804.000,2024-07-18 03:41:09.396
ETH,BUY,0.0130,537833.000,2024-07-18 03:41:15.354
ETH,BUY,0.0070,537834.000,2024-07-18 03:41:15.354
ETH,SELL,0.0100,537327.000,2024-07-18 03:43:00.208
ETH,BUY,2.0000,537399.000,2024-07-18 03:43:05.928
ETH,BUY,1.8500,537428.000,2024-07-18 03:43:16.782
ETH,BUY,0.1500,537457.000,2024-07-18 03:43:16.782
ETH,BUY,0.0100,537544.000,2024-07-18 03:43:33.454
ETH,SELL,0.0510,537408.000,2024-07-18 03:44:03.436
ETH,BUY,1.3650,537486.000,2024-07-18 03:44:16.634
ETH,BUY,0.1000,537486.000,2024-07-18 03:44:16.865
ETH,BUY,1.0000,537602.000,2024-07-18 03:44:50.150
ETH,BUY,0.6000,537689.000,2024-07-18 03:45:06.702
ETH,BUY,0.1600,537718.000,2024-07-18 03:45:21.988
ETH,BUY,0.0200,537834.000,2024-07-18 03:45:37.841
ETH,BUY,0.0200,537979.000,2024-07-18 03:45:49.375
ETH,BUY,0.0130,538037.000,2024-07-18 03:45:51.230
ETH,SELL,0.0669,537999.000,2024-07-18 03:46:14.336
ETH,BUY,0.0300,538124.000,2024-07-18 03:47:30.125
ETH,BUY,0.0100,538269.000,2024-07-18 03:47:38.589
ETH,BUY,0.1500,538327.000,2024-07-18 03:48:11.646
ETH,BUY,0.0521,538356.000,2024-07-18 03:48:44.076
ETH,BUY,0.0610,538413.000,2024-07-18 03:49:47.934
ETH,BUY,0.0890,538414.000,2024-07-18 03:49:47.934
ETH,BUY,0.0200,538472.000,2024-07-18 03:50:14.919
ETH,BUY,0.0300,538501.000,2024-07-18 03:50:25.620
ETH,BUY,0.0100,538530.000,2024-07-18 03:50:40.067
ETH,BUY,0.0200,538559.000,2024-07-18 03:51:04.507
ETH,BUY,3.7100,538588.000,2024-07-18 03:52:44.677
ETH,SELL,0.0100,538000.000,2024-07-18 03:52:48.438
ETH,BUY,0.0200,538037.000,2024-07-18 03:53:01.276
ETH,BUY,0.0200,538066.000,2024-07-18 03:53:11.365
ETH,BUY,0.0100,538095.000,2024-07-18 03:53:21.438
ETH,SELL,0.0229,538080.000,2024-07-18 03:53:51.439
ETH,SELL,0.0671,538081.000,2024-07-18 03:53:52.613
ETH,SELL,0.0229,537465.000,2024-07-18 03:53:52.613
ETH,SELL,0.0148,537688.000,2024-07-18 03:55:03.390
ETH,SELL,0.0574,537724.000,2024-07-18 03:55:14.265
ETH,SELL,0.0900,537443.000,2024-07-18 03:55:15.345
ETH,BUY,0.0600,537485.000,2024-07-18 03:57:08.710
ETH,BUY,0.0900,537485.000,2024-07-18 03:57:08.710
ETH,BUY,0.1600,537510.000,2024-07-18 03:57:08.710
ETH,BUY,4.0000,537515.000,2024-07-18 03:57:08.710
ETH,BUY,1.2670,537544.000,2024-07-18 03:57:08.710
ETH,BUY,1.6700,537892.000,2024-07-18 03:58:28.973
ETH,BUY,1.6700,537892.000,2024-07-18 03:58:29.020
ETH,BUY,0.0100,538211.000,2024-07-18 04:00:08.037
ETH,BUY,0.1000,537715.000,2024-07-18 04:05:23.402
ETH,SELL,1.0000,537383.000,2024-07-18 04:07:22.458
ETH,BUY,0.2300,537428.000,2024-07-18 04:08:56.064
ETH,BUY,0.0100,537428.000,2024-07-18 04:08:56.065
ETH,BUY,0.0300,537428.000,2024-07-18 04:08:56.158
ETH,BUY,0.0100,537428.000,2024-07-18 04:08:56.533
ETH,BUY,0.0488,537921.000,2024-07-18 04:10:37.438
ETH,BUY,2.0000,538124.000,2024-07-18 04:10:56.063
ETH,BUY,0.0261,538194.000,2024-07-18 04:11:02.430
ETH,BUY,1.6701,538222.000,2024-07-18 04:11:04.201
ETH,BUY,0.3299,538225.000,2024-07-18 04:11:04.201
ETH,BUY,0.0361,538240.000,2024-07-18 04:11:07.929
ETH,BUY,1.2779,538267.000,2024-07-18 04:11:13.624
ETH,BUY,0.7221,538327.000,2024-07-18 04:11:13.624
ETH,BUY,1.0000,538339.000,2024-07-18 04:12:38.587
ETH,BUY,1.0000,538385.000,2024-07-18 04:12:38.587
ETH,BUY,0.2000,538410.000,2024-07-18 04:14:31.862
ETH,BUY,1.8000,538414.000,2024-07-18 04:14:31.862
ETH,SELL,0.0500,538414.000,2024-07-18 04:15:49.134
ETH,SELL,0.0900,538130.000,2024-07-18 04:15:55.531
ETH,SELL,0.1549,538038.000,2024-07-18 04:15:55.531
ETH,BUY,0.1100,538153.000,2024-07-18 04:16:35.913
ETH,BUY,0.0900,538162.000,2024-07-18 04:16:35.913
ETH,BUY,0.1100,538182.000,2024-07-18 04:16:35.913
ETH,BUY,0.1400,538240.000,2024-07-18 04:16:35.913
ETH,BUY,1.5500,538269.000,2024-07-18 04:16:35.913
ETH,BUY,0.0200,538298.000,2024-07-18 04:16:39.630
ETH,BUY,0.1549,538304.000,2024-07-18 04:16:39.630
ETH,BUY,1.8251,538356.000,2024-07-18 04:16:39.630
ETH,BUY,2.0000,538443.000,2024-07-18 04:16:54.145
ETH,SELL,0.1785,537916.000,2024-07-18 04:17:49.030
ETH,BUY,0.5000,537940.000,2024-07-18 04:18:38.689
ETH,BUY,0.2336,537940.000,2024-07-18 04:18:38.689
ETH,BUY,1.2664,537979.000,2024-07-18 04:18:38.689
ETH,BUY,2.0000,538008.000,2024-07-18 04:18:42.493
ETH,SELL,0.0100,537337.000,2024-07-18 04:18:57.407
ETH,SELL,0.0800,537419.000,2024-07-18 04:19:47.951
ETH,SELL,0.1000,537419.000,2024-07-18 04:19:48.964
ETH,SELL,1.6700,537339.000,2024-07-18 04:20:26.465
ETH,SELL,0.3300,537338.000,2024-07-18 04:20:26.465
ETH,BUY,0.2500,537370.000,2024-07-18 04:21:28.341
ETH,BUY,2.0000,537399.000,2024-07-18 04:21:35.100
ETH,BUY,0.0286,537428.000,2024-07-18 04:22:05.988
ETH,SELL,0.0251,537250.000,2024-07-18 04:22:44.965
ETH,SELL,0.0100,537115.000,2024-07-18 04:22:45.043
ETH,SELL,0.1400,537031.000,2024-07-18 04:22:45.043
ETH,SELL,0.2000,537120.000,2024-07-18 04:22:48.013
ETH,SELL,1.3400,537072.000,2024-07-18 04:22:49.026
ETH,SELL,0.0930,537000.000,2024-07-18 04:22:50.270
ETH,BUY,0.0250,537000.000,2024-07-18 04:24:15.287
ETH,BUY,1.6700,537050.000,2024-07-18 04:24:15.287
ETH,BUY,0.3050,537051.000,2024-07-18 04:24:15.287
ETH,BUY,1.6700,536981.000,2024-07-18 04:24:22.848
ETH,BUY,0.3300,537070.000,2024-07-18 04:24:22.848
ETH,BUY,0.1700,537070.000,2024-07-18 04:24:29.926
ETH,BUY,0.1400,537071.000,2024-07-18 04:24:29.926
ETH,BUY,1.6900,537138.000,2024-07-18 04:24:29.926
ETH,BUY,2.0000,537138.000,2024-07-18 04:24:34.037
ETH,BUY,0.7000,537167.000,2024-07-18 04:24:37.929
ETH,BUY,0.7000,537196.000,2024-07-18 04:24:37.929
ETH,BUY,0.0900,537268.000,2024-07-18 04:24:37.929
ETH,BUY,0.5100,537283.000,2024-07-18 04:24:37.929
ETH,SELL,0.0900,537020.000,2024-07-18 04:24:56.698
ETH,SELL,0.0100,536737.000,2024-07-18 04:24:56.698
ETH,BUY,0.0900,536356.000,2024-07-18 04:30:24.281
ETH,BUY,0.2000,536785.000,2024-07-18 04:30:24.281
ETH,BUY,1.5700,536790.000,2024-07-18 04:30:24.281
ETH,SELL,0.0900,536613.000,2024-07-18 04:33:56.693
ETH,SELL,0.2000,536230.000,2024-07-18 04:34:33.323
ETH,SELL,0.8000,536230.000,2024-07-18 04:34:33.323
ETH,BUY,2.0000,536326.000,2024-07-18 04:35:09.141
ETH,BUY,1.6700,536355.000,2024-07-18 04:36:57.402
ETH,BUY,0.0100,536558.000,2024-07-18 04:38:16.868
ETH,BUY,0.0500,536616.000,2024-07-18 04:44:50.014
ETH,BUY,0.0300,536645.000,2024-07-18 04:45:48.877
ETH,BUY,0.0200,536674.000,2024-07-18 04:46:36.724
ETH,BUY,0.0900,536191.000,2024-07-18 04:47:57.104
ETH,BUY,0.0800,536290.000,2024-07-18 04:47:57.104
ETH,BUY,0.1000,536174.000,2024-07-18 04:48:02.424
ETH,BUY,1.5900,536250.000,2024-07-18 04:48:02.424
ETH,BUY,0.3100,536326.000,2024-07-18 04:48:02.424
ETH,SELL,0.0100,536000.000,2024-07-18 04:48:21.673
ETH,SELL,0.2055,535954.000,2024-07-18 04:48:21.673
ETH,BUY,2.0000,535978.000,2024-07-18 04:48:24.348
ETH,BUY,0.2155,536118.000,2024-07-18 04:48:31.192
ETH,BUY,1.3800,536123.000,2024-07-18 04:48:31.192
ETH,BUY,0.4045,536210.000,2024-07-18 04:48:31.192
ETH,BUY,2.0000,536239.000,2024-07-18 04:48:34.527
ETH,BUY,0.8000,536268.000,2024-07-18 04:48:49.655
ETH,BUY,1.2000,536326.000,2024-07-18 04:48:49.655
ETH,BUY,0.2000,536395.000,2024-07-18 04:49:15.313
ETH,BUY,0.5000,536400.000,2024-07-18 04:49:15.313
ETH,BUY,0.2342,536410.000,2024-07-18 04:49:15.313
ETH,BUY,1.0658,536413.000,2024-07-18 04:49:15.313
ETH,SELL,0.0100,535784.000,2024-07-18 04:50:00.238
ETH,BUY,2.0000,536036.000,2024-07-18 04:50:37.228
ETH,BUY,0.0100,536087.000,2024-07-18 04:50:41.593
ETH,BUY,1.9900,536123.000,2024-07-18 04:50:41.593
ETH,BUY,2.0000,536152.000,2024-07-18 04:50:44.168
ETH,BUY,2.0000,536239.000,2024-07-18 04:50:49.807
ETH,SELL,0.0715,536057.000,2024-07-18 04:50:54.032
ETH,SELL,0.0185,536057.000,2024-07-18 04:50:54.426
ETH,SELL,0.0027,535960.000,2024-07-18 04:50:54.426
ETH,BUY,0.1000,536065.000,2024-07-18 04:50:59.941
ETH,SELL,0.1000,536176.000,2024-07-18 04:51:44.932
ETH,BUY,0.0100,535430.000,2024-07-18 04:55:35.875
ETH,BUY,4.0000,535688.000,2024-07-18 04:59:43.072
ETH,BUY,4.0000,535717.000,2024-07-18 04:59:43.072
ETH,BUY,1.2955,535746.000,2024-07-18 04:59:43.072
ETH,BUY,0.0800,535550.000,2024-07-18 05:00:58.834
ETH,BUY,0.0200,535550.000,2024-07-18 05:00:58.834
ETH,BUY,0.0300,535535.000,2024-07-18 05:02:03.390
ETH,BUY,0.0700,535508.000,2024-07-18 05:02:10.730
ETH,BUY,1.9300,535572.000,2024-07-18 05:02:10.730
ETH,BUY,0.5000,535600.000,2024-07-18 05:02:30.033
ETH,BUY,0.0100,535659.000,2024-07-18 05:03:02.278
ETH,BUY,0.1700,535717.000,2024-07-18 05:05:34.216
ETH,BUY,0.0200,535891.000,2024-07-18 05:05:53.038
ETH,SELL,0.0900,535537.000,2024-07-18 05:16:10.846
ETH,SELL,0.1000,535558.000,2024-07-18 05:16:24.171
ETH,SELL,1.6798,535302.000,2024-07-18 05:16:45.670
ETH,SELL,1.6800,535301.000,2024-07-18 05:16:46.754
ETH,SELL,0.0950,535000.000,2024-07-18 05:17:31.215
ETH,SELL,0.1000,535000.000,2024-07-18 05:17:31.215
ETH,BUY,0.5000,534960.000,2024-07-18 05:17:56.355
ETH,BUY,0.0900,534963.000,2024-07-18 05:17:56.355
ETH,BUY,1.4100,535021.000,2024-07-18 05:17:56.355
ETH,SELL,0.0900,534967.000,2024-07-18 05:17:57.957
ETH,BUY,2.0000,535050.000,2024-07-18 05:18:06.223
ETH,BUY,2.0000,535137.000,2024-07-18 05:18:18.180
ETH,BUY,0.5000,535110.000,2024-07-18 05:18:51.779
ETH,BUY,0.5000,535224.000,2024-07-18 05:18:51.779
ETH,BUY,0.4000,535311.000,2024-07-18 05:19:03.797
ETH,BUY,0.0550,535330.000,2024-07-18 05:19:22.440
ETH,BUY,0.0160,535330.000,2024-07-18 05:19:36.081
ETH,SELL,0.0200,534210.000,2024-07-18 05:23:55.653
ETH,BUY,0.0100,534731.000,2024-07-18 05:29:07.327
ETH,BUY,0.0200,535398.000,2024-07-18 05:32:58.226
ETH,BUY,0.0200,535399.000,2024-07-18 05:34:07.391
ETH,BUY,0.0700,535221.000,2024-07-18 05:36:07.512
ETH,SELL,0.0159,535055.000,2024-07-18 05:37:02.941
ETH,SELL,0.0841,535542.000,2024-07-18 05:38:30.588
ETH,SELL,0.2534,535542.000,2024-07-18 05:38:30.588
ETH,SELL,0.3750,535542.000,2024-07-18 05:38:30.607
ETH,SELL,0.2087,535572.000,2024-07-18 05:38:35.934
ETH,SELL,0.0900,535715.000,2024-07-18 05:39:41.165
ETH,SELL,0.0300,535663.000,2024-07-18 05:39:41.165
ETH,SELL,0.0700,535238.000,2024-07-18 05:41:02.137
ETH,SELL,0.0223,534540.000,2024-07-18 05:41:06.976
ETH,BUY,0.1000,534673.000,2024-07-18 05:41:21.998
ETH,BUY,0.4000,534702.000,2024-07-18 05:41:21.998
ETH,BUY,0.0580,534760.000,2024-07-18 05:41:44.492
ETH,BUY,0.0500,534792.000,2024-07-18 05:43:11.809
ETH,BUY,0.0500,534761.000,2024-07-18 05:43:22.035
ETH,BUY,0.0400,534761.000,2024-07-18 05:43:34.485
ETH,BUY,1.6798,534807.000,2024-07-18 05:43:34.485
ETH,BUY,1.6800,534808.000,2024-07-18 05:43:34.485
ETH,BUY,0.2087,534864.000,2024-07-18 05:43:34.485
ETH,BUY,2.7415,534876.000,2024-07-18 05:43:34.485
ETH,SELL,0.0200,536296.000,2024-07-18 05:51:59.380
ETH,SELL,0.0784,536515.000,2024-07-18 05:55:43.363
ETH,SELL,0.0665,536493.000,2024-07-18 05:56:03.986
ETH,BUY,0.1000,536494.000,2024-07-18 05:56:13.380
ETH,BUY,0.6000,536494.000,2024-07-18 05:56:13.380
ETH,BUY,1.3600,536529.000,2024-07-18 05:56:13.380
ETH,BUY,0.6300,536587.000,2024-07-18 05:56:21.974
ETH,BUY,0.5000,536610.000,2024-07-18 05:56:21.974
ETH,BUY,2.8100,536674.000,2024-07-18 05:56:21.974
ETH,BUY,0.0200,536680.000,2024-07-18 05:56:22.546
ETH,SELL,0.0803,536493.000,2024-07-18 05:56:30.496
ETH,SELL,0.0177,536493.000,2024-07-18 05:57:12.163
ETH,BUY,1.0000,536500.000,2024-07-18 05:57:25.526
ETH,SELL,0.0144,536493.000,2024-07-18 05:57:30.187
ETH,BUY,0.2000,536587.000,2024-07-18 05:57:30.578
ETH,BUY,0.0800,536580.000,2024-07-18 05:57:38.417
ETH,BUY,0.0500,536580.000,2024-07-18 05:57:42.775
ETH,BUY,0.3580,536580.000,2024-07-18 05:57:53.068
ETH,SELL,0.0152,535862.000,2024-07-18 05:58:31.438
ETH,SELL,0.0700,535823.000,2024-07-18 06:00:14.327
ETH,SELL,0.0989,535675.000,2024-07-18 06:00:14.327
ETH,SELL,0.0311,535598.000,2024-07-18 06:00:14.327
ETH,SELL,0.1000,535775.000,2024-07-18 06:00:26.393
ETH,SELL,0.0100,535775.000,2024-07-18 06:05:33.883
ETH,SELL,0.0900,535264.000,2024-07-18 06:05:33.883
ETH,SELL,0.1000,535147.000,2024-07-18 06:06:11.337
ETH,BUY,0.0265,535224.000,2024-07-18 06:07:09.078
ETH,BUY,2.0000,535311.000,2024-07-18 06:07:20.812
ETH,BUY,0.0900,535479.000,2024-07-18 06:07:33.215
ETH,BUY,1.9100,535543.000,2024-07-18 06:07:33.215
ETH,BUY,2.0000,535601.000,2024-07-18 06:07:52.856
ETH,BUY,2.0000,535659.000,2024-07-18 06:08:08.834
ETH,BUY,0.9300,535776.000,2024-07-18 06:08:45.984
ETH,BUY,0.0700,536065.000,2024-07-18 06:08:45.984
ETH,BUY,0.2000,536094.000,2024-07-18 06:09:00.723
ETH,BUY,0.1000,536152.000,2024-07-18 06:09:17.513
ETH,BUY,0.0200,536181.000,2024-07-18 06:09:35.457
ETH,BUY,0.0120,536239.000,2024-07-18 06:09:50.758
ETH,BUY,0.0100,536680.000,2024-07-18 06:13:51.848
ETH,BUY,0.0100,536680.000,2024-07-18 06:13:51.918
ETH,BUY,0.0300,536680.000,2024-07-18 06:13:52.673
ETH,BUY,0.0100,536656.000,2024-07-18 06:16:51.342
ETH,BUY,0.0100,536656.000,2024-07-18 06:16:51.400
ETH,BUY,0.0200,536656.000,2024-07-18 06:16:52.189
ETH,BUY,0.0100,536680.000,2024-07-18 06:17:25.312
ETH,BUY,0.0100,536680.000,2024-07-18 06:17:25.412
ETH,BUY,0.0100,536680.000,2024-07-18 06:17:26.126
ETH,BUY,0.2000,536684.000,2024-07-18 06:17:26.889
ETH,BUY,0.0100,537073.000,2024-07-18 06:18:13.388
ETH,BUY,0.0100,537073.000,2024-07-18 06:18:14.096
ETH,BUY,0.0300,537073.000,2024-07-18 06:18:14.139
ETH,BUY,0.0100,537100.000,2024-07-18 06:19:55.700
ETH,BUY,0.0280,537111.000,2024-07-18 06:19:55.700
ETH,SELL,0.0283,537130.000,2024-07-18 06:24:51.427
ETH,BUY,0.0100,537169.000,2024-07-18 06:26:22.626
ETH,SELL,0.0100,537130.000,2024-07-18 06:28:21.397
ETH,BUY,0.0185,537133.000,2024-07-18 06:31:56.222
ETH,BUY,0.0030,537169.000,2024-07-18 06:37:05.161
ETH,BUY,0.0070,537352.000,2024-07-18 06:37:05.161
ETH,BUY,0.0100,537352.000,2024-07-18 06:37:05.163
ETH,BUY,0.0300,537352.000,2024-07-18 06:37:05.561
ETH,BUY,0.1000,537573.000,2024-07-18 06:37:08.119
ETH,BUY,0.0311,537977.000,2024-07-18 06:38:59.425
ETH,BUY,0.0156,538008.000,2024-07-18 06:38:59.425
ETH,BUY,2.0000,538066.000,2024-07-18 06:39:18.424
ETH,BUY,0.1000,538066.000,2024-07-18 06:39:21.437
ETH,BUY,1.9000,538153.000,2024-07-18 06:39:21.437
ETH,BUY,0.0321,538182.000,2024-07-18 06:39:37.932
ETH,BUY,0.0324,538269.000,2024-07-18 06:39:58.424
ETH,BUY,0.0127,538327.000,2024-07-18 06:42:03.957
ETH,BUY,0.0191,538385.000,2024-07-18 06:42:12.455
ETH,SELL,0.0899,538298.000,2024-07-18 06:42:17.932
ETH,BUY,0.0342,538500.000,2024-07-18 06:42:33.939
ETH,BUY,0.0158,538500.000,2024-07-18 06:43:00.433
ETH,BUY,0.0100,538617.000,2024-07-18 06:43:04.333
ETH,BUY,2.0000,538617.000,2024-07-18 06:43:04.746
ETH,BUY,2.0000,538704.000,2024-07-18 06:43:08.861
ETH,BUY,0.0307,538878.000,2024-07-18 06:43:25.433
ETH,BUY,0.0363,538936.000,2024-07-18 06:43:59.447
ETH,BUY,2.0000,538965.000,2024-07-18 06:44:25.001
ETH,BUY,2.0000,538994.000,2024-07-18 06:44:33.416
ETH,BUY,0.6300,539052.000,2024-07-18 06:44:48.667
ETH,BUY,0.2000,539139.000,2024-07-18 06:45:24.782
ETH,SELL,0.0100,539000.000,2024-07-18 06:46:02.083
ETH,BUY,0.0100,539313.000,2024-07-18 06:50:13.313
ETH,BUY,0.0500,539487.000,2024-07-18 06:51:46.982
ETH,BUY,0.1000,539777.000,2024-07-18 06:52:07.951
ETH,SELL,0.0800,539892.000,2024-07-18 06:53:06.536
ETH,SELL,0.9200,539892.000,2024-07-18 06:53:06.536
ETH,BUY,0.0200,539922.000,2024-07-18 06:53:09.720
ETH,BUY,0.0100,540000.000,2024-07-18 06:53:21.579
ETH,BUY,0.0007,540000.000,2024-07-18 06:54:19.040
ETH,BUY,0.0093,540000.000,2024-07-18 06:54:19.040
ETH,BUY,0.0007,540000.000,2024-07-18 06:54:29.890
ETH,BUY,0.3000,540000.000,2024-07-18 06:54:29.890
ETH,BUY,1.0000,540000.000,2024-07-18 06:54:29.890
ETH,BUY,0.0200,540124.000,2024-07-18 06:54:31.123
ETH,SELL,0.0900,539470.000,2024-07-18 07:02:40.070
ETH,SELL,0.0880,539470.000,2024-07-18 07:02:48.358
ETH,SELL,0.0020,539431.000,2024-07-18 07:02:48.358
ETH,SELL,0.0695,539342.000,2024-07-18 07:03:04.651
ETH,SELL,0.4305,539342.000,2024-07-18 07:03:15.283
ETH,BUY,0.0111,539209.000,2024-07-18 07:03:16.935
ETH,SELL,0.0880,539155.000,2024-07-18 07:03:19.916
ETH,SELL,0.3425,538840.000,2024-07-18 07:03:19.916
ETH,BUY,2.0000,538936.000,2024-07-18 07:03:42.330
ETH,BUY,1.3007,538992.000,2024-07-18 07:03:50.465
ETH,BUY,0.0200,538992.000,2024-07-18 07:03:50.465
ETH,BUY,0.6793,538994.000,2024-07-18 07:03:50.465
ETH,BUY,0.1300,538965.000,2024-07-18 07:03:53.621
ETH,BUY,0.4324,539020.000,2024-07-18 07:03:53.621
ETH,BUY,1.4376,539052.000,2024-07-18 07:03:53.621
ETH,BUY,0.9100,539052.000,2024-07-18 07:03:57.028
ETH,BUY,1.0900,539110.000,2024-07-18 07:03:57.028
ETH,SELL,0.1000,539165.000,2024-07-18 07:04:07.963
ETH,BUY,2.0000,539197.000,2024-07-18 07:04:10.575
ETH,BUY,2.0000,539226.000,2024-07-18 07:04:21.596
ETH,BUY,0.5000,539150.000,2024-07-18 07:05:11.391
ETH,BUY,0.0900,539199.000,2024-07-18 07:05:11.391
ETH,BUY,1.4100,539342.000,2024-07-18 07:05:11.391
ETH,SELL,0.1000,539000.000,2024-07-18 07:06:07.445
ETH,BUY,0.1000,538618.000,2024-07-18 07:06:17.828
ETH,BUY,0.0700,539023.000,2024-07-18 07:06:17.828
ETH,SELL,0.0140,538242.000,2024-07-18 07:07:13.423
ETH,BUY,1.0000,538501.000,2024-07-18 07:15:10.724
ETH,BUY,0.0200,538354.000,2024-07-18 07:18:59.424
ETH,BUY,0.0064,538530.000,2024-07-18 07:18:59.424
ETH,BUY,0.0200,538611.000,2024-07-18 07:22:45.639
ETH,BUY,0.6150,538611.000,2024-07-18 07:23:00.817
ETH,BUY,5.0000,538733.000,2024-07-18 07:23:00.817
ETH,BUY,0.3850,538762.000,2024-07-18 07:23:00.817
ETH,BUY,1.4200,538936.000,2024-07-18 07:24:09.892
ETH,BUY,0.0750,538950.000,2024-07-18 07:25:02.105
ETH,BUY,0.4000,538950.000,2024-07-18 07:26:34.758
ETH,SELL,0.1782,538815.000,2024-07-18 07:27:34.875
ETH,SELL,0.1782,538392.000,2024-07-18 07:27:38.465
ETH,SELL,0.4995,537903.000,2024-07-18 07:27:51.248
ETH,BUY,1.1600,538008.000,2024-07-18 07:28:03.381
ETH,BUY,0.8400,538066.000,2024-07-18 07:28:03.381
ETH,BUY,0.1782,537824.000,2024-07-18 07:30:23.960
ETH,SELL,0.7508,538066.000,2024-07-18 07:30:24.357
ETH,BUY,0.7000,538443.000,2024-07-18 07:34:35.053
ETH,SELL,0.0900,538474.000,2024-07-18 07:35:06.950
ETH,SELL,0.0100,538341.000,2024-07-18 07:35:06.950
ETH,SELL,0.1000,538451.000,2024-07-18 07:35:57.676
ETH,SELL,0.0340,538424.000,2024-07-18 07:35:57.676
ETH,BUY,0.5000,538646.000,2024-07-18 07:37:33.955
ETH,BUY,0.0301,537930.000,2024-07-18 07:40:09.426
ETH,BUY,0.0389,537858.000,2024-07-18 07:40:14.999
ETH,BUY,0.0100,538242.000,2024-07-18 07:44:02.785
ETH,BUY,0.1400,538269.000,2024-07-18 07:44:02.785
ETH,SELL,0.0164,538287.000,2024-07-18 07:44:05.426
ETH,SELL,0.0394,538316.000,2024-07-18 07:44:15.430
ETH,SELL,0.0200,538366.000,2024-07-18 07:44:37.447
ETH,SELL,0.0120,537725.000,2024-07-18 07:49:32.434
ETH,SELL,0.1665,537725.000,2024-07-18 07:50:11.409
ETH,SELL,0.0335,537301.000,2024-07-18 07:50:11.409
ETH,BUY,1.6700,537544.000,2024-07-18 07:52:05.422
ETH,BUY,0.2000,537805.000,2024-07-18 07:57:55.040
ETH,BUY,0.0100,537869.000,2024-07-18 07:58:10.705
ETH,SELL,0.0100,537601.000,2024-07-18 08:00:02.384
ETH,BUY,0.4797,538095.000,2024-07-18 08:06:38.717
ETH,BUY,5.0000,538211.000,2024-07-18 08:06:44.090
ETH,BUY,3.0000,538327.000,2024-07-18 08:06:44.090
ETH,BUY,0.2500,538443.000,2024-07-18 08:06:49.150
ETH,BUY,0.7700,538501.000,2024-07-18 08:07:12.900
ETH,BUY,0.0800,538838.000,2024-07-18 08:09:01.061
ETH,BUY,0.3700,538849.000,2024-07-18 08:09:01.061
ETH,BUY,0.0340,538742.000,2024-07-18 08:09:59.018
ETH,BUY,0.0160,538743.000,2024-07-18 08:09:59.018
ETH,BUY,0.0100,538849.000,2024-07-18 08:13:17.792
ETH,BUY,0.0100,538805.000,2024-07-18 08:18:15.040
ETH,BUY,0.0217,538766.000,2024-07-18 08:18:22.949
ETH,BUY,0.6000,538907.000,2024-07-18 08:19:05.910
ETH,BUY,0.0450,537776.000,2024-07-18 08:25:09.184
ETH,SELL,0.2000,538660.000,2024-07-18 08:37:34.075
ETH,SELL,0.1000,538659.000,2024-07-18 08:37:34.075
ETH,SELL,0.1000,538659.000,2024-07-18 08:37:34.075
ETH,SELL,0.6000,538525.000,2024-07-18 08:37:34.075
ETH,BUY,0.0500,538747.000,2024-07-18 08:38:58.720
ETH,BUY,0.0500,538748.000,2024-07-18 08:39:38.554
ETH,BUY,0.0100,538748.000,2024-07-18 08:45:14.598
ETH,BUY,0.3000,538748.000,2024-07-18 08:45:14.653
ETH,BUY,0.0150,538748.000,2024-07-18 08:45:15.079
ETH,BUY,0.1000,538762.000,2024-07-18 08:45:15.079
ETH,BUY,0.2050,538778.000,2024-07-18 08:45:15.079
ETH,BUY,0.0300,538778.000,2024-07-18 08:45:15.136
ETH,BUY,0.0100,538763.000,2024-07-18 08:45:15.484
ETH,BUY,0.0184,538950.000,2024-07-18 08:46:00.625
ETH,BUY,0.0066,538950.000,2024-07-18 08:46:02.725
ETH,BUY,0.0234,539023.000,2024-07-18 08:46:02.725
ETH,BUY,0.0100,539023.000,2024-07-18 08:46:03.064
ETH,BUY,0.3200,539023.000,2024-07-18 08:46:03.083
ETH,BUY,0.4000,539023.000,2024-07-18 08:46:03.223
ETH,BUY,0.0100,539108.000,2024-07-18 08:46:03.558
ETH,BUY,0.1500,539108.000,2024-07-18 08:46:03.595
ETH,BUY,0.0435,539500.000,2024-07-18 08:47:52.203
ETH,BUY,0.6000,539532.000,2024-07-18 08:47:52.203
ETH,BUY,1.6200,539652.000,2024-07-18 08:47:52.203
ETH,BUY,0.0100,539777.000,2024-07-18 08:47:52.249
ETH,BUY,0.5000,539851.000,2024-07-18 08:48:12.924
ETH,BUY,0.0100,539852.000,2024-07-18 08:48:12.924
ETH,BUY,3.2265,539864.000,2024-07-18 08:48:12.924
ETH,BUY,0.0280,540000.000,2024-07-18 08:48:17.958
ETH,BUY,0.0020,540002.000,2024-07-18 08:48:17.958
ETH,BUY,0.0100,540002.000,2024-07-18 08:48:30.252
ETH,BUY,0.0100,540002.000,2024-07-18 08:48:48.662
ETH,SELL,0.0135,539962.000,2024-07-18 08:50:25.406
ETH,SELL,0.0995,539965.000,2024-07-18 08:50:32.868
ETH,SELL,0.0934,539995.000,2024-07-18 08:50:35.723
ETH,BUY,0.0030,540002.000,2024-07-18 08:50:37.948
ETH,BUY,0.0359,540002.000,2024-07-18 08:50:37.948
ETH,SELL,0.0771,540001.000,2024-07-18 08:50:41.803
ETH,BUY,0.0116,540002.000,2024-07-18 08:50:44.035
ETH,BUY,0.0196,540002.000,2024-07-18 08:51:11.153
ETH,BUY,0.5548,540002.000,2024-07-18 08:51:11.259
ETH,BUY,0.1380,540002.000,2024-07-18 08:51:12.793
ETH,BUY,0.5549,540002.000,2024-07-18 08:51:13.194
ETH,BUY,0.0700,540002.000,2024-07-18 08:51:13.634
ETH,BUY,0.4000,540002.000,2024-07-18 08:51:13.812
ETH,BUY,0.0852,540002.000,2024-07-18 08:51:14.072
ETH,BUY,0.1000,540598.000,2024-07-18 08:52:41.542
ETH,BUY,0.0380,540700.000,2024-07-18 08:53:34.600
ETH,SELL,0.0479,540777.000,2024-07-18 08:53:38.248
ETH,BUY,0.0100,540778.000,2024-07-18 08:53:41.425
ETH,BUY,0.0100,540958.000,2024-07-18 08:53:41.530
ETH,BUY,0.0100,540958.000,2024-07-18 08:53:41.613
ETH,BUY,0.0183,541251.000,2024-07-18 08:53:49.314
ETH,BUY,0.0100,541251.000,2024-07-18 08:53:54.352
ETH,BUY,0.4500,541251.000,2024-07-18 08:54:04.712
ETH,BUY,0.0217,541251.000,2024-07-18 08:54:18.414
ETH,BUY,0.0400,541530.000,2024-07-18 08:54:26.550
ETH,BUY,0.0100,541530.000,2024-07-18 08:54:26.551
ETH,BUY,0.0200,541538.000,2024-07-18 08:54:26.551
ETH,BUY,0.0500,541538.000,2024-07-18 08:54:27.040
ETH,BUY,0.3100,541778.000,2024-07-18 08:54:27.040
ETH,BUY,0.1000,542000.000,2024-07-18 08:55:31.740
ETH,BUY,0.0597,542015.000,2024-07-18 08:55:31.740
ETH,SELL,0.0999,542078.000,2024-07-18 08:55:41.608
ETH,SELL,0.1000,542068.000,2024-07-18 08:55:42.613
ETH,BUY,0.1000,542079.000,2024-07-18 08:55:47.180
ETH,BUY,0.1130,542096.000,2024-07-18 08:55:47.180
ETH,BUY,1.1703,542097.000,2024-07-18 08:55:47.180
ETH,SELL,0.0100,542000.000,2024-07-18 08:56:43.325
ETH,SELL,0.1335,541859.000,2024-07-18 08:56:43.325
ETH,BUY,0.1335,541855.000,2024-07-18 08:57:38.345
ETH,SELL,0.0001,542066.000,2024-07-18 09:00:04.373
ETH,SELL,0.0999,541860.000,2024-07-18 09:00:05.049
ETH,SELL,0.1000,542096.000,2024-07-18 09:00:26.758
ETH,SELL,0.0900,542096.000,2024-07-18 09:00:26.758
ETH,SELL,0.2600,542096.000,2024-07-18 09:00:26.758
ETH,SELL,0.0443,542000.000,2024-07-18 09:01:12.962
ETH,SELL,0.0404,542000.000,2024-07-18 09:01:19.546
ETH,SELL,0.0746,542000.000,2024-07-18 09:02:07.092
ETH,SELL,0.0185,542000.000,2024-07-18 09:02:22.414
ETH,SELL,0.2387,542000.000,2024-07-18 09:02:24.014
ETH,SELL,0.0170,541540.000,2024-07-18 09:02:24.014
ETH,SELL,0.0100,541459.000,2024-07-18 09:02:26.507
ETH,SELL,0.1000,541431.000,2024-07-18 09:02:27.683
ETH,SELL,0.1500,541407.000,2024-07-18 09:02:27.683
ETH,SELL,0.1000,541179.000,2024-07-18 09:02:33.173
ETH,SELL,0.0100,541098.000,2024-07-18 09:02:45.113
ETH,SELL,0.2000,541098.000,2024-07-18 09:02:57.822
ETH,BUY,0.0480,541001.000,2024-07-18 09:04:13.712
ETH,BUY,0.3600,541001.000,2024-07-18 09:05:43.694
ETH,SELL,0.0704,541002.000,2024-07-18 09:08:26.583
ETH,BUY,0.0300,541082.000,2024-07-18 09:08:45.872
ETH,SELL,0.0100,541000.000,2024-07-18 09:10:12.949
ETH,SELL,0.1900,541000.000,2024-07-18 09:10:12.949
ETH,SELL,0.7000,541000.000,2024-07-18 09:12:40.755
ETH,BUY,0.0900,541001.000,2024-07-18 09:12:45.281
ETH,BUY,0.2000,541070.000,2024-07-18 09:12:45.281
ETH,BUY,0.0790,541074.000,2024-07-18 09:12:45.281
ETH,SELL,0.0360,541000.000,2024-07-18 09:14:33.865
ETH,SELL,0.0172,540643.000,2024-07-18 09:14:33.865
ETH,SELL,0.2460,540608.000,2024-07-18 09:15:02.896
ETH,SELL,0.5948,540511.000,2024-07-18 09:15:05.234
ETH,SELL,0.0100,540366.000,2024-07-18 09:15:36.226
ETH,SELL,0.4000,540366.000,2024-07-18 09:15:36.312
ETH,SELL,0.0100,540975.000,2024-07-18 09:18:45.229
ETH,SELL,0.0300,540975.000,2024-07-18 09:18:46.798
ETH,SELL,0.0666,540820.000,2024-07-18 09:19:11.158
ETH,SELL,0.0034,540817.000,2024-07-18 09:19:11.158
ETH,SELL,0.2000,540818.000,2024-07-18 09:19:11.936
ETH,SELL,0.0100,540820.000,2024-07-18 09:19:16.412
ETH,SELL,0.0700,540726.000,2024-07-18 09:19:26.684
ETH,SELL,0.0700,540787.000,2024-07-18 09:19:42.405
ETH,SELL,0.0700,540731.000,2024-07-18 09:19:57.668
ETH,SELL,0.2000,540732.000,2024-07-18 09:19:57.887
ETH,SELL,0.1000,540723.000,2024-07-18 09:19:59.172
ETH,SELL,0.0100,540761.000,2024-07-18 09:20:13.499
ETH,SELL,0.2000,540761.000,2024-07-18 09:20:13.554
ETH,SELL,0.0700,540761.000,2024-07-18 09:20:13.617
ETH,SELL,0.2000,540765.000,2024-07-18 09:20:14.404
ETH,SELL,0.1200,540761.000,2024-07-18 09:20:14.404
ETH,SELL,0.0100,540761.000,2024-07-18 09:20:14.449
ETH,SELL,0.0300,540761.000,2024-07-18 09:20:14.570
ETH,SELL,0.0300,540663.000,2024-07-18 09:20:44.673
ETH,SELL,0.0400,540663.000,2024-07-18 09:20:44.673
ETH,SELL,0.0100,540663.000,2024-07-18 09:20:45.099
ETH,SELL,0.0100,540463.000,2024-07-18 09:20:45.410
ETH,SELL,0.0300,540463.000,2024-07-18 09:20:45.616
ETH,SELL,0.3200,540463.000,2024-07-18 09:20:46.680
ETH,SELL,0.0700,540547.000,2024-07-18 09:20:59.890
ETH,SELL,0.1000,540530.000,2024-07-18 09:21:17.283
ETH,SELL,0.0900,540519.000,2024-07-18 09:21:48.766
ETH,SELL,0.0100,540439.000,2024-07-18 09:21:48.766
ETH,SELL,0.3200,540604.000,2024-07-18 09:22:02.155
ETH,SELL,0.0300,540604.000,2024-07-18 09:22:02.281
ETH,SELL,0.0100,540448.000,2024-07-18 09:22:02.580
ETH,SELL,0.0100,540206.000,2024-07-18 09:22:03.058
ETH,SELL,0.2000,540281.000,2024-07-18 09:22:34.871
ETH,SELL,0.1000,540281.000,2024-07-18 09:22:35.470
ETH,SELL,0.2000,540344.000,2024-07-18 09:23:05.156
ETH,SELL,0.0100,540497.000,2024-07-18 09:23:20.634
ETH,SELL,0.0300,540497.000,2024-07-18 09:23:20.765
ETH,SELL,0.0100,540497.000,2024-07-18 09:23:20.767
ETH,SELL,0.1200,540497.000,2024-07-18 09:23:21.082
ETH,SELL,0.2000,540417.000,2024-07-18 09:23:21.082
ETH,BUY,0.0100,540508.000,2024-07-18 09:24:13.193
ETH,SELL,0.2000,540617.000,2024-07-18 09:24:23.069
ETH,SELL,0.1000,540874.000,2024-07-18 09:24:55.572
ETH,SELL,0.0100,541009.000,2024-07-18 09:25:09.468
ETH,SELL,0.3200,541009.000,2024-07-18 09:25:09.578
ETH,SELL,0.0300,541009.000,2024-07-18 09:25:09.579
ETH,SELL,0.0100,541052.000,2024-07-18 09:25:10.116
ETH,SELL,0.2000,541100.000,2024-07-18 09:25:25.010
ETH,SELL,0.1200,541098.000,2024-07-18 09:25:25.010
ETH,SELL,0.2000,541137.000,2024-07-18 09:25:25.406
ETH,SELL,0.0100,541137.000,2024-07-18 09:25:25.423
ETH,SELL,0.0100,541137.000,2024-07-18 09:25:25.437
ETH,SELL,0.0300,541137.000,2024-07-18 09:25:25.553
ETH,SELL,0.1000,541161.000,2024-07-18 09:25:26.357
ETH,BUY,0.0400,541370.000,2024-07-18 09:30:44.255
ETH,SELL,0.0100,541360.000,2024-07-18 09:31:23.034
ETH,BUY,0.0700,541147.000,2024-07-18 09:32:49.579
ETH,BUY,0.0210,541189.000,2024-07-18 09:33:12.086
ETH,BUY,0.1100,541150.000,2024-07-18 09:43:10.978
ETH,BUY,0.0100,541080.000,2024-07-18 09:43:24.532
ETH,BUY,0.0200,541010.000,2024-07-18 09:45:50.807
ETH,BUY,0.0100,541200.000,2024-07-18 09:48:20.975
ETH,BUY,0.0600,541030.000,2024-07-18 09:55:54.113
ETH,BUY,0.0900,541055.000,2024-07-18 09:55:54.113
ETH,BUY,1.5100,541057.000,2024-07-18 09:55:54.113
ETH,SELL,0.5000,540429.000,2024-07-18 10:03:30.191
ETH,BUY,0.1000,540265.000,2024-07-18 10:06:15.284
ETH,BUY,0.0100,540266.000,2024-07-18 10:06:15.284
ETH,BUY,0.2000,540270.000,2024-07-18 10:06:15.284
ETH,BUY,0.1463,540270.000,2024-07-18 10:06:15.284
ETH,BUY,0.1937,540272.000,2024-07-18 10:06:15.284
ETH,BUY,0.0200,540287.000,2024-07-18 10:07:09.479
ETH,SELL,0.0101,540000.000,2024-07-18 10:09:56.393
ETH,SELL,0.0087,540000.000,2024-07-18 10:10:19.896
ETH,SELL,0.0013,540000.000,2024-07-18 10:10:19.896
ETH,SELL,0.0100,540000.000,2024-07-18 10:10:19.940
ETH,SELL,0.0100,540000.000,2024-07-18 10:10:20.524
ETH,SELL,0.0200,540000.000,2024-07-18 10:10:36.298
ETH,SELL,0.0100,540000.000,2024-07-18 10:10:43.520
ETH,SELL,0.0045,540000.000,2024-07-18 10:10:43.566
ETH,SELL,0.0055,539796.000,2024-07-18 10:10:43.566
ETH,BUY,0.0100,539799.000,2024-07-18 10:21:09.087
ETH,BUY,0.1900,539805.000,2024-07-18 10:21:09.087
ETH,BUY,0.0900,539756.000,2024-07-18 10:21:20.577
ETH,BUY,0.0128,539757.000,2024-07-18 10:21:20.577
ETH,BUY,1.4445,539830.000,2024-07-18 10:21:20.577
ETH,BUY,2.4527,539835.000,2024-07-18 10:21:20.577
ETH,BUY,0.0145,539864.000,2024-07-18 10:21:22.976
ETH,BUY,1.4430,539851.000,2024-07-18 10:22:01.187
ETH,SELL,0.5400,539512.000,2024-07-18 10:23:29.864
ETH,SELL,0.0100,539368.000,2024-07-18 10:24:36.698
ETH,SELL,1.0000,539163.000,2024-07-18 10:25:54.432
ETH,SELL,0.0100,538919.000,2024-07-18 10:30:02.467
ETH,SELL,0.0271,538919.000,2024-07-18 10:30:02.599
ETH,SELL,0.0029,538700.000,2024-07-18 10:30:02.599
ETH,SELL,0.0100,538700.000,2024-07-18 10:30:02.941
ETH,SELL,0.0748,538868.000,2024-07-18 10:33:05.941
ETH,BUY,0.0582,538869.000,2024-07-18 10:34:12.004
ETH,BUY,0.0582,538936.000,2024-07-18 10:34:14.949
ETH,BUY,0.1000,539110.000,2024-07-18 10:36:42.926
ETH,BUY,0.5000,539255.000,2024-07-18 10:41:20.562
ETH,BUY,0.0500,539036.000,2024-07-18 10:42:46.731
ETH,BUY,0.6100,539036.000,2024-07-18 10:42:46.731
ETH,BUY,0.0100,539114.000,2024-07-18 10:42:46.731
ETH,BUY,0.0200,539156.000,2024-07-18 10:44:58.940
ETH,SELL,0.0100,539155.000,2024-07-18 10:45:53.820
ETH,SELL,0.0100,539155.000,2024-07-18 10:45:54.454
ETH,SELL,0.0300,539155.000,2024-07-18 10:45:54.541
ETH,SELL,0.0300,539155.000,2024-07-18 10:45:55.092
ETH,SELL,0.1700,539155.000,2024-07-18 10:50:19.377
ETH,SELL,0.0300,539155.000,2024-07-18 10:50:19.378
ETH,SELL,0.0100,539155.000,2024-07-18 10:50:19.379
ETH,SELL,0.0100,539155.000,2024-07-18 10:50:19.419
ETH,BUY,0.0100,539371.000,2024-07-18 10:52:36.212
ETH,BUY,1.0000,539500.000,2024-07-18 10:54:10.061
ETH,BUY,0.0100,539500.000,2024-07-18 10:54:10.061
ETH,BUY,0.1000,539690.000,2024-07-18 10:58:07.718
ETH,BUY,0.0185,539511.000,2024-07-18 10:59:44.038
ETH,BUY,0.0150,539279.000,2024-07-18 11:21:01.399
ETH,BUY,0.0150,539429.000,2024-07-18 11:21:04.043
ETH,BUY,0.0133,539516.000,2024-07-18 11:21:26.574
ETH,SELL,0.0100,539333.000,2024-07-18 11:21:48.604
ETH,BUY,0.0313,539281.000,2024-07-18 11:22:23.914
ETH,BUY,0.0287,539281.000,2024-07-18 11:22:23.966
ETH,BUY,0.0402,539291.000,2024-07-18 11:22:23.966
ETH,BUY,0.0059,539308.000,2024-07-18 11:22:23.966
ETH,BUY,0.0402,539307.000,2024-07-18 11:22:27.428
ETH,BUY,0.1000,539458.000,2024-07-18 11:23:50.257
ETH,BUY,0.0100,539776.000,2024-07-18 11:28:01.342
ETH,BUY,0.0100,539806.000,2024-07-18 11:28:01.342
ETH,BUY,0.0260,539864.000,2024-07-18 11:28:24.713
ETH,BUY,0.0500,540000.000,2024-07-18 11:36:20.966
ETH,BUY,0.0500,540120.000,2024-07-18 11:36:20.966
ETH,SELL,0.2000,540095.000,2024-07-18 11:37:18.690
ETH,SELL,1.0000,540092.000,2024-07-18 11:37:18.690
ETH,BUY,0.1520,540270.000,2024-07-18 11:40:06.275
ETH,BUY,0.0100,540496.000,2024-07-18 11:41:42.784
ETH,BUY,0.2280,540502.000,2024-07-18 11:41:42.784
ETH,BUY,0.0200,540594.000,2024-07-18 11:41:46.420
ETH,BUY,0.0400,540935.000,2024-07-18 11:44:52.571
ETH,BUY,0.0410,541200.000,2024-07-18 11:49:28.716
ETH,BUY,0.0100,541200.000,2024-07-18 11:53:04.603
ETH,BUY,0.0900,541200.000,2024-07-18 11:53:06.631
ETH,SELL,0.6969,541199.000,2024-07-18 11:53:09.182
ETH,BUY,0.0700,541200.000,2024-07-18 11:56:47.255
ETH,BUY,0.1890,541200.000,2024-07-18 11:56:47.432
ETH,BUY,0.0110,541394.000,2024-07-18 11:56:47.432
ETH,BUY,0.1000,541394.000,2024-07-18 11:56:49.082
ETH,BUY,0.0100,541935.000,2024-07-18 12:01:35.229
ETH,BUY,0.0300,542100.000,2024-07-18 12:02:09.502
ETH,BUY,0.0100,542500.000,2024-07-18 12:02:34.087
ETH,BUY,0.0100,542500.000,2024-07-18 12:02:34.171
ETH,BUY,0.0100,542500.000,2024-07-18 12:02:46.744
ETH,BUY,0.0080,542500.000,2024-07-18 12:02:48.572
ETH,BUY,0.9920,542658.000,2024-07-18 12:03:06.459
ETH,BUY,0.1000,542657.000,2024-07-18 12:04:05.662
ETH,BUY,0.1000,542658.000,2024-07-18 12:04:05.662
ETH,SELL,0.0100,542656.000,2024-07-18 12:04:09.153
ETH,SELL,0.0184,542656.000,2024-07-18 12:04:23.043
ETH,BUY,0.1000,542657.000,2024-07-18 12:06:00.842
ETH,BUY,1.0000,542657.000,2024-07-18 12:06:00.842
ETH,SELL,0.0500,542657.000,2024-07-18 12:06:17.530
ETH,SELL,0.0300,542657.000,2024-07-18 12:06:42.237
ETH,SELL,0.0700,542657.000,2024-07-18 12:06:42.426
ETH,SELL,0.0100,542657.000,2024-07-18 12:06:43.094
ETH,BUY,0.5316,542658.000,2024-07-18 12:06:43.604
ETH,BUY,0.0800,542658.000,2024-07-18 12:07:15.894
ETH,SELL,0.0200,542657.000,2024-07-18 12:07:26.611
ETH,SELL,0.0370,542656.000,2024-07-18 12:07:26.611
ETH,SELL,0.0300,542656.000,2024-07-18 12:09:43.146
ETH,SELL,0.0100,542656.000,2024-07-18 12:09:43.413
ETH,SELL,0.0100,542656.000,2024-07-18 12:09:43.419
ETH,SELL,0.0300,542656.000,2024-07-18 12:09:43.901
ETH,BUY,0.0470,542825.000,2024-07-18 12:14:14.463
ETH,BUY,0.0570,543000.000,2024-07-18 12:14:17.440
ETH,BUY,0.1770,543000.000,2024-07-18 12:14:42.992
ETH,BUY,0.0200,542994.000,2024-07-18 12:14:55.374
ETH,BUY,0.0200,543000.000,2024-07-18 12:14:57.425
ETH,BUY,0.0100,542985.000,2024-07-18 12:15:19.370
ETH,SELL,0.1000,542936.000,2024-07-18 12:16:47.407
ETH,SELL,0.0500,542900.000,2024-07-18 12:16:47.407
ETH,SELL,0.0600,542656.000,2024-07-18 12:18:30.464
ETH,SELL,1.0000,542253.000,2024-07-18 12:18:31.142
ETH,SELL,0.3000,542100.000,2024-07-18 12:18:31.142
ETH,SELL,0.7000,542434.000,2024-07-18 12:19:03.717
ETH,BUY,0.1800,542474.000,2024-07-18 12:19:14.539
ETH,BUY,0.0500,542373.000,2024-07-18 12:19:42.429
ETH,BUY,0.4000,542378.000,2024-07-18 12:19:42.429
ETH,BUY,0.0900,542416.000,2024-07-18 12:19:50.381
ETH,BUY,0.0100,542496.000,2024-07-18 12:20:32.428
ETH,BUY,0.0400,542532.000,2024-07-18 12:20:32.428
ETH,SELL,0.3400,542100.000,2024-07-18 12:21:53.499
ETH,BUY,1.0000,542213.000,2024-07-18 12:22:04.638
ETH,BUY,1.2120,542242.000,2024-07-18 12:22:04.638
ETH,SELL,0.3600,542100.000,2024-07-18 12:23:10.471
ETH,BUY,0.1500,542200.000,2024-07-18 12:24:58.162
ETH,BUY,0.0442,542064.000,2024-07-18 12:25:52.175
ETH,BUY,0.0500,541993.000,2024-07-18 12:26:44.635
ETH,SELL,0.0237,541730.000,2024-07-18 12:30:04.222
ETH,SELL,0.0600,541523.000,2024-07-18 12:31:14.249
ETH,SELL,0.0250,541719.000,2024-07-18 12:34:08.239
ETH,BUY,0.0565,541988.000,2024-07-18 12:35:39.467
ETH,BUY,0.0665,541993.000,2024-07-18 12:35:41.998
ETH,BUY,0.2030,541993.000,2024-07-18 12:35:47.126
ETH,BUY,0.0100,541993.000,2024-07-18 12:35:48.500
ETH,BUY,0.0305,541993.000,2024-07-18 12:35:48.963
ETH,BUY,0.1695,542200.000,2024-07-18 12:35:48.963
ETH,BUY,0.4000,542200.000,2024-07-18 12:35:50.740
ETH,BUY,0.3705,542200.000,2024-07-18 12:36:28.329
ETH,BUY,0.0964,542348.000,2024-07-18 12:36:28.862
ETH,BUY,0.5000,542804.000,2024-07-18 12:36:33.947
ETH,BUY,0.4900,542804.000,2024-07-18 12:36:34.028
ETH,BUY,0.0100,542744.000,2024-07-18 12:40:04.029
ETH,BUY,0.1324,542999.000,2024-07-18 12:41:47.385
ETH,BUY,0.0460,543000.000,2024-07-18 12:41:47.385
ETH,BUY,0.0250,543002.000,2024-07-18 12:41:47.385
ETH,BUY,0.0291,543097.000,2024-07-18 12:41:47.385
ETH,BUY,0.1675,543156.000,2024-07-18 12:41:47.385
ETH,BUY,0.0391,543160.000,2024-07-18 12:41:50.930
ETH,SELL,0.2305,542856.000,2024-07-18 12:42:13.204
ETH,SELL,0.2595,542804.000,2024-07-18 12:42:13.204
ETH,BUY,0.0100,542451.000,2024-07-18 12:42:50.625
ETH,BUY,0.0544,542640.000,2024-07-18 12:42:50.625
ETH,BUY,0.0544,542586.000,2024-07-18 12:42:53.472
ETH,BUY,0.0100,542499.000,2024-07-18 12:43:48.333
ETH,BUY,0.1000,542505.000,2024-07-18 12:43:48.333
ETH,BUY,0.0500,542509.000,2024-07-18 12:43:48.333
ETH,BUY,0.0300,542947.000,2024-07-18 12:45:46.163
ETH,BUY,0.0100,542950.000,2024-07-18 12:45:51.707
ETH,BUY,0.2000,542950.000,2024-07-18 12:45:51.742
ETH,BUY,0.0180,542950.000,2024-07-18 12:45:52.664
ETH,BUY,0.0100,542950.000,2024-07-18 12:45:59.690
ETH,BUY,0.0300,542950.000,2024-07-18 12:45:59.692
ETH,BUY,0.0100,542950.000,2024-07-18 12:46:00.122
ETH,BUY,0.3200,542950.000,2024-07-18 12:46:00.272
ETH,BUY,0.4020,542950.000,2024-07-18 12:46:00.699
ETH,BUY,0.1980,543293.000,2024-07-18 12:46:00.699
ETH,BUY,0.0100,543203.000,2024-07-18 12:46:04.086
ETH,BUY,0.0143,543099.000,2024-07-18 12:46:20.589
ETH,BUY,0.0243,543243.000,2024-07-18 12:46:23.472
ETH,BUY,0.0100,543455.000,2024-07-18 12:48:48.218
ETH,BUY,0.2000,543768.000,2024-07-18 12:49:16.288
ETH,BUY,0.5971,543901.000,2024-07-18 12:49:17.118
ETH,BUY,0.1000,544100.000,2024-07-18 12:49:18.097
ETH,SELL,0.7000,544056.000,2024-07-18 12:52:02.871
ETH,BUY,0.0100,544103.000,2024-07-18 12:55:17.689
ETH,BUY,0.0200,544113.000,2024-07-18 12:55:19.975
ETH,BUY,0.2496,544119.000,2024-07-18 12:56:42.323
ETH,BUY,0.0504,544120.000,2024-07-18 12:56:42.323
ETH,SELL,0.0100,544115.000,2024-07-18 12:57:05.993
ETH,BUY,0.0600,544117.000,2024-07-18 12:57:09.234
ETH,SELL,0.0100,544115.000,2024-07-18 12:57:25.513
ETH,BUY,0.0200,544175.000,2024-07-18 12:59:29.779
ETH,SELL,0.0200,544435.000,2024-07-18 13:00:26.070
ETH,BUY,1.0000,544562.000,2024-07-18 13:01:20.697
ETH,BUY,0.0450,544562.000,2024-07-18 13:01:20.697
ETH,BUY,0.0110,544637.000,2024-07-18 13:02:06.795
ETH,SELL,0.0100,544037.000,2024-07-18 13:04:29.047
ETH,SELL,0.0300,544037.000,2024-07-18 13:04:29.137
ETH,SELL,0.1000,544037.000,2024-07-18 13:04:29.318
ETH,SELL,0.0100,544000.000,2024-07-18 13:04:29.318
ETH,SELL,0.0900,543932.000,2024-07-18 13:04:29.318
ETH,SELL,0.0100,543911.000,2024-07-18 13:04:29.542
ETH,BUY,0.0100,544518.000,2024-07-18 13:05:51.233
ETH,SELL,0.1000,544677.000,2024-07-18 13:05:53.401
ETH,SELL,0.7000,544649.000,2024-07-18 13:05:53.401
ETH,SELL,0.1000,544648.000,2024-07-18 13:05:53.401
ETH,SELL,0.7824,544518.000,2024-07-18 13:05:53.401
ETH,BUY,0.0100,544470.000,2024-07-18 13:07:47.909
ETH,BUY,0.0900,544500.000,2024-07-18 13:07:47.909
ETH,BUY,0.0200,544500.000,2024-07-18 13:07:51.014
ETH,BUY,0.8900,544500.000,2024-07-18 13:10:30.034
ETH,BUY,1.0000,544653.000,2024-07-18 13:10:30.034
ETH,BUY,0.1100,544958.000,2024-07-18 13:10:30.034
ETH,BUY,0.3000,544737.000,2024-07-18 13:10:39.440
ETH,BUY,0.1998,544737.000,2024-07-18 13:10:39.521
ETH,BUY,0.0134,545000.000,2024-07-18 13:11:22.698
ETH,BUY,0.1383,545000.000,2024-07-18 13:11:22.698
ETH,BUY,0.2617,545000.000,2024-07-18 13:11:23.170
ETH,BUY,0.0100,545000.000,2024-07-18 13:11:23.170
ETH,BUY,0.0285,545000.000,2024-07-18 13:11:23.170
ETH,BUY,0.1345,545000.000,2024-07-18 13:11:23.293
ETH,BUY,0.0100,545000.000,2024-07-18 13:11:23.293
ETH,BUY,0.0100,545127.000,2024-07-18 13:11:23.293
ETH,BUY,0.0455,545179.000,2024-07-18 13:11:23.293
ETH,BUY,0.0800,545416.000,2024-07-18 13:11:25.604
ETH,BUY,0.0100,545416.000,2024-07-18 13:11:25.867
ETH,BUY,0.0202,545693.000,2024-07-18 13:11:36.932
ETH,SELL,1.0000,545351.000,2024-07-18 13:11:41.022
ETH,BUY,1.0000,545483.000,2024-07-18 13:11:42.288
ETH,BUY,0.0500,545698.000,2024-07-18 13:11:45.860
ETH,SELL,1.0000,545486.000,2024-07-18 13:11:51.070
ETH,SELL,1.0000,545441.000,2024-07-18 13:12:00.026
ETH,BUY,0.0300,546000.000,2024-07-18 13:13:14.405
ETH,BUY,0.1700,546038.000,2024-07-18 13:13:14.405
ETH,SELL,1.0000,545999.000,2024-07-18 13:13:15.271
ETH,BUY,0.1000,545376.000,2024-07-18 13:14:26.909
ETH,BUY,0.0130,545216.000,2024-07-18 13:14:47.841
ETH,BUY,0.6250,545313.000,2024-07-18 13:16:00.967
ETH,BUY,0.0120,545680.000,2024-07-18 13:16:18.277
ETH,BUY,0.0790,545680.000,2024-07-18 13:16:18.277
ETH,BUY,0.0121,545674.000,2024-07-18 13:16:18.667
ETH,BUY,0.0669,545689.000,2024-07-18 13:16:18.985
ETH,BUY,0.0341,545501.000,2024-07-18 13:16:20.947
