symbol,side,size,price,timestamp
ETH,BUY,0.0330,482362.000,2024-07-08 21:00:14.491
ETH,BUY,0.3700,482362.000,2024-07-08 21:00:14.630
ETH,BUY,0.2000,482521.000,2024-07-08 21:00:39.626
ETH,BUY,0.3200,482454.000,2024-07-08 21:01:11.359
ETH,BUY,0.0300,482454.000,2024-07-08 21:01:11.549
ETH,BUY,0.0155,482246.000,2024-07-08 21:02:29.636
ETH,BUY,0.0100,482243.000,2024-07-08 21:02:32.859
ETH,SELL,0.0555,482201.000,2024-07-08 21:02:32.865
ETH,SELL,0.0100,482200.000,2024-07-08 21:02:32.865
ETH,SELL,1.0000,481923.000,2024-07-08 21:02:32.865
ETH,SELL,0.0100,481900.000,2024-07-08 21:02:32.865
ETH,SELL,0.6745,481900.000,2024-07-08 21:02:32.865
ETH,SELL,0.0500,481851.000,2024-07-08 21:03:05.135
ETH,SELL,0.0100,481851.000,2024-07-08 21:03:05.511
ETH,SELL,0.0100,481851.000,2024-07-08 21:03:05.698
ETH,SELL,0.0300,481851.000,2024-07-08 21:03:06.525
ETH,SELL,0.0100,481600.000,2024-07-08 21:03:06.854
ETH,SELL,0.0900,481421.000,2024-07-08 21:03:06.854
ETH,SELL,0.0100,481300.000,2024-07-08 21:04:20.916
ETH,SELL,0.0100,481000.000,2024-07-08 21:05:16.020
ETH,BUY,0.2000,480974.000,2024-07-08 21:05:50.078
ETH,BUY,0.2000,481271.000,2024-07-08 21:07:22.639
ETH,BUY,0.0100,481300.000,2024-07-08 21:07:43.828
ETH,BUY,0.0100,481497.000,2024-07-08 21:07:44.616
ETH,BUY,0.0100,481600.000,2024-07-08 21:08:13.630
ETH,BUY,0.1900,481647.000,2024-07-08 21:08:13.630
ETH,BUY,0.6223,481647.000,2024-07-08 21:08:14.506
ETH,BUY,0.0200,481647.000,2024-07-08 21:08:15.323
ETH,BUY,0.0100,481900.000,2024-07-08 21:09:18.908
ETH,BUY,0.1900,482100.000,2024-07-08 21:09:18.908
ETH,BUY,0.3100,482100.000,2024-07-08 21:09:22.365
ETH,BUY,0.0100,482109.000,2024-07-08 21:09:37.681
ETH,BUY,0.0092,482109.000,2024-07-08 21:09:38.122
ETH,BUY,0.0100,482200.000,2024-07-08 21:09:38.122
ETH,BUY,0.1808,482200.000,2024-07-08 21:09:38.122
ETH,BUY,0.2000,482200.000,2024-07-08 21:09:39.496
ETH,BUY,0.1192,482200.000,2024-07-08 21:10:04.467
ETH,BUY,0.0808,482400.000,2024-07-08 21:10:04.467
ETH,BUY,0.2000,482400.000,2024-07-08 21:10:05.807
ETH,BUY,0.2000,482388.000,2024-07-08 21:14:22.382
ETH,BUY,0.4000,482388.000,2024-07-08 21:14:23.091
ETH,BUY,0.3200,482388.000,2024-07-08 21:14:23.296
ETH,BUY,0.2000,482388.000,2024-07-08 21:14:26.312
ETH,BUY,0.1300,482388.000,2024-07-08 21:14:27.170
ETH,BUY,0.2192,482400.000,2024-07-08 21:14:30.912
ETH,BUY,0.0100,482500.000,2024-07-08 21:14:32.069
ETH,BUY,0.3208,482500.000,2024-07-08 21:14:32.069
ETH,BUY,0.0274,482500.000,2024-07-08 21:14:34.553
ETH,BUY,0.1518,482500.000,2024-07-08 21:14:36.074
ETH,BUY,0.0100,482800.000,2024-07-08 21:14:39.657
ETH,BUY,0.1900,483034.000,2024-07-08 21:14:39.657
ETH,BUY,0.0100,483100.000,2024-07-08 21:14:59.700
ETH,BUY,0.1900,483187.000,2024-07-08 21:14:59.700
ETH,SELL,0.5727,482971.000,2024-07-08 21:16:03.418
ETH,SELL,0.4273,482971.000,2024-07-08 21:16:03.766
ETH,SELL,0.0100,482800.000,2024-07-08 21:16:45.878
ETH,BUY,0.3200,483000.000,2024-07-08 21:16:53.299
ETH,BUY,0.1123,483000.000,2024-07-08 21:16:54.959
ETH,BUY,0.0677,483000.000,2024-07-08 21:16:59.483
ETH,BUY,0.0100,483100.000,2024-07-08 21:16:59.676
ETH,BUY,1.0000,483396.000,2024-07-08 21:16:59.676
ETH,BUY,0.0100,483400.000,2024-07-08 21:16:59.676
ETH,BUY,0.5300,483504.000,2024-07-08 21:16:59.676
ETH,BUY,0.1800,483628.000,2024-07-08 21:17:07.842
ETH,BUY,0.0200,483668.000,2024-07-08 21:17:13.768
ETH,BUY,0.0100,483700.000,2024-07-08 21:17:37.798
ETH,BUY,0.1900,483999.000,2024-07-08 21:17:37.798
ETH,BUY,0.0677,483866.000,2024-07-08 21:17:56.272
ETH,BUY,0.2523,483992.000,2024-07-08 21:17:56.272
ETH,BUY,0.2000,483965.000,2024-07-08 21:17:59.837
ETH,BUY,0.4000,483999.000,2024-07-08 21:18:51.566
ETH,BUY,0.1100,483999.000,2024-07-08 21:18:57.415
ETH,BUY,0.0100,484000.000,2024-07-08 21:18:57.415
ETH,BUY,0.0400,484000.000,2024-07-08 21:18:57.415
ETH,BUY,0.4000,484000.000,2024-07-08 21:18:57.553
ETH,BUY,0.0600,484000.000,2024-07-08 21:18:58.065
ETH,BUY,0.0100,484300.000,2024-07-08 21:18:58.065
ETH,BUY,0.1300,484380.000,2024-07-08 21:18:58.065
ETH,BUY,0.0100,484600.000,2024-07-08 21:18:59.678
ETH,BUY,0.1900,484656.000,2024-07-08 21:18:59.678
ETH,SELL,0.0100,484300.000,2024-07-08 21:20:53.583
ETH,BUY,0.0900,484009.000,2024-07-08 21:22:16.453
ETH,BUY,0.0849,484010.000,2024-07-08 21:22:16.453
ETH,BUY,0.1224,484021.000,2024-07-08 21:22:16.453
ETH,BUY,0.0100,484113.000,2024-07-08 21:22:16.453
ETH,BUY,0.1927,484153.000,2024-07-08 21:22:16.453
ETH,BUY,0.0100,484009.000,2024-07-08 21:22:22.620
ETH,SELL,0.0100,484000.000,2024-07-08 21:22:34.904
ETH,SELL,0.0100,483700.000,2024-07-08 21:23:02.222
ETH,SELL,0.0100,483400.000,2024-07-08 21:23:02.222
ETH,SELL,0.1800,483165.000,2024-07-08 21:23:02.222
ETH,SELL,0.0100,483166.000,2024-07-08 21:23:02.252
ETH,BUY,0.5000,483200.000,2024-07-08 21:25:29.206
ETH,BUY,0.1350,483618.000,2024-07-08 21:25:53.330
ETH,BUY,0.0100,483700.000,2024-07-08 21:28:52.607
ETH,BUY,0.6487,483701.000,2024-07-08 21:28:52.607
ETH,BUY,0.0100,484000.000,2024-07-08 21:29:07.010
ETH,BUY,0.0100,484300.000,2024-07-08 21:29:27.450
ETH,BUY,0.0500,484487.000,2024-07-08 21:29:27.450
ETH,BUY,0.0814,484505.000,2024-07-08 21:29:46.823
ETH,BUY,0.0100,484600.000,2024-07-08 21:29:48.367
ETH,BUY,0.0100,484900.000,2024-07-08 21:29:52.339
ETH,BUY,0.0100,485107.000,2024-07-08 21:29:52.402
ETH,BUY,0.0600,485108.000,2024-07-08 21:29:52.529
ETH,BUY,0.0100,485200.000,2024-07-08 21:29:54.929
ETH,BUY,0.1113,485378.000,2024-07-08 21:29:54.929
ETH,BUY,0.0100,485500.000,2024-07-08 21:29:56.075
ETH,BUY,0.0900,485743.000,2024-07-08 21:29:56.075
ETH,BUY,0.1000,485381.000,2024-07-08 21:29:56.781
ETH,BUY,0.0858,485381.000,2024-07-08 21:29:57.031
ETH,BUY,0.1606,485743.000,2024-07-08 21:29:58.750
ETH,BUY,0.0400,485784.000,2024-07-08 21:29:59.372
ETH,BUY,0.2842,485784.000,2024-07-08 21:30:00.254
ETH,BUY,0.0100,485800.000,2024-07-08 21:30:00.254
ETH,BUY,0.0130,486000.000,2024-07-08 21:30:00.254
ETH,BUY,0.2928,486032.000,2024-07-08 21:30:00.254
ETH,BUY,0.1400,486032.000,2024-07-08 21:30:01.393
ETH,BUY,0.0100,485968.000,2024-07-08 21:30:18.033
ETH,SELL,0.0100,485500.000,2024-07-08 21:30:57.350
ETH,SELL,0.0100,485200.000,2024-07-08 21:30:58.227
ETH,SELL,0.0100,485000.000,2024-07-08 21:31:00.138
ETH,SELL,0.0100,484900.000,2024-07-08 21:31:04.040
ETH,SELL,0.0100,484600.000,2024-07-08 21:31:13.835
ETH,SELL,0.0100,484300.000,2024-07-08 21:31:36.024
ETH,SELL,0.5900,484187.000,2024-07-08 21:31:36.024
ETH,BUY,1.0000,484102.000,2024-07-08 21:31:46.552
ETH,BUY,0.0971,484513.000,2024-07-08 21:31:47.499
ETH,BUY,0.8500,484513.000,2024-07-08 21:31:47.822
ETH,BUY,0.0529,484513.000,2024-07-08 21:31:49.675
ETH,BUY,0.0100,484600.000,2024-07-08 21:31:49.675
ETH,BUY,0.0100,484900.000,2024-07-08 21:31:49.675
ETH,BUY,0.5271,485119.000,2024-07-08 21:31:49.675
ETH,BUY,0.0100,485200.000,2024-07-08 21:32:15.117
ETH,BUY,1.0000,485494.000,2024-07-08 21:32:45.892
ETH,BUY,0.0100,485500.000,2024-07-08 21:32:51.990
ETH,BUY,0.2400,485663.000,2024-07-08 21:32:57.494
ETH,BUY,0.0100,485800.000,2024-07-08 21:34:20.673
ETH,BUY,0.0100,486100.000,2024-07-08 21:35:47.875
ETH,BUY,0.0100,486400.000,2024-07-08 21:37:44.880
ETH,BUY,0.1600,486475.000,2024-07-08 21:37:44.880
ETH,BUY,0.0200,486695.000,2024-07-08 21:37:50.705
ETH,SELL,0.1300,486276.000,2024-07-08 21:39:33.921
ETH,SELL,1.0000,486102.000,2024-07-08 21:39:35.151
ETH,SELL,0.0100,486100.000,2024-07-08 21:39:35.151
ETH,SELL,0.1000,486100.000,2024-07-08 21:39:35.151
ETH,SELL,0.0100,485800.000,2024-07-08 21:39:36.294
ETH,SELL,0.0900,485585.000,2024-07-08 21:39:36.294
ETH,SELL,0.0199,485585.000,2024-07-08 21:39:36.801
ETH,BUY,0.2480,485632.000,2024-07-08 21:40:02.933
ETH,BUY,0.5000,485618.000,2024-07-08 21:41:24.812
ETH,SELL,0.0100,485500.000,2024-07-08 21:41:34.851
ETH,SELL,0.0100,485200.000,2024-07-08 21:41:44.099
ETH,SELL,0.0100,484900.000,2024-07-08 21:41:51.340
ETH,BUY,0.2402,484713.000,2024-07-08 21:43:01.410
ETH,BUY,0.7598,484876.000,2024-07-08 21:43:01.410
ETH,BUY,0.0200,484903.000,2024-07-08 21:43:37.702
ETH,BUY,0.0205,484945.000,2024-07-08 21:43:40.299
ETH,BUY,0.9200,485188.000,2024-07-08 21:44:24.492
ETH,SELL,0.5000,484763.000,2024-07-08 21:44:42.678
ETH,SELL,1.0000,484609.000,2024-07-08 21:45:02.773
ETH,SELL,0.0100,484600.000,2024-07-08 21:45:02.773
ETH,SELL,0.7807,484600.000,2024-07-08 21:45:02.773
ETH,SELL,0.0500,484629.000,2024-07-08 21:45:20.942
ETH,BUY,0.0206,484892.000,2024-07-08 21:45:36.698
ETH,BUY,0.0100,484900.000,2024-07-08 21:46:20.308
ETH,BUY,0.0105,485149.000,2024-07-08 21:46:20.308
ETH,BUY,0.0100,485200.000,2024-07-08 21:46:30.245
ETH,BUY,0.0105,485382.000,2024-07-08 21:46:30.245
ETH,BUY,0.5000,485394.000,2024-07-08 21:46:46.933
ETH,BUY,0.0100,485500.000,2024-07-08 21:48:00.342
ETH,BUY,0.0105,485629.000,2024-07-08 21:48:00.342
ETH,BUY,0.0500,485698.000,2024-07-08 21:48:16.268
ETH,BUY,0.0100,485800.000,2024-07-08 21:48:18.742
ETH,BUY,0.0100,486100.000,2024-07-08 21:48:20.397
ETH,BUY,0.0105,486164.000,2024-07-08 21:48:20.397
ETH,BUY,0.0100,486400.000,2024-07-08 21:48:24.701
ETH,BUY,0.0400,486440.000,2024-07-08 21:48:24.701
ETH,BUY,0.0900,486470.000,2024-07-08 21:48:31.833
ETH,BUY,0.0100,486501.000,2024-07-08 21:48:37.177
ETH,BUY,0.0205,486456.000,2024-07-08 21:49:00.277
ETH,BUY,0.0100,486700.000,2024-07-08 21:52:20.350
ETH,BUY,0.0105,486723.000,2024-07-08 21:52:20.350
ETH,BUY,0.0277,486912.000,2024-07-08 21:52:39.357
ETH,BUY,0.0880,486931.000,2024-07-08 21:52:41.421
ETH,BUY,0.0100,487000.000,2024-07-08 21:52:46.878
ETH,BUY,0.0743,487000.000,2024-07-08 21:52:46.878
ETH,BUY,0.0257,487000.000,2024-07-08 21:52:48.012
ETH,BUY,0.1243,487101.000,2024-07-08 21:52:48.012
ETH,BUY,0.0500,487139.000,2024-07-08 21:52:54.613
ETH,BUY,0.0100,487300.000,2024-07-08 21:53:29.270
ETH,SELL,0.0100,487000.000,2024-07-08 21:54:03.636
ETH,SELL,0.0100,487000.000,2024-07-08 21:54:03.636
ETH,SELL,0.0800,486856.000,2024-07-08 21:54:03.636
ETH,BUY,0.0205,486710.000,2024-07-08 21:56:30.328
ETH,BUY,0.0100,486710.000,2024-07-08 21:56:34.794
ETH,BUY,0.1695,486710.000,2024-07-08 21:56:35.861
ETH,BUY,0.0305,486936.000,2024-07-08 21:56:35.861
ETH,BUY,0.0164,487025.000,2024-07-08 22:00:06.487
ETH,SELL,0.0901,486965.000,2024-07-08 22:02:22.480
ETH,SELL,0.0099,486964.000,2024-07-08 22:02:22.480
ETH,SELL,0.0100,486700.000,2024-07-08 22:05:11.338
ETH,BUY,1.0000,486820.000,2024-07-08 22:07:58.858
ETH,BUY,0.0100,487000.000,2024-07-08 22:08:36.436
ETH,BUY,1.0000,487122.000,2024-07-08 22:08:38.517
ETH,BUY,0.0217,487266.000,2024-07-08 22:11:06.874
ETH,BUY,0.0100,487300.000,2024-07-08 22:11:17.056
ETH,BUY,0.0309,487500.000,2024-07-08 22:11:49.638
ETH,BUY,0.0100,487500.000,2024-07-08 22:11:50.307
ETH,BUY,0.8500,487409.000,2024-07-08 22:17:01.015
ETH,BUY,0.1500,487409.000,2024-07-08 22:17:01.059
ETH,SELL,0.0500,487409.000,2024-07-08 22:18:02.847
ETH,BUY,0.0011,487500.000,2024-07-08 22:20:11.994
ETH,BUY,0.0100,487600.000,2024-07-08 22:20:11.994
ETH,BUY,0.0100,487628.000,2024-07-08 22:20:11.994
ETH,BUY,0.1789,487686.000,2024-07-08 22:20:11.994
ETH,BUY,0.0100,487900.000,2024-07-08 22:20:14.113
ETH,BUY,0.0130,488000.000,2024-07-08 22:20:14.113
ETH,BUY,0.2970,488168.000,2024-07-08 22:20:14.113
ETH,BUY,1.0000,488168.000,2024-07-08 22:20:14.412
ETH,BUY,0.0100,488200.000,2024-07-08 22:21:28.192
ETH,BUY,0.0308,488398.000,2024-07-08 22:21:28.192
ETH,BUY,0.0204,488511.000,2024-07-08 22:23:18.873
ETH,BUY,0.0100,488700.000,2024-07-08 22:24:47.487
ETH,BUY,0.0927,488744.000,2024-07-08 22:24:47.487
ETH,BUY,0.0100,488900.000,2024-07-08 22:24:56.321
ETH,BUY,0.2700,488981.000,2024-07-08 22:24:56.321
ETH,BUY,0.1000,489113.000,2024-07-08 22:26:14.804
ETH,BUY,0.0600,489184.000,2024-07-08 22:26:15.683
ETH,BUY,0.0420,489200.000,2024-07-08 22:26:15.683
ETH,BUY,0.0980,489251.000,2024-07-08 22:26:15.683
ETH,BUY,0.4000,489251.000,2024-07-08 22:26:15.833
ETH,BUY,0.0100,489300.000,2024-07-08 22:26:17.990
ETH,BUY,0.0900,489406.000,2024-07-08 22:26:17.990
ETH,BUY,0.0203,489406.000,2024-07-08 22:26:18.809
ETH,BUY,0.2000,489544.000,2024-07-08 22:26:20.472
ETH,BUY,0.0100,489600.000,2024-07-08 22:26:31.679
ETH,BUY,0.0100,489700.000,2024-07-08 22:28:01.766
ETH,BUY,0.0400,489719.000,2024-07-08 22:28:01.766
ETH,BUY,0.0300,489748.000,2024-07-08 22:28:02.423
ETH,SELL,0.0420,489608.000,2024-07-08 22:29:32.175
ETH,SELL,0.0328,489608.000,2024-07-08 22:29:33.322
ETH,SELL,0.1152,489608.000,2024-07-08 22:29:41.871
ETH,SELL,0.0100,489400.000,2024-07-08 22:29:53.065
ETH,SELL,0.0100,489300.000,2024-07-08 22:29:57.983
ETH,SELL,0.0100,489000.000,2024-07-08 22:30:24.492
ETH,SELL,0.0100,489000.000,2024-07-08 22:30:24.492
ETH,SELL,0.2975,488980.000,2024-07-08 22:30:24.492
ETH,SELL,0.2825,488900.000,2024-07-08 22:30:24.492
ETH,SELL,0.1920,488900.000,2024-07-08 22:30:26.750
ETH,BUY,0.0450,488938.000,2024-07-08 22:30:32.313
ETH,SELL,0.0277,488900.000,2024-07-08 22:30:32.989
ETH,SELL,0.1131,488900.000,2024-07-08 22:30:35.985
ETH,SELL,0.1032,488900.000,2024-07-08 22:30:37.597
ETH,SELL,0.6139,488900.000,2024-07-08 22:30:37.919
ETH,BUY,0.1000,488933.000,2024-07-08 22:30:39.905
ETH,BUY,0.9000,488933.000,2024-07-08 22:30:39.905
ETH,SELL,0.6139,488900.000,2024-07-08 22:31:12.140
ETH,SELL,0.2000,488900.000,2024-07-08 22:31:12.302
ETH,SELL,0.0264,488900.000,2024-07-08 22:31:12.961
ETH,SELL,0.0225,488900.000,2024-07-08 22:31:25.697
ETH,SELL,0.0132,488900.000,2024-07-08 22:31:34.370
ETH,SELL,0.0397,488900.000,2024-07-08 22:31:39.201
ETH,SELL,0.3200,488900.000,2024-07-08 22:33:13.555
ETH,SELL,0.0100,488900.000,2024-07-08 22:33:13.856
ETH,SELL,0.1761,488900.000,2024-07-08 22:33:14.168
ETH,SELL,0.1000,488900.000,2024-07-08 22:33:14.317
ETH,SELL,0.1458,488900.000,2024-07-08 22:33:14.586
ETH,SELL,0.0100,488600.000,2024-07-08 22:33:14.586
ETH,SELL,0.0100,488400.000,2024-07-08 22:33:14.586
ETH,SELL,0.3338,488397.000,2024-07-08 22:33:14.586
ETH,SELL,0.1000,488020.000,2024-07-08 22:33:15.177
ETH,BUY,0.4100,488070.000,2024-07-08 22:35:02.817
ETH,SELL,0.0100,488000.000,2024-07-08 22:35:20.002
ETH,SELL,0.9900,487933.000,2024-07-08 22:35:20.002
ETH,SELL,0.0100,487900.000,2024-07-08 22:35:29.641
ETH,SELL,0.9900,487606.000,2024-07-08 22:35:29.641
ETH,SELL,0.0100,487600.000,2024-07-08 22:37:42.732
ETH,BUY,0.0500,487523.000,2024-07-08 22:38:29.834
ETH,BUY,0.8600,487400.000,2024-07-08 22:39:28.117
ETH,BUY,0.1400,487400.000,2024-07-08 22:39:28.145
ETH,BUY,0.0204,487827.000,2024-07-08 22:39:28.776
ETH,BUY,0.0200,487361.000,2024-07-08 22:41:53.076
ETH,BUY,0.0296,487627.000,2024-07-08 22:42:17.467
ETH,BUY,0.5852,487628.000,2024-07-08 22:42:17.467
ETH,BUY,0.0100,487458.000,2024-07-08 22:46:13.809
ETH,SELL,0.0100,487300.000,2024-07-08 22:46:41.224
ETH,BUY,0.0204,487090.000,2024-07-08 22:48:58.742
ETH,SELL,0.0100,487000.000,2024-07-08 22:50:16.589
ETH,BUY,0.0100,486783.000,2024-07-08 22:52:37.686
ETH,SELL,0.0100,486700.000,2024-07-08 22:53:27.382
ETH,SELL,0.1850,486602.000,2024-07-08 22:53:27.382
ETH,SELL,0.2100,486584.000,2024-07-08 22:53:37.986
ETH,SELL,0.2050,486578.000,2024-07-08 22:53:45.211
ETH,BUY,0.4000,486644.000,2024-07-08 22:54:00.506
ETH,BUY,0.2000,486644.000,2024-07-08 22:54:00.689
ETH,BUY,0.0138,486692.000,2024-07-08 22:56:37.153
ETH,SELL,0.0100,486637.000,2024-07-08 23:00:59.799
ETH,BUY,0.1947,486852.000,2024-07-08 23:02:17.879
ETH,SELL,0.0100,486400.000,2024-07-08 23:03:02.784
ETH,SELL,0.0420,486400.000,2024-07-08 23:03:02.784
ETH,SELL,0.0480,486106.000,2024-07-08 23:03:02.784
ETH,BUY,0.0164,486263.000,2024-07-08 23:03:42.706
ETH,BUY,0.0800,486429.000,2024-07-08 23:03:42.706
ETH,BUY,0.3036,486430.000,2024-07-08 23:03:42.706
ETH,SELL,0.3000,486215.000,2024-07-08 23:03:45.569
ETH,BUY,0.1000,486353.000,2024-07-08 23:04:02.881
ETH,BUY,0.2000,486171.000,2024-07-08 23:04:48.021
ETH,BUY,0.0300,486171.000,2024-07-08 23:04:48.083
ETH,BUY,0.0100,486171.000,2024-07-08 23:04:48.247
ETH,BUY,0.1000,486522.000,2024-07-08 23:05:32.526
ETH,BUY,0.2000,486533.000,2024-07-08 23:05:33.359
ETH,BUY,0.1000,486475.000,2024-07-08 23:06:01.467
ETH,BUY,0.2000,486485.000,2024-07-08 23:07:04.648
ETH,BUY,0.2000,486374.000,2024-07-08 23:07:20.569
ETH,BUY,0.4000,486407.000,2024-07-08 23:07:21.134
ETH,BUY,0.3200,486407.000,2024-07-08 23:07:21.266
ETH,BUY,0.2000,486474.000,2024-07-08 23:07:25.828
ETH,BUY,0.0205,486562.000,2024-07-08 23:07:48.795
ETH,SELL,0.1000,486571.000,2024-07-08 23:08:09.448
ETH,BUY,0.1000,486699.000,2024-07-08 23:08:25.244
ETH,BUY,0.0200,486687.000,2024-07-08 23:08:42.127
ETH,BUY,0.1000,486680.000,2024-07-08 23:08:48.252
ETH,BUY,0.2000,486451.000,2024-07-08 23:08:56.928
ETH,BUY,0.0100,486700.000,2024-07-08 23:10:26.678
ETH,BUY,0.0395,486755.000,2024-07-08 23:10:26.678
ETH,BUY,0.0405,486762.000,2024-07-08 23:10:26.678
ETH,BUY,0.2000,486772.000,2024-07-08 23:10:34.886
ETH,BUY,0.0100,486895.000,2024-07-08 23:11:47.596
ETH,BUY,0.4000,486685.000,2024-07-08 23:12:40.641
ETH,BUY,0.2000,486685.000,2024-07-08 23:12:41.246
ETH,BUY,0.3200,486685.000,2024-07-08 23:12:41.311
ETH,BUY,0.0100,486913.000,2024-07-08 23:12:41.838
ETH,BUY,0.0200,486912.000,2024-07-08 23:12:43.815
ETH,BUY,0.3200,486853.000,2024-07-08 23:13:04.316
ETH,BUY,0.4000,486853.000,2024-07-08 23:13:04.630
ETH,BUY,0.3200,486888.000,2024-07-08 23:13:08.587
ETH,BUY,0.4000,486888.000,2024-07-08 23:13:08.705
ETH,BUY,0.2000,486945.000,2024-07-08 23:13:08.976
ETH,BUY,0.0500,486945.000,2024-07-08 23:13:09.207
ETH,BUY,0.7500,486945.000,2024-07-08 23:13:11.803
ETH,BUY,0.0100,487000.000,2024-07-08 23:13:11.803
ETH,BUY,0.0200,487003.000,2024-07-08 23:13:11.803
ETH,BUY,0.2200,487240.000,2024-07-08 23:13:11.803
ETH,BUY,0.4000,487107.000,2024-07-08 23:13:32.582
ETH,BUY,0.2000,487107.000,2024-07-08 23:13:32.583
ETH,BUY,0.3200,487112.000,2024-07-08 23:13:33.396
ETH,BUY,0.4000,487289.000,2024-07-08 23:13:53.569
ETH,BUY,0.3200,487289.000,2024-07-08 23:13:54.094
ETH,BUY,0.0100,487300.000,2024-07-08 23:14:31.600
ETH,BUY,0.3900,487328.000,2024-07-08 23:14:31.600
ETH,BUY,0.2000,487328.000,2024-07-08 23:14:31.603
ETH,BUY,0.1600,487328.000,2024-07-08 23:14:32.286
ETH,BUY,0.0102,487561.000,2024-07-08 23:15:01.401
ETH,SELL,0.0100,487441.000,2024-07-08 23:15:53.279
ETH,SELL,0.1000,487486.000,2024-07-08 23:17:16.729
ETH,BUY,0.4000,487501.000,2024-07-08 23:17:19.560
ETH,BUY,0.0800,487501.000,2024-07-08 23:17:20.277
ETH,BUY,0.0100,487557.000,2024-07-08 23:17:22.297
ETH,BUY,0.0100,487600.000,2024-07-08 23:17:40.111
ETH,BUY,0.0300,487680.000,2024-07-08 23:17:40.111
ETH,BUY,0.9700,487680.000,2024-07-08 23:17:40.127
ETH,BUY,0.0300,487869.000,2024-07-08 23:17:40.127
ETH,BUY,0.3900,487869.000,2024-07-08 23:17:40.134
ETH,BUY,0.0532,487870.000,2024-07-08 23:17:41.295
ETH,BUY,0.2000,487870.000,2024-07-08 23:17:41.621
ETH,BUY,0.0991,487510.000,2024-07-08 23:21:04.463
ETH,BUY,0.1368,487511.000,2024-07-08 23:21:04.463
ETH,BUY,0.3641,487870.000,2024-07-08 23:21:04.463
ETH,SELL,0.0100,487300.000,2024-07-08 23:22:29.758
ETH,SELL,0.0100,487000.000,2024-07-08 23:22:29.758
ETH,SELL,0.0800,486780.000,2024-07-08 23:22:29.758
ETH,BUY,0.1000,487142.000,2024-07-08 23:22:55.619
ETH,BUY,0.1000,487166.000,2024-07-08 23:23:05.722
ETH,SELL,0.1000,487100.000,2024-07-08 23:25:04.314
ETH,BUY,0.1000,487270.000,2024-07-08 23:26:02.937
ETH,BUY,0.0100,487196.000,2024-07-08 23:26:38.755
ETH,SELL,0.1000,487100.000,2024-07-08 23:27:01.739
ETH,BUY,0.1000,487200.000,2024-07-08 23:28:02.678
ETH,SELL,0.0360,487100.000,2024-07-08 23:29:02.217
ETH,SELL,0.0640,486722.000,2024-07-08 23:29:02.217
ETH,BUY,0.1000,486939.000,2024-07-08 23:30:08.804
ETH,BUY,0.0200,486967.000,2024-07-08 23:35:10.223
ETH,SELL,0.0100,486700.000,2024-07-08 23:35:45.296
ETH,SELL,0.0100,486400.000,2024-07-08 23:35:45.296
ETH,SELL,0.1800,486107.000,2024-07-08 23:35:45.296
ETH,BUY,0.0110,486446.000,2024-07-08 23:36:14.534
ETH,BUY,0.0200,486395.000,2024-07-08 23:41:33.893
ETH,SELL,0.0100,486100.000,2024-07-08 23:44:07.910
ETH,SELL,0.0030,485808.000,2024-07-08 23:44:07.910
ETH,SELL,0.1000,485888.000,2024-07-08 23:44:30.593
ETH,BUY,0.5330,486007.000,2024-07-08 23:48:42.400
ETH,BUY,0.0209,486040.000,2024-07-08 23:49:11.394
ETH,BUY,0.0440,486126.000,2024-07-08 23:49:17.360
ETH,BUY,0.0060,486176.000,2024-07-08 23:49:17.360
ETH,BUY,0.0200,485957.000,2024-07-08 23:50:35.301
ETH,SELL,0.0200,485888.000,2024-07-08 23:53:12.460
ETH,SELL,0.0500,485801.000,2024-07-08 23:53:23.565
ETH,BUY,0.0200,485976.000,2024-07-08 23:54:18.577
ETH,BUY,0.0600,485912.000,2024-07-08 23:54:50.002
ETH,BUY,0.0100,485912.000,2024-07-09 00:00:05.358
ETH,BUY,0.1000,485912.000,2024-07-09 00:00:34.102
ETH,SELL,0.0100,485800.000,2024-07-09 00:01:44.881
ETH,BUY,0.0100,485847.000,2024-07-09 00:04:14.592
ETH,BUY,0.0700,485885.000,2024-07-09 00:05:26.546
ETH,BUY,0.1300,485912.000,2024-07-09 00:05:26.546
ETH,BUY,0.1900,485950.000,2024-07-09 00:05:26.546
ETH,BUY,0.4000,485731.000,2024-07-09 00:05:33.542
ETH,BUY,0.3200,485862.000,2024-07-09 00:05:39.102
ETH,BUY,0.2000,485862.000,2024-07-09 00:05:39.209
ETH,BUY,0.2000,485862.000,2024-07-09 00:05:39.242
ETH,BUY,0.2800,485862.000,2024-07-09 00:05:39.463
ETH,BUY,0.1200,485950.000,2024-07-09 00:05:39.463
ETH,BUY,0.1900,485950.000,2024-07-09 00:05:58.490
ETH,BUY,0.0100,486100.000,2024-07-09 00:05:58.490
ETH,BUY,0.2000,486266.000,2024-07-09 00:05:58.490
ETH,BUY,0.3200,486323.000,2024-07-09 00:05:59.117
ETH,BUY,0.2000,486351.000,2024-07-09 00:06:00.815
ETH,BUY,0.0100,486064.000,2024-07-09 00:07:29.713
ETH,BUY,0.2000,486122.000,2024-07-09 00:10:39.041
ETH,BUY,0.0367,486311.000,2024-07-09 00:10:47.501
ETH,BUY,0.0133,486341.000,2024-07-09 00:11:01.752
ETH,BUY,0.9867,486388.000,2024-07-09 00:11:01.752
ETH,BUY,0.0100,486400.000,2024-07-09 00:11:13.712
ETH,BUY,0.0100,486417.000,2024-07-09 00:11:13.712
ETH,BUY,0.0200,486504.000,2024-07-09 00:12:36.698
ETH,SELL,0.5000,486101.000,2024-07-09 00:14:19.242
ETH,BUY,0.1000,486177.000,2024-07-09 00:16:09.873
ETH,SELL,0.0100,486100.000,2024-07-09 00:17:05.888
ETH,SELL,0.0100,485800.000,2024-07-09 00:17:05.888
ETH,SELL,0.0800,485591.000,2024-07-09 00:17:05.888
ETH,SELL,0.0553,485612.000,2024-07-09 00:17:08.006
ETH,BUY,0.0100,485779.000,2024-07-09 00:17:22.188
ETH,BUY,0.3200,485971.000,2024-07-09 00:18:08.959
ETH,BUY,0.4000,485971.000,2024-07-09 00:18:09.640
ETH,BUY,1.0000,485983.000,2024-07-09 00:18:10.979
ETH,BUY,1.0000,486039.000,2024-07-09 00:18:15.193
ETH,BUY,0.0100,486100.000,2024-07-09 00:18:44.106
ETH,BUY,0.0400,486118.000,2024-07-09 00:18:44.106
ETH,BUY,0.0100,486400.000,2024-07-09 00:18:51.072
ETH,BUY,0.1600,486517.000,2024-07-09 00:18:51.072
ETH,SELL,0.1000,486226.000,2024-07-09 00:18:54.485
ETH,BUY,0.2000,486542.000,2024-07-09 00:18:58.361
ETH,BUY,0.1000,486438.000,2024-07-09 00:19:06.493
ETH,SELL,0.1000,486180.000,2024-07-09 00:20:27.026
ETH,SELL,0.0100,486100.000,2024-07-09 00:20:28.557
ETH,SELL,0.0034,485800.000,2024-07-09 00:20:28.557
ETH,BUY,0.0205,485866.000,2024-07-09 00:20:42.116
ETH,BUY,0.0205,485801.000,2024-07-09 00:20:52.129
ETH,BUY,0.0205,485924.000,2024-07-09 00:21:42.115
ETH,BUY,0.1000,486010.000,2024-07-09 00:22:02.133
ETH,SELL,0.0066,485800.000,2024-07-09 00:23:02.274
ETH,SELL,0.0934,485556.000,2024-07-09 00:23:02.274
ETH,BUY,0.2000,485663.000,2024-07-09 00:23:26.677
ETH,BUY,0.1000,485779.000,2024-07-09 00:24:01.422
ETH,BUY,0.0205,485767.000,2024-07-09 00:26:32.071
ETH,SELL,1.0000,485543.000,2024-07-09 00:27:03.450
ETH,SELL,0.1000,485504.000,2024-07-09 00:28:02.619
ETH,SELL,0.0100,485500.000,2024-07-09 00:28:32.677
ETH,BUY,0.5000,485326.000,2024-07-09 00:29:03.026
ETH,SELL,0.0100,485200.000,2024-07-09 00:29:24.937
ETH,SELL,0.4900,484924.000,2024-07-09 00:29:24.937
ETH,SELL,0.4000,484924.000,2024-07-09 00:29:25.019
ETH,SELL,0.1300,484962.000,2024-07-09 00:29:30.528
ETH,SELL,0.3700,484960.000,2024-07-09 00:29:30.528
ETH,BUY,0.2000,485195.000,2024-07-09 00:30:03.088
ETH,SELL,0.0100,484900.000,2024-07-09 00:30:36.245
ETH,SELL,0.0420,484700.000,2024-07-09 00:30:37.249
ETH,SELL,0.2193,484600.000,2024-07-09 00:30:37.249
ETH,SELL,0.0100,484600.000,2024-07-09 00:30:37.249
ETH,SELL,0.0100,484300.000,2024-07-09 00:30:37.249
ETH,SELL,0.2187,484266.000,2024-07-09 00:30:37.249
ETH,BUY,0.0100,484445.000,2024-07-09 00:30:44.936
ETH,SELL,0.6000,484199.000,2024-07-09 00:30:51.749
ETH,SELL,0.4000,484199.000,2024-07-09 00:30:51.749
ETH,BUY,0.2000,484122.000,2024-07-09 00:31:22.764
ETH,BUY,0.0100,484113.000,2024-07-09 00:32:41.336
ETH,BUY,0.4000,484113.000,2024-07-09 00:32:41.675
ETH,BUY,0.2000,484113.000,2024-07-09 00:32:41.933
ETH,BUY,0.2000,484113.000,2024-07-09 00:32:42.673
ETH,BUY,0.1000,484293.000,2024-07-09 00:33:04.327
ETH,BUY,0.4000,484197.000,2024-07-09 00:34:14.543
ETH,BUY,0.2000,484197.000,2024-07-09 00:34:14.922
ETH,BUY,0.6200,484245.000,2024-07-09 00:34:18.177
ETH,BUY,0.0600,484373.000,2024-07-09 00:34:33.104
ETH,BUY,0.0200,484346.000,2024-07-09 00:34:34.603
ETH,BUY,0.3200,484439.000,2024-07-09 00:34:43.630
ETH,BUY,0.2000,484518.000,2024-07-09 00:34:47.841
ETH,BUY,0.0100,484600.000,2024-07-09 00:34:53.138
ETH,BUY,0.3900,484803.000,2024-07-09 00:34:53.138
ETH,BUY,0.2000,484803.000,2024-07-09 00:34:53.154
ETH,BUY,0.4000,484865.000,2024-07-09 00:35:25.517
ETH,BUY,0.0100,484900.000,2024-07-09 00:35:55.466
ETH,BUY,0.3900,485000.000,2024-07-09 00:35:55.466
ETH,BUY,0.0100,485000.000,2024-07-09 00:35:56.084
ETH,BUY,0.2000,485000.000,2024-07-09 00:35:56.572
ETH,BUY,0.4000,485000.000,2024-07-09 00:35:59.534
ETH,BUY,0.0621,485000.000,2024-07-09 00:36:01.449
ETH,BUY,0.0205,485000.000,2024-07-09 00:36:02.195
ETH,BUY,0.2000,485000.000,2024-07-09 00:36:02.351
ETH,BUY,0.7174,485000.000,2024-07-09 00:36:06.612
ETH,BUY,1.0000,485196.000,2024-07-09 00:36:10.171
ETH,BUY,0.0100,485200.000,2024-07-09 00:36:18.315
ETH,BUY,1.0000,485316.000,2024-07-09 00:36:18.315
ETH,BUY,0.0100,485500.000,2024-07-09 00:36:18.315
ETH,BUY,0.2795,485681.000,2024-07-09 00:36:18.315
ETH,BUY,0.7005,485741.000,2024-07-09 00:36:18.315
ETH,BUY,1.0000,485459.000,2024-07-09 00:36:29.387
ETH,BUY,1.0000,485761.000,2024-07-09 00:36:29.387
ETH,BUY,1.0000,485730.000,2024-07-09 00:36:48.036
ETH,BUY,0.0100,485800.000,2024-07-09 00:36:49.038
ETH,BUY,0.0100,486100.000,2024-07-09 00:36:49.038
ETH,BUY,0.0175,486185.000,2024-07-09 00:36:49.038
ETH,BUY,0.4000,485832.000,2024-07-09 00:36:50.498
ETH,BUY,0.2000,485832.000,2024-07-09 00:36:51.922
ETH,BUY,1.0000,486233.000,2024-07-09 00:36:57.055
ETH,BUY,1.0000,486234.000,2024-07-09 00:36:57.055
ETH,BUY,1.3300,486132.000,2024-07-09 00:37:03.210
ETH,BUY,0.2000,486165.000,2024-07-09 00:37:03.210
ETH,BUY,0.4700,486232.000,2024-07-09 00:37:03.210
ETH,BUY,0.0293,485977.000,2024-07-09 00:37:15.421
ETH,BUY,0.2187,486010.000,2024-07-09 00:37:30.151
ETH,BUY,1.3507,486031.000,2024-07-09 00:37:30.151
ETH,BUY,0.4306,486068.000,2024-07-09 00:37:30.151
ETH,BUY,0.7184,486098.000,2024-07-09 00:37:33.473
ETH,BUY,1.2816,486185.000,2024-07-09 00:37:33.473
ETH,BUY,2.0000,486214.000,2024-07-09 00:37:37.072
ETH,BUY,2.0000,486330.000,2024-07-09 00:37:44.714
ETH,BUY,1.0000,486359.000,2024-07-09 00:37:54.895
ETH,BUY,0.0100,486400.000,2024-07-09 00:37:54.895
ETH,BUY,0.3300,486446.000,2024-07-09 00:37:54.895
ETH,BUY,0.6600,486530.000,2024-07-09 00:37:54.895
ETH,BUY,1.0000,486620.000,2024-07-09 00:38:36.803
ETH,BUY,2.0300,486649.000,2024-07-09 00:38:36.803
ETH,SELL,0.1000,486222.000,2024-07-09 00:40:03.604
ETH,BUY,0.1040,486591.000,2024-07-09 00:40:48.029
ETH,SELL,0.0146,486282.000,2024-07-09 00:41:58.529
ETH,SELL,0.0141,486308.000,2024-07-09 00:42:21.934
ETH,BUY,0.1900,486585.000,2024-07-09 00:42:22.619
ETH,BUY,0.0100,486645.000,2024-07-09 00:42:29.327
ETH,BUY,0.1000,486678.000,2024-07-09 00:44:03.113
ETH,BUY,0.0141,486563.000,2024-07-09 00:44:55.999
ETH,BUY,0.0100,486700.000,2024-07-09 00:44:55.999
ETH,BUY,0.9759,486794.000,2024-07-09 00:44:55.999
ETH,SELL,0.1000,486450.000,2024-07-09 00:45:07.266
ETH,BUY,0.0100,487000.000,2024-07-09 00:45:56.854
ETH,BUY,0.1900,487057.000,2024-07-09 00:45:56.854
ETH,BUY,0.1000,487057.000,2024-07-09 00:45:57.473
ETH,BUY,0.0100,487300.000,2024-07-09 00:45:59.212
ETH,BUY,0.2000,487367.000,2024-07-09 00:45:59.622
ETH,BUY,0.2000,487367.000,2024-07-09 00:45:59.864
ETH,BUY,0.6000,487367.000,2024-07-09 00:46:00.344
ETH,BUY,0.1300,487400.000,2024-07-09 00:46:01.502
ETH,BUY,0.0204,487500.000,2024-07-09 00:46:02.480
ETH,BUY,0.0200,487500.000,2024-07-09 00:46:03.485
ETH,BUY,0.0016,487500.000,2024-07-09 00:46:03.940
ETH,BUY,0.0100,487600.000,2024-07-09 00:46:03.940
ETH,BUY,0.0261,487858.000,2024-07-09 00:46:04.753
ETH,BUY,0.0400,487858.000,2024-07-09 00:46:05.092
ETH,BUY,0.1000,487858.000,2024-07-09 00:46:05.265
ETH,BUY,0.8339,487858.000,2024-07-09 00:46:05.767
ETH,BUY,0.0100,487900.000,2024-07-09 00:46:07.053
ETH,BUY,0.0400,488000.000,2024-07-09 00:46:07.532
ETH,BUY,0.1000,488000.000,2024-07-09 00:46:21.489
ETH,SELL,0.0118,487858.000,2024-07-09 00:46:44.591
ETH,SELL,0.0100,487600.000,2024-07-09 00:46:55.654
ETH,SELL,0.1251,487400.000,2024-07-09 00:47:07.809
ETH,SELL,0.0100,487300.000,2024-07-09 00:47:09.594
ETH,SELL,0.0100,487096.000,2024-07-09 00:47:11.164
ETH,SELL,0.0100,487000.000,2024-07-09 00:47:18.921
ETH,SELL,0.0100,486700.000,2024-07-09 00:47:22.541
ETH,SELL,0.1221,486402.000,2024-07-09 00:47:22.541
ETH,SELL,0.0100,486400.000,2024-07-09 00:47:26.363
ETH,SELL,0.0100,486100.000,2024-07-09 00:47:27.159
ETH,SELL,0.5995,486100.000,2024-07-09 00:47:27.159
ETH,SELL,0.2645,486100.000,2024-07-09 00:47:27.160
ETH,SELL,0.0130,486100.000,2024-07-09 00:47:27.160
ETH,SELL,0.0100,486100.000,2024-07-09 00:47:27.324
ETH,SELL,0.1830,486100.000,2024-07-09 00:47:27.537
ETH,BUY,0.2000,486035.000,2024-07-09 00:47:52.709
ETH,SELL,0.1100,486056.000,2024-07-09 00:48:00.662
ETH,BUY,0.4000,486279.000,2024-07-09 00:48:06.555
ETH,BUY,0.0100,486400.000,2024-07-09 00:48:10.535
ETH,BUY,0.0100,486400.000,2024-07-09 00:48:10.535
ETH,BUY,0.0800,486427.000,2024-07-09 00:48:10.535
ETH,BUY,0.1300,486427.000,2024-07-09 00:48:11.450
ETH,BUY,0.0205,486427.000,2024-07-09 00:48:12.152
ETH,BUY,0.2392,486427.000,2024-07-09 00:48:12.372
ETH,BUY,0.5303,486427.000,2024-07-09 00:48:12.729
ETH,BUY,0.0100,486700.000,2024-07-09 00:48:13.371
ETH,BUY,0.1900,486916.000,2024-07-09 00:48:13.371
ETH,BUY,0.1000,486936.000,2024-07-09 00:48:14.937
ETH,BUY,1.0000,486508.000,2024-07-09 00:49:13.724
ETH,BUY,0.0500,486788.000,2024-07-09 00:49:25.181
ETH,BUY,0.2000,486788.000,2024-07-09 00:49:25.730
ETH,BUY,0.0100,486921.000,2024-07-09 00:50:17.126
ETH,SELL,0.0100,486400.000,2024-07-09 00:51:24.165
ETH,BUY,0.0205,486361.000,2024-07-09 00:51:32.169
ETH,BUY,0.0205,486341.000,2024-07-09 00:51:42.095
ETH,BUY,0.0100,486361.000,2024-07-09 00:53:01.470
ETH,BUY,0.0795,486361.000,2024-07-09 00:53:03.044
ETH,BUY,0.1205,486468.000,2024-07-09 00:53:03.044
ETH,BUY,0.0205,486504.000,2024-07-09 00:53:32.108
ETH,SELL,0.0307,486671.000,2024-07-09 00:53:39.513
ETH,BUY,0.0100,486700.000,2024-07-09 00:53:42.061
ETH,BUY,0.0105,486718.000,2024-07-09 00:53:42.061
ETH,BUY,0.0205,486874.000,2024-07-09 00:53:52.200
ETH,BUY,0.0900,486817.000,2024-07-09 00:56:16.056
ETH,BUY,1.0000,486855.000,2024-07-09 00:56:45.752
ETH,BUY,0.0100,487000.000,2024-07-09 00:56:49.532
ETH,BUY,0.0700,487063.000,2024-07-09 00:57:02.922
ETH,BUY,0.2300,487063.000,2024-07-09 00:57:04.005
ETH,BUY,0.3300,487287.000,2024-07-09 00:57:04.362
ETH,BUY,0.0100,487300.000,2024-07-09 00:57:23.980
ETH,BUY,0.0100,487600.000,2024-07-09 00:57:34.348
ETH,BUY,0.0204,487457.000,2024-07-09 01:00:32.146
ETH,SELL,0.0100,487300.000,2024-07-09 01:00:55.708
ETH,SELL,0.0100,487000.000,2024-07-09 01:01:06.835
ETH,SELL,0.1900,486708.000,2024-07-09 01:01:06.835
ETH,BUY,0.4000,486794.000,2024-07-09 01:02:08.955
ETH,BUY,1.0000,486813.000,2024-07-09 01:02:12.425
ETH,BUY,0.4000,487297.000,2024-07-09 01:02:13.109
ETH,BUY,0.2000,487030.000,2024-07-09 01:02:14.693
ETH,BUY,0.2000,487095.000,2024-07-09 01:03:16.792
ETH,BUY,0.2000,487095.000,2024-07-09 01:03:17.896
ETH,BUY,0.4000,487095.000,2024-07-09 01:03:18.328
ETH,BUY,0.2000,487095.000,2024-07-09 01:03:18.725
ETH,BUY,0.0100,487300.000,2024-07-09 01:03:20.744
ETH,BUY,0.0840,487325.000,2024-07-09 01:03:20.744
ETH,BUY,0.0500,487600.000,2024-07-09 01:04:22.721
ETH,BUY,0.0100,487600.000,2024-07-09 01:04:22.721
ETH,BUY,0.5460,487756.000,2024-07-09 01:04:22.721
ETH,BUY,0.1000,487756.000,2024-07-09 01:04:25.221
ETH,BUY,0.0100,487900.000,2024-07-09 01:04:26.156
ETH,BUY,0.3900,487977.000,2024-07-09 01:04:26.156
ETH,BUY,0.2000,487977.000,2024-07-09 01:04:26.621
ETH,BUY,0.0561,488000.000,2024-07-09 01:05:16.657
ETH,BUY,0.4439,488158.000,2024-07-09 01:05:16.657
ETH,BUY,0.0100,488200.000,2024-07-09 01:05:20.182
ETH,BUY,0.4900,488403.000,2024-07-09 01:05:20.182
ETH,BUY,0.0280,488227.000,2024-07-09 01:07:13.451
ETH,BUY,0.2000,488351.000,2024-07-09 01:08:08.238
ETH,BUY,0.2000,488351.000,2024-07-09 01:08:10.392
ETH,BUY,0.2000,488638.000,2024-07-09 01:08:12.400
ETH,BUY,0.4000,488638.000,2024-07-09 01:08:12.448
ETH,BUY,0.0200,488638.000,2024-07-09 01:08:12.513
ETH,BUY,0.1000,488638.000,2024-07-09 01:08:12.999
ETH,BUY,0.2000,488638.000,2024-07-09 01:08:13.314
ETH,BUY,0.0800,488638.000,2024-07-09 01:08:13.433
ETH,BUY,0.0100,488700.000,2024-07-09 01:08:13.433
ETH,BUY,0.4700,488785.000,2024-07-09 01:08:13.433
ETH,BUY,0.2000,488785.000,2024-07-09 01:08:14.670
ETH,BUY,0.1000,488785.000,2024-07-09 01:08:15.067
ETH,BUY,0.0250,488785.000,2024-07-09 01:08:16.197
ETH,BUY,0.0420,488800.000,2024-07-09 01:08:18.724
ETH,BUY,0.0100,488900.000,2024-07-09 01:08:18.724
ETH,BUY,0.1100,488906.000,2024-07-09 01:08:18.724
ETH,BUY,0.0200,488906.000,2024-07-09 01:08:18.844
ETH,BUY,0.0750,488906.000,2024-07-09 01:08:19.239
ETH,BUY,0.4000,488906.000,2024-07-09 01:08:19.471
ETH,BUY,0.0100,489300.000,2024-07-09 01:09:31.350
ETH,BUY,1.0000,489536.000,2024-07-09 01:09:35.478
ETH,BUY,0.0100,489600.000,2024-07-09 01:09:35.478
ETH,BUY,0.0100,489700.000,2024-07-09 01:09:35.478
ETH,BUY,0.2864,489740.000,2024-07-09 01:09:35.478
ETH,BUY,0.6936,489800.000,2024-07-09 01:09:35.478
ETH,BUY,0.2000,489800.000,2024-07-09 01:09:36.186
ETH,SELL,0.0237,489695.000,2024-07-09 01:09:55.408
ETH,BUY,1.0000,489750.000,2024-07-09 01:10:22.051
ETH,BUY,0.0100,489900.000,2024-07-09 01:10:28.903
ETH,BUY,0.2000,489999.000,2024-07-09 01:10:29.122
ETH,BUY,0.2000,489999.000,2024-07-09 01:10:30.946
ETH,BUY,0.0800,489999.000,2024-07-09 01:10:31.121
ETH,BUY,0.0100,490000.000,2024-07-09 01:10:31.121
ETH,BUY,0.0300,490000.000,2024-07-09 01:10:31.121
ETH,BUY,0.0130,490000.000,2024-07-09 01:10:31.121
ETH,BUY,0.0250,490000.000,2024-07-09 01:10:31.121
ETH,BUY,0.0500,490000.000,2024-07-09 01:10:31.121
ETH,BUY,0.2000,490156.000,2024-07-09 01:10:31.235
ETH,BUY,0.0116,490442.000,2024-07-09 01:10:33.926
ETH,BUY,0.8300,490442.000,2024-07-09 01:10:34.100
ETH,BUY,0.0100,490500.000,2024-07-09 01:10:35.872
ETH,BUY,0.0100,490600.000,2024-07-09 01:10:35.872
ETH,BUY,0.5200,490646.000,2024-07-09 01:10:35.872
ETH,BUY,0.3254,490646.000,2024-07-09 01:10:35.934
ETH,BUY,0.1000,490646.000,2024-07-09 01:10:36.400
ETH,BUY,0.0546,490646.000,2024-07-09 01:10:36.497
ETH,BUY,0.0100,490900.000,2024-07-09 01:10:36.497
ETH,BUY,0.6100,491131.000,2024-07-09 01:10:36.497
ETH,BUY,0.3900,491267.000,2024-07-09 01:10:36.962
ETH,BUY,0.0100,491286.000,2024-07-09 01:10:36.962
ETH,BUY,0.0100,491300.000,2024-07-09 01:10:37.256
ETH,BUY,0.0100,491290.000,2024-07-09 01:10:38.400
ETH,BUY,0.0121,491290.000,2024-07-09 01:10:39.435
ETH,BUY,0.1000,491310.000,2024-07-09 01:10:53.721
ETH,BUY,0.1000,491310.000,2024-07-09 01:10:55.248
ETH,BUY,0.1182,491310.000,2024-07-09 01:10:55.412
ETH,BUY,0.2000,491412.000,2024-07-09 01:10:55.770
ETH,BUY,0.8000,491412.000,2024-07-09 01:10:58.107
ETH,BUY,1.0000,491585.000,2024-07-09 01:11:05.328
ETH,BUY,0.0100,491600.000,2024-07-09 01:12:03.041
ETH,BUY,0.0100,491700.000,2024-07-09 01:12:04.066
ETH,BUY,0.0100,491900.000,2024-07-09 01:12:05.141
ETH,BUY,0.0120,492000.000,2024-07-09 01:12:05.141
ETH,BUY,0.1000,492000.000,2024-07-09 01:12:05.141
ETH,BUY,0.0630,492000.000,2024-07-09 01:12:05.141
ETH,BUY,0.0100,492100.000,2024-07-09 01:12:05.141
ETH,BUY,0.0050,492200.000,2024-07-09 01:12:05.141
ETH,BUY,0.0050,492200.000,2024-07-09 01:12:08.489
ETH,BUY,0.3950,492222.000,2024-07-09 01:12:08.489
ETH,BUY,0.4000,492222.000,2024-07-09 01:12:10.065
ETH,BUY,0.0200,492222.000,2024-07-09 01:12:10.137
ETH,SELL,0.0100,491901.000,2024-07-09 01:12:10.484
ETH,BUY,0.0100,492600.000,2024-07-09 01:12:20.942
ETH,BUY,0.0300,492638.000,2024-07-09 01:12:20.942
ETH,BUY,0.2000,492638.000,2024-07-09 01:12:22.093
ETH,BUY,0.0100,492700.000,2024-07-09 01:12:27.116
ETH,BUY,0.0420,492700.000,2024-07-09 01:12:27.116
ETH,BUY,0.1480,492753.000,2024-07-09 01:12:27.116
ETH,BUY,0.2000,492753.000,2024-07-09 01:12:27.857
ETH,BUY,0.0100,492900.000,2024-07-09 01:12:40.200
ETH,BUY,0.1000,492743.000,2024-07-09 01:14:17.448
ETH,SELL,0.1000,492678.000,2024-07-09 01:14:34.702
ETH,SELL,0.0100,492600.000,2024-07-09 01:14:52.443
ETH,BUY,0.2000,492456.000,2024-07-09 01:15:20.931
ETH,BUY,0.0202,492456.000,2024-07-09 01:15:22.234
ETH,BUY,0.4000,492749.000,2024-07-09 01:15:27.493
ETH,BUY,0.0100,492900.000,2024-07-09 01:15:36.133
ETH,BUY,0.3900,493044.000,2024-07-09 01:15:36.133
ETH,BUY,0.2000,493179.000,2024-07-09 01:15:37.858
ETH,BUY,0.0100,493200.000,2024-07-09 01:16:00.800
ETH,BUY,0.0100,493500.000,2024-07-09 01:16:05.110
ETH,BUY,0.0100,493700.000,2024-07-09 01:16:05.110
ETH,BUY,0.0500,493700.000,2024-07-09 01:16:05.110
ETH,BUY,0.3300,493717.000,2024-07-09 01:16:05.110
ETH,BUY,0.0117,493765.000,2024-07-09 01:16:09.106
ETH,BUY,0.3883,493813.000,2024-07-09 01:16:09.106
ETH,BUY,0.0100,493900.000,2024-07-09 01:16:18.480
ETH,BUY,0.0120,494000.000,2024-07-09 01:16:18.480
ETH,BUY,0.0100,494100.000,2024-07-09 01:16:18.480
ETH,BUY,0.0080,494106.000,2024-07-09 01:16:18.480
ETH,BUY,0.0100,494200.000,2024-07-09 01:16:24.285
ETH,BUY,0.0100,494300.000,2024-07-09 01:16:26.515
ETH,BUY,0.1900,494360.000,2024-07-09 01:16:26.515
ETH,BUY,0.0500,494328.000,2024-07-09 01:16:30.806
ETH,BUY,0.0100,494360.000,2024-07-09 01:16:35.630
ETH,BUY,0.5999,494558.000,2024-07-09 01:16:37.449
ETH,SELL,0.0763,494695.000,2024-07-09 01:16:49.618
ETH,SELL,0.1237,494693.000,2024-07-09 01:16:49.618
ETH,SELL,0.2000,494586.000,2024-07-09 01:16:54.939
ETH,SELL,0.2000,494590.000,2024-07-09 01:16:55.618
ETH,SELL,0.2000,494587.000,2024-07-09 01:16:57.091
ETH,BUY,0.0750,494473.000,2024-07-09 01:17:01.209
ETH,SELL,0.2000,494500.000,2024-07-09 01:17:13.237
ETH,SELL,0.2000,494340.000,2024-07-09 01:17:13.993
ETH,SELL,0.0100,494000.000,2024-07-09 01:17:24.130
ETH,SELL,0.0100,494000.000,2024-07-09 01:17:24.130
ETH,SELL,0.0800,493906.000,2024-07-09 01:17:24.130
ETH,SELL,0.0100,493906.000,2024-07-09 01:17:24.743
ETH,BUY,0.0700,493967.000,2024-07-09 01:17:26.779
ETH,SELL,0.0100,493900.000,2024-07-09 01:17:27.190
ETH,SELL,0.3900,493766.000,2024-07-09 01:17:27.190
ETH,BUY,0.0200,493882.000,2024-07-09 01:17:45.312
ETH,BUY,0.1101,493882.000,2024-07-09 01:17:45.394
ETH,BUY,0.2099,493885.000,2024-07-09 01:17:45.394
ETH,BUY,1.0000,493716.000,2024-07-09 01:17:48.264
ETH,BUY,0.0115,493789.000,2024-07-09 01:17:49.051
ETH,BUY,0.0500,493789.000,2024-07-09 01:17:49.210
ETH,BUY,0.1200,493991.000,2024-07-09 01:17:59.677
ETH,SELL,0.5000,493606.000,2024-07-09 01:19:08.962
ETH,SELL,0.2000,493606.000,2024-07-09 01:19:09.111
ETH,SELL,0.0100,493600.000,2024-07-09 01:19:10.547
ETH,SELL,0.0100,493400.000,2024-07-09 01:19:11.246
ETH,SELL,0.0100,493200.000,2024-07-09 01:19:11.246
ETH,SELL,0.0800,493001.000,2024-07-09 01:19:11.246
ETH,SELL,0.0100,493000.000,2024-07-09 01:19:13.611
ETH,SELL,0.0100,492900.000,2024-07-09 01:19:13.611
ETH,SELL,0.2800,492734.000,2024-07-09 01:19:13.611
ETH,SELL,0.0100,492735.000,2024-07-09 01:19:14.126
ETH,SELL,1.0000,492736.000,2024-07-09 01:19:15.647
ETH,SELL,0.9300,492735.000,2024-07-09 01:19:15.647
ETH,SELL,0.0700,492734.000,2024-07-09 01:19:15.647
ETH,SELL,1.0000,492625.000,2024-07-09 01:19:19.797
ETH,SELL,0.0100,492600.000,2024-07-09 01:19:33.205
ETH,SELL,0.5000,492406.000,2024-07-09 01:19:37.331
ETH,SELL,0.2000,492406.000,2024-07-09 01:19:37.664
ETH,SELL,0.0100,492400.000,2024-07-09 01:19:39.798
ETH,SELL,0.1900,492301.000,2024-07-09 01:19:39.798
ETH,SELL,0.0100,492300.000,2024-07-09 01:19:42.252
ETH,SELL,0.0410,492200.000,2024-07-09 01:19:45.198
ETH,SELL,0.0100,492000.000,2024-07-09 01:19:45.464
ETH,SELL,0.0574,492000.000,2024-07-09 01:19:46.150
ETH,SELL,0.0100,492000.000,2024-07-09 01:19:46.391
ETH,SELL,1.7771,492000.000,2024-07-09 01:19:47.180
ETH,SELL,0.8500,492000.000,2024-07-09 01:19:47.535
ETH,SELL,0.1955,492000.000,2024-07-09 01:19:47.895
ETH,SELL,0.0100,492000.000,2024-07-09 01:19:47.895
ETH,SELL,0.0100,491900.000,2024-07-09 01:19:47.895
ETH,SELL,0.0420,491900.000,2024-07-09 01:19:47.895
ETH,SELL,0.0100,491600.000,2024-07-09 01:19:47.895
ETH,SELL,0.1325,491401.000,2024-07-09 01:19:47.895
ETH,SELL,0.2000,491401.000,2024-07-09 01:19:47.974
ETH,SELL,0.6000,491401.000,2024-07-09 01:19:48.044
ETH,SELL,0.0100,491400.000,2024-07-09 01:19:49.209
ETH,SELL,0.0100,491300.000,2024-07-09 01:19:49.209
ETH,SELL,0.0509,491221.000,2024-07-09 01:19:49.209
ETH,SELL,0.2055,491020.000,2024-07-09 01:19:51.059
ETH,SELL,0.1248,491020.000,2024-07-09 01:19:51.310
ETH,SELL,0.0697,491020.000,2024-07-09 01:19:51.484
ETH,SELL,0.0100,491000.000,2024-07-09 01:19:51.484
ETH,SELL,0.1203,490936.000,2024-07-09 01:19:51.484
ETH,BUY,0.1000,491086.000,2024-07-09 01:19:52.671
ETH,BUY,0.1000,490813.000,2024-07-09 01:19:55.287
ETH,BUY,0.3200,490958.000,2024-07-09 01:20:11.504
ETH,BUY,0.4000,491090.000,2024-07-09 01:20:13.470
ETH,BUY,0.0999,491140.000,2024-07-09 01:20:23.130
ETH,BUY,0.1000,491140.000,2024-07-09 01:20:23.526
ETH,BUY,0.0100,491300.000,2024-07-09 01:20:27.384
ETH,BUY,0.0574,491349.000,2024-07-09 01:20:27.384
ETH,BUY,0.0493,491401.000,2024-07-09 01:20:33.136
ETH,BUY,0.0100,491600.000,2024-07-09 01:20:33.136
ETH,BUY,0.0100,491700.000,2024-07-09 01:20:33.136
ETH,BUY,0.3307,491716.000,2024-07-09 01:20:33.136
ETH,BUY,0.0200,491677.000,2024-07-09 01:20:39.316
ETH,BUY,0.0200,491753.000,2024-07-09 01:20:47.909
ETH,SELL,0.0100,491400.000,2024-07-09 01:21:06.639
ETH,SELL,0.0100,491300.000,2024-07-09 01:21:07.204
ETH,SELL,0.0100,491000.000,2024-07-09 01:21:09.122
ETH,SELL,0.0100,490600.000,2024-07-09 01:21:09.477
ETH,SELL,0.0035,490330.000,2024-07-09 01:21:09.477
ETH,SELL,0.0100,490300.000,2024-07-09 01:21:11.187
ETH,SELL,0.1900,490205.000,2024-07-09 01:21:11.187
ETH,SELL,0.0065,490205.000,2024-07-09 01:21:11.198
ETH,SELL,0.0035,490202.000,2024-07-09 01:21:11.198
ETH,SELL,0.0100,490200.000,2024-07-09 01:21:11.315
ETH,SELL,0.0800,490007.000,2024-07-09 01:21:11.315
ETH,SELL,0.0100,490007.000,2024-07-09 01:21:11.378
ETH,SELL,0.1100,490007.000,2024-07-09 01:21:11.526
ETH,SELL,0.6128,490007.000,2024-07-09 01:21:11.955
ETH,SELL,0.1000,490007.000,2024-07-09 01:21:12.237
ETH,SELL,0.0872,490007.000,2024-07-09 01:21:12.753
ETH,SELL,0.0100,490000.000,2024-07-09 01:21:12.753
ETH,SELL,0.0028,489700.000,2024-07-09 01:21:12.753
ETH,BUY,0.1600,490004.000,2024-07-09 01:21:17.271
ETH,SELL,0.0176,489851.000,2024-07-09 01:21:20.939
ETH,BUY,0.0203,490187.000,2024-07-09 01:21:22.250
ETH,BUY,0.0800,490187.000,2024-07-09 01:21:22.299
ETH,BUY,0.2900,490187.000,2024-07-09 01:21:23.203
ETH,BUY,0.4000,490187.000,2024-07-09 01:21:23.215
ETH,BUY,0.0100,490101.000,2024-07-09 01:21:25.175
ETH,SELL,0.1000,490095.000,2024-07-09 01:21:29.223
ETH,BUY,0.0300,490292.000,2024-07-09 01:21:41.496
ETH,SELL,0.0999,490291.000,2024-07-09 01:21:41.918
ETH,BUY,0.0400,490414.000,2024-07-09 01:22:05.101
ETH,BUY,0.1000,490252.000,2024-07-09 01:22:08.799
ETH,BUY,0.0800,490316.000,2024-07-09 01:22:11.468
ETH,BUY,0.0100,490500.000,2024-07-09 01:22:27.599
ETH,BUY,0.0100,490600.000,2024-07-09 01:22:27.599
ETH,BUY,0.0200,490714.000,2024-07-09 01:22:27.599
ETH,BUY,0.0100,490900.000,2024-07-09 01:22:41.499
ETH,BUY,0.0203,491160.000,2024-07-09 01:22:42.241
ETH,SELL,0.0100,491000.000,2024-07-09 01:23:54.635
ETH,SELL,0.0100,490600.000,2024-07-09 01:23:56.434
ETH,SELL,0.0100,490300.000,2024-07-09 01:25:42.228
ETH,SELL,0.0100,490200.000,2024-07-09 01:25:47.874
ETH,SELL,0.0100,490073.000,2024-07-09 01:25:48.446
ETH,BUY,0.0234,490125.000,2024-07-09 01:26:16.445
ETH,SELL,0.0100,490073.000,2024-07-09 01:27:00.608
ETH,BUY,0.1020,489995.000,2024-07-09 01:27:12.692
ETH,SELL,0.0165,489764.000,2024-07-09 01:27:14.437
ETH,BUY,0.0746,489990.000,2024-07-09 01:27:17.938
ETH,BUY,0.3254,489993.000,2024-07-09 01:27:17.938
ETH,BUY,0.0203,489883.000,2024-07-09 01:27:22.164
ETH,SELL,0.0539,489882.000,2024-07-09 01:27:22.964
ETH,BUY,0.1411,490000.000,2024-07-09 01:27:23.826
ETH,BUY,0.8489,490000.000,2024-07-09 01:27:24.647
ETH,BUY,0.4000,490241.000,2024-07-09 01:27:25.483
ETH,BUY,0.1000,490241.000,2024-07-09 01:27:27.158
ETH,BUY,0.0600,490241.000,2024-07-09 01:27:27.918
ETH,BUY,0.3400,490460.000,2024-07-09 01:27:30.676
ETH,BUY,0.0900,490460.000,2024-07-09 01:27:31.117
ETH,BUY,0.0100,490500.000,2024-07-09 01:27:35.933
ETH,BUY,0.0187,490590.000,2024-07-09 01:27:35.933
ETH,BUY,0.0100,490600.000,2024-07-09 01:27:48.045
ETH,BUY,0.1100,490600.000,2024-07-09 01:27:48.045
ETH,BUY,0.1813,490620.000,2024-07-09 01:27:48.045
ETH,BUY,0.2096,490622.000,2024-07-09 01:27:48.045
ETH,BUY,0.0800,490563.000,2024-07-09 01:28:13.823
ETH,SELL,0.0100,490300.000,2024-07-09 01:30:05.277
ETH,BUY,1.0000,490249.000,2024-07-09 01:30:35.218
ETH,BUY,0.2000,490250.000,2024-07-09 01:30:35.218
ETH,SELL,0.0677,490292.000,2024-07-09 01:30:37.009
ETH,BUY,0.6300,490399.000,2024-07-09 01:30:38.786
ETH,BUY,0.3700,490399.000,2024-07-09 01:30:39.134
ETH,SELL,0.0194,490430.000,2024-07-09 01:30:45.420
ETH,BUY,0.6700,490529.000,2024-07-09 01:30:54.168
ETH,BUY,0.0300,490576.000,2024-07-09 01:31:14.554
ETH,BUY,0.1000,490576.000,2024-07-09 01:31:16.072
ETH,BUY,0.0100,490600.000,2024-07-09 01:31:17.363
ETH,BUY,0.0100,490900.000,2024-07-09 01:31:17.363
ETH,BUY,0.0280,490700.000,2024-07-09 01:31:37.781
ETH,SELL,0.0100,490600.000,2024-07-09 01:31:44.690
ETH,SELL,0.0100,490300.000,2024-07-09 01:31:50.937
ETH,SELL,0.0100,490200.000,2024-07-09 01:31:57.983
ETH,SELL,0.0350,490000.000,2024-07-09 01:32:09.086
ETH,SELL,0.0072,489700.000,2024-07-09 01:32:10.560
ETH,SELL,0.0100,489600.000,2024-07-09 01:32:10.560
ETH,SELL,0.3828,489401.000,2024-07-09 01:32:10.560
ETH,BUY,0.1990,489750.000,2024-07-09 01:32:33.336
ETH,SELL,0.0100,489400.000,2024-07-09 01:33:17.594
ETH,SELL,0.0100,489300.000,2024-07-09 01:33:22.183
ETH,SELL,0.0100,489000.000,2024-07-09 01:33:28.824
ETH,SELL,0.0117,488892.000,2024-07-09 01:33:29.916
ETH,SELL,0.2273,488892.000,2024-07-09 01:35:03.212
ETH,SELL,0.7610,488892.000,2024-07-09 01:35:03.666
ETH,SELL,0.0100,488600.000,2024-07-09 01:35:06.055
ETH,SELL,0.0420,488500.000,2024-07-09 01:35:06.642
ETH,SELL,0.0100,488400.000,2024-07-09 01:35:08.681
ETH,SELL,0.0100,487900.000,2024-07-09 01:35:09.675
ETH,BUY,0.4000,487733.000,2024-07-09 01:35:56.082
ETH,BUY,0.4000,487932.000,2024-07-09 01:36:08.472
ETH,SELL,0.0403,487831.000,2024-07-09 01:36:12.941
ETH,SELL,0.0150,487816.000,2024-07-09 01:36:18.446
ETH,BUY,0.4000,487811.000,2024-07-09 01:37:30.540
ETH,BUY,0.1000,487819.000,2024-07-09 01:37:32.670
ETH,BUY,0.0600,487943.000,2024-07-09 01:37:37.386
ETH,BUY,0.1000,487943.000,2024-07-09 01:37:37.388
ETH,BUY,1.0000,488045.000,2024-07-09 01:37:40.126
ETH,BUY,0.0100,488200.000,2024-07-09 01:37:47.057
ETH,BUY,0.3900,488290.000,2024-07-09 01:37:47.057
ETH,BUY,0.0700,488290.000,2024-07-09 01:37:47.751
ETH,BUY,0.0100,488400.000,2024-07-09 01:37:51.104
ETH,BUY,0.3900,488408.000,2024-07-09 01:37:51.104
ETH,BUY,0.1000,488408.000,2024-07-09 01:37:52.120
ETH,BUY,1.9000,488650.000,2024-07-09 01:38:04.743
ETH,SELL,0.0822,488146.000,2024-07-09 01:39:19.757
ETH,SELL,0.0100,487900.000,2024-07-09 01:41:10.056
ETH,SELL,0.0100,487601.000,2024-07-09 01:41:14.481
ETH,SELL,0.0100,487600.000,2024-07-09 01:41:16.159
ETH,SELL,0.0100,487300.000,2024-07-09 01:41:16.880
ETH,SELL,0.0100,487000.000,2024-07-09 01:41:16.921
ETH,SELL,0.0100,486701.000,2024-07-09 01:41:21.998
ETH,BUY,0.0100,486852.000,2024-07-09 01:41:24.239
ETH,BUY,0.4000,486990.000,2024-07-09 01:42:22.480
ETH,BUY,2.0000,487084.000,2024-07-09 01:44:52.397
ETH,BUY,2.0000,487258.000,2024-07-09 01:44:59.702
ETH,BUY,0.0200,487216.000,2024-07-09 01:45:07.031
ETH,BUY,1.7441,487219.000,2024-07-09 01:45:07.031
ETH,BUY,0.2359,487220.000,2024-07-09 01:45:07.031
ETH,BUY,0.6331,487209.000,2024-07-09 01:45:15.263
ETH,BUY,1.0000,487257.000,2024-07-09 01:45:15.263
ETH,BUY,0.3669,487287.000,2024-07-09 01:45:15.263
ETH,SELL,0.6300,486903.000,2024-07-09 01:45:15.988
ETH,SELL,1.2812,486902.000,2024-07-09 01:45:15.988
ETH,BUY,0.0100,487300.000,2024-07-09 01:45:23.098
ETH,BUY,0.3900,487328.000,2024-07-09 01:45:23.098
ETH,BUY,0.4000,487591.000,2024-07-09 01:45:30.480
ETH,BUY,1.0000,487227.000,2024-07-09 01:45:32.838
ETH,BUY,0.0100,487600.000,2024-07-09 01:45:52.111
ETH,BUY,0.0100,487900.000,2024-07-09 01:45:52.111
ETH,BUY,1.0000,488085.000,2024-07-09 01:45:52.111
ETH,BUY,0.2300,488088.000,2024-07-09 01:45:52.111
ETH,BUY,0.7500,488099.000,2024-07-09 01:45:52.111
ETH,BUY,0.0100,488200.000,2024-07-09 01:45:56.689
ETH,BUY,1.9900,488215.000,2024-07-09 01:45:56.689
ETH,BUY,0.2645,488226.000,2024-07-09 01:46:00.870
ETH,BUY,1.7355,488244.000,2024-07-09 01:46:00.870
ETH,BUY,1.2800,488226.000,2024-07-09 01:46:04.008
ETH,BUY,0.7200,488244.000,2024-07-09 01:46:04.008
ETH,BUY,1.0000,488297.000,2024-07-09 01:46:08.732
ETH,BUY,0.5193,488298.000,2024-07-09 01:46:08.732
ETH,BUY,0.4807,488302.000,2024-07-09 01:46:08.732
ETH,BUY,1.0000,488300.000,2024-07-09 01:46:12.594
ETH,BUY,1.0000,488302.000,2024-07-09 01:46:12.594
ETH,BUY,0.0160,488331.000,2024-07-09 01:46:14.019
ETH,BUY,0.9537,488329.000,2024-07-09 01:46:16.931
ETH,BUY,1.0463,488360.000,2024-07-09 01:46:16.931
ETH,BUY,0.1720,488385.000,2024-07-09 01:46:21.823
ETH,BUY,0.4600,488389.000,2024-07-09 01:46:21.823
ETH,BUY,1.3680,488418.000,2024-07-09 01:46:21.823
ETH,BUY,2.0000,488447.000,2024-07-09 01:46:27.299
ETH,BUY,1.7800,488476.000,2024-07-09 01:46:31.660
ETH,BUY,0.2200,488505.000,2024-07-09 01:46:31.660
ETH,BUY,0.0100,488534.000,2024-07-09 01:46:42.739
ETH,BUY,0.0100,488700.000,2024-07-09 01:47:56.573
ETH,BUY,0.0100,488900.000,2024-07-09 01:48:21.173
ETH,BUY,0.0100,489085.000,2024-07-09 01:48:21.173
ETH,BUY,0.3800,489114.000,2024-07-09 01:48:21.173
ETH,BUY,0.0100,489002.000,2024-07-09 01:48:55.702
ETH,BUY,0.0100,489021.000,2024-07-09 01:48:55.702
ETH,SELL,0.0100,488600.000,2024-07-09 01:48:57.936
ETH,SELL,0.0210,488414.000,2024-07-09 01:48:57.936
ETH,BUY,0.0100,488900.000,2024-07-09 01:51:12.556
ETH,BUY,0.1000,489114.000,2024-07-09 01:54:24.688
ETH,SELL,0.0100,488600.000,2024-07-09 01:55:55.181
ETH,SELL,0.0100,488400.000,2024-07-09 01:56:03.299
ETH,SELL,0.0013,487995.000,2024-07-09 01:56:03.299
ETH,BUY,0.4000,488186.000,2024-07-09 01:56:36.144
ETH,BUY,0.0100,488289.000,2024-07-09 01:56:58.594
ETH,BUY,1.0000,488200.000,2024-07-09 01:59:26.378
ETH,BUY,1.0000,488216.000,2024-07-09 01:59:30.033
ETH,SELL,0.0100,487900.000,2024-07-09 02:01:46.942
ETH,SELL,0.0500,487716.000,2024-07-09 02:02:16.764
ETH,SELL,0.0100,487600.000,2024-07-09 02:02:22.552
ETH,SELL,0.1600,487361.000,2024-07-09 02:02:22.552
ETH,SELL,0.0100,487300.000,2024-07-09 02:03:15.178
ETH,SELL,0.0100,487063.000,2024-07-09 02:03:16.640
ETH,SELL,0.0100,487000.000,2024-07-09 02:03:22.157
ETH,SELL,0.1100,487000.000,2024-07-09 02:03:22.157
ETH,SELL,0.3300,487000.000,2024-07-09 02:03:22.654
ETH,SELL,0.0600,487000.000,2024-07-09 02:03:22.778
ETH,SELL,0.0100,486700.000,2024-07-09 02:03:25.125
ETH,SELL,0.0100,486400.000,2024-07-09 02:03:28.197
ETH,SELL,0.0863,486120.000,2024-07-09 02:03:44.706
ETH,SELL,1.0000,486246.000,2024-07-09 02:04:11.545
ETH,BUY,0.0100,486700.000,2024-07-09 02:04:45.528
ETH,BUY,0.3900,486700.000,2024-07-09 02:04:45.528
ETH,BUY,0.3250,486700.000,2024-07-09 02:04:47.289
ETH,BUY,0.0100,487000.000,2024-07-09 02:04:48.766
ETH,BUY,0.1600,487142.000,2024-07-09 02:04:48.766
ETH,BUY,0.3700,487142.000,2024-07-09 02:04:49.077
ETH,BUY,0.0300,487229.000,2024-07-09 02:04:51.594
ETH,BUY,0.0300,486822.000,2024-07-09 02:04:54.437
ETH,SELL,0.0100,486839.000,2024-07-09 02:06:04.594
ETH,BUY,0.2000,487018.000,2024-07-09 02:06:08.612
ETH,BUY,0.0100,487300.000,2024-07-09 02:06:20.587
ETH,BUY,0.1900,487400.000,2024-07-09 02:06:20.587
ETH,BUY,0.9600,487280.000,2024-07-09 02:06:27.856
ETH,BUY,0.0400,487280.000,2024-07-09 02:06:28.000
ETH,BUY,0.9100,487383.000,2024-07-09 02:06:30.099
ETH,BUY,0.0100,487600.000,2024-07-09 02:07:54.399
ETH,BUY,0.5900,487867.000,2024-07-09 02:07:54.399
ETH,SELL,0.0200,487422.000,2024-07-09 02:08:07.062
ETH,BUY,0.4000,487490.000,2024-07-09 02:08:17.359
ETH,BUY,0.0100,487722.000,2024-07-09 02:09:59.580
ETH,BUY,0.0600,487687.000,2024-07-09 02:10:26.869
ETH,BUY,1.0000,487838.000,2024-07-09 02:11:10.082
ETH,BUY,0.0426,487829.000,2024-07-09 02:11:55.745
ETH,SELL,0.5000,487696.000,2024-07-09 02:16:33.811
ETH,BUY,0.0100,487900.000,2024-07-09 02:17:20.113
ETH,BUY,0.3900,487900.000,2024-07-09 02:17:20.113
ETH,BUY,0.1100,487900.000,2024-07-09 02:17:21.166
ETH,BUY,0.5042,487942.000,2024-07-09 02:17:21.166
ETH,BUY,0.3200,487942.000,2024-07-09 02:17:21.463
ETH,BUY,0.2000,488173.000,2024-07-09 02:17:23.950
ETH,BUY,0.0100,488200.000,2024-07-09 02:17:31.090
ETH,BUY,0.3900,488291.000,2024-07-09 02:17:31.090
ETH,BUY,0.3200,488291.000,2024-07-09 02:17:31.935
ETH,BUY,0.0100,488700.000,2024-07-09 02:18:03.362
ETH,BUY,0.1900,488825.000,2024-07-09 02:18:03.362
ETH,BUY,0.6130,488874.000,2024-07-09 02:18:06.231
ETH,BUY,0.3870,488874.000,2024-07-09 02:18:07.219
ETH,BUY,0.0100,488900.000,2024-07-09 02:18:07.219
ETH,BUY,0.1783,488995.000,2024-07-09 02:18:07.219
ETH,BUY,0.0217,488995.000,2024-07-09 02:18:31.674
ETH,BUY,0.4030,489000.000,2024-07-09 02:18:31.674
ETH,BUY,0.4000,489000.000,2024-07-09 02:18:32.109
ETH,BUY,0.3200,489000.000,2024-07-09 02:18:32.284
ETH,BUY,0.2000,489000.000,2024-07-09 02:18:33.862
ETH,BUY,0.2000,489000.000,2024-07-09 02:18:34.087
ETH,BUY,0.1000,489000.000,2024-07-09 02:18:34.437
ETH,BUY,0.0288,489000.000,2024-07-09 02:18:42.694
ETH,BUY,0.1400,489000.000,2024-07-09 02:18:49.266
ETH,BUY,0.0300,489000.000,2024-07-09 02:18:49.413
ETH,BUY,0.4000,489000.000,2024-07-09 02:19:16.577
ETH,BUY,0.0400,489000.000,2024-07-09 02:19:17.162
ETH,BUY,0.1000,489000.000,2024-07-09 02:19:17.237
ETH,BUY,0.1882,489000.000,2024-07-09 02:19:18.918
ETH,BUY,0.2118,489180.000,2024-07-09 02:19:18.918
ETH,BUY,0.0100,489300.000,2024-07-09 02:19:22.752
ETH,BUY,0.4000,489305.000,2024-07-09 02:19:22.754
ETH,BUY,0.0100,489600.000,2024-07-09 02:19:29.675
ETH,BUY,0.0483,489612.000,2024-07-09 02:19:29.675
ETH,BUY,0.0100,489700.000,2024-07-09 02:19:40.506
ETH,BUY,0.0100,489900.000,2024-07-09 02:19:45.700
ETH,BUY,0.0024,489948.000,2024-07-09 02:19:45.700
ETH,SELL,0.0100,489600.000,2024-07-09 02:20:30.174
ETH,SELL,0.0100,489400.000,2024-07-09 02:21:18.237
ETH,SELL,0.0137,489325.000,2024-07-09 02:21:18.237
ETH,SELL,0.1763,489322.000,2024-07-09 02:21:18.237
ETH,SELL,0.0100,489300.000,2024-07-09 02:21:26.887
ETH,BUY,1.6074,489161.000,2024-07-09 02:21:37.426
ETH,BUY,0.3926,489236.000,2024-07-09 02:21:37.426
ETH,BUY,1.4123,489172.000,2024-07-09 02:21:48.330
ETH,BUY,0.0100,489172.000,2024-07-09 02:21:48.330
ETH,BUY,0.5777,489259.000,2024-07-09 02:21:48.330
ETH,SELL,0.2000,489005.000,2024-07-09 02:21:48.866
ETH,SELL,1.0000,489002.000,2024-07-09 02:21:48.866
ETH,SELL,0.0100,489000.000,2024-07-09 02:21:48.866
ETH,SELL,0.0770,488874.000,2024-07-09 02:21:48.866
ETH,SELL,0.0301,488825.000,2024-07-09 02:21:48.866
ETH,SELL,0.0100,488600.000,2024-07-09 02:21:48.866
ETH,SELL,0.5909,488504.000,2024-07-09 02:21:48.866
ETH,BUY,0.0100,488900.000,2024-07-09 02:22:38.137
ETH,BUY,0.4900,488963.000,2024-07-09 02:22:38.137
ETH,BUY,0.0100,489004.000,2024-07-09 02:22:40.364
ETH,BUY,0.0200,489200.000,2024-07-09 02:24:01.841
ETH,SELL,0.0100,488600.000,2024-07-09 02:31:33.335
ETH,SELL,0.0100,488400.000,2024-07-09 02:33:07.435
ETH,SELL,0.1039,488206.000,2024-07-09 02:33:07.435
ETH,BUY,2.0000,488273.000,2024-07-09 02:33:16.528
ETH,BUY,0.0100,488700.000,2024-07-09 02:34:37.780
ETH,BUY,0.0041,488751.000,2024-07-09 02:34:37.780
ETH,BUY,0.9959,488751.000,2024-07-09 02:34:39.222
ETH,BUY,1.0000,488791.000,2024-07-09 02:34:41.910
ETH,BUY,1.0000,488819.000,2024-07-09 02:34:45.733
ETH,BUY,0.0100,488900.000,2024-07-09 02:35:04.529
ETH,BUY,0.8300,489072.000,2024-07-09 02:35:16.130
ETH,BUY,0.0100,489300.000,2024-07-09 02:35:29.734
ETH,SELL,0.4000,489314.000,2024-07-09 02:36:25.151
ETH,SELL,1.0000,489314.000,2024-07-09 02:36:25.151
ETH,SELL,0.2000,489310.000,2024-07-09 02:36:25.151
ETH,SELL,0.2633,489248.000,2024-07-09 02:36:25.151
ETH,SELL,0.1367,489126.000,2024-07-09 02:36:25.151
ETH,SELL,0.0364,489314.000,2024-07-09 02:36:25.464
ETH,BUY,0.0220,489421.000,2024-07-09 02:39:00.323
ETH,BUY,0.0100,489600.000,2024-07-09 02:39:32.266
ETH,BUY,0.0193,489654.000,2024-07-09 02:39:32.266
ETH,BUY,0.0100,489700.000,2024-07-09 02:39:48.279
ETH,BUY,0.0100,489900.000,2024-07-09 02:39:51.568
ETH,BUY,0.0100,490000.000,2024-07-09 02:39:51.568
ETH,BUY,0.0100,490000.000,2024-07-09 02:39:51.568
ETH,BUY,0.0100,490001.000,2024-07-09 02:39:51.568
ETH,BUY,0.0100,490002.000,2024-07-09 02:39:51.568
ETH,BUY,0.0100,490003.000,2024-07-09 02:39:54.192
ETH,BUY,0.0100,490004.000,2024-07-09 02:39:54.192
ETH,BUY,1.9767,489761.000,2024-07-09 02:41:03.282
ETH,BUY,0.0233,489761.000,2024-07-09 02:41:03.282
ETH,SELL,0.0100,489700.000,2024-07-09 02:41:04.213
ETH,SELL,0.0100,489600.000,2024-07-09 02:41:09.056
ETH,SELL,0.0100,489434.000,2024-07-09 02:43:39.031
ETH,BUY,0.0500,489465.000,2024-07-09 02:44:51.411
ETH,BUY,0.0100,489900.000,2024-07-09 02:47:15.579
ETH,BUY,0.2000,489990.000,2024-07-09 02:47:16.641
ETH,BUY,0.8000,489990.000,2024-07-09 02:47:16.965
ETH,BUY,0.0100,490000.000,2024-07-09 02:47:17.389
ETH,BUY,0.0100,490005.000,2024-07-09 02:47:17.389
ETH,BUY,0.0100,490500.000,2024-07-09 02:47:17.389
ETH,BUY,0.1700,490517.000,2024-07-09 02:47:17.389
ETH,BUY,0.1000,490517.000,2024-07-09 02:47:17.631
ETH,BUY,0.0144,490517.000,2024-07-09 02:47:17.707
ETH,BUY,0.0300,490344.000,2024-07-09 02:47:22.371
ETH,BUY,1.0000,490474.000,2024-07-09 02:47:27.685
ETH,BUY,0.0100,490600.000,2024-07-09 02:47:34.099
ETH,BUY,0.0100,490900.000,2024-07-09 02:47:39.504
ETH,BUY,0.0900,490988.000,2024-07-09 02:47:39.504
ETH,BUY,0.2000,490988.000,2024-07-09 02:47:40.857
ETH,BUY,0.0100,491258.000,2024-07-09 02:48:43.628
ETH,BUY,0.0100,491300.000,2024-07-09 02:49:25.220
ETH,BUY,0.0420,491400.000,2024-07-09 02:50:57.024
ETH,BUY,0.3580,491412.000,2024-07-09 02:50:57.024
ETH,BUY,0.2000,491412.000,2024-07-09 02:50:59.662
ETH,BUY,0.1245,491412.000,2024-07-09 02:51:37.346
ETH,BUY,0.3175,491412.000,2024-07-09 02:51:37.566
ETH,BUY,0.0100,491600.000,2024-07-09 02:51:37.566
ETH,BUY,0.0100,491700.000,2024-07-09 02:51:37.566
ETH,BUY,0.0625,491713.000,2024-07-09 02:51:37.566
ETH,BUY,0.0100,491900.000,2024-07-09 02:51:38.544
ETH,BUY,0.1900,491978.000,2024-07-09 02:51:38.544
ETH,BUY,0.0300,491893.000,2024-07-09 02:54:06.825
ETH,SELL,0.1000,491826.000,2024-07-09 02:55:39.627
ETH,BUY,0.2889,491689.000,2024-07-09 02:56:00.602
ETH,BUY,0.1111,491695.000,2024-07-09 02:56:00.602
ETH,BUY,0.1400,491721.000,2024-07-09 02:56:06.604
ETH,BUY,0.0400,491730.000,2024-07-09 02:56:15.084
ETH,BUY,0.0320,492000.000,2024-07-09 02:56:57.713
ETH,BUY,0.0018,492200.000,2024-07-09 02:56:57.713
ETH,BUY,0.0082,492200.000,2024-07-09 02:57:35.672
ETH,BUY,0.0100,492600.000,2024-07-09 02:57:35.672
ETH,BUY,0.0100,492700.000,2024-07-09 02:57:35.672
ETH,BUY,0.0718,492759.000,2024-07-09 02:57:35.672
ETH,BUY,0.0100,492900.000,2024-07-09 02:57:42.802
ETH,BUY,0.2000,493141.000,2024-07-09 02:57:44.769
ETH,BUY,0.0373,493105.000,2024-07-09 02:57:45.234
ETH,BUY,0.0100,493200.000,2024-07-09 02:57:48.127
ETH,BUY,0.1900,493498.000,2024-07-09 02:57:48.127
ETH,BUY,0.4000,493498.000,2024-07-09 02:57:48.552
ETH,BUY,0.4100,493498.000,2024-07-09 02:57:50.021
ETH,BUY,0.0100,493500.000,2024-07-09 02:57:50.021
ETH,BUY,0.0100,493700.000,2024-07-09 02:57:50.021
ETH,BUY,0.0100,493900.000,2024-07-09 02:57:50.021
ETH,BUY,0.4148,494000.000,2024-07-09 02:57:50.021
ETH,BUY,0.2000,494000.000,2024-07-09 02:57:50.085
ETH,BUY,0.0425,493780.000,2024-07-09 02:57:50.677
ETH,BUY,0.1200,493780.000,2024-07-09 02:57:51.416
ETH,SELL,1.0000,493601.000,2024-07-09 02:58:06.147
ETH,SELL,0.0100,493600.000,2024-07-09 02:58:06.147
ETH,BUY,0.5560,493773.000,2024-07-09 02:58:12.391
ETH,BUY,0.0100,493900.000,2024-07-09 02:58:28.353
ETH,BUY,0.2000,494000.000,2024-07-09 02:58:28.821
ETH,BUY,0.1852,494000.000,2024-07-09 02:58:29.234
ETH,BUY,0.0148,494132.000,2024-07-09 02:58:29.234
ETH,SELL,0.1582,494016.000,2024-07-09 02:58:31.113
ETH,BUY,0.0100,494200.000,2024-07-09 02:58:31.654
ETH,BUY,0.0100,494300.000,2024-07-09 02:58:40.084
ETH,BUY,0.0420,494300.000,2024-07-09 02:58:40.084
ETH,BUY,0.0280,494381.000,2024-07-09 02:58:40.084
ETH,BUY,0.4000,494381.000,2024-07-09 02:58:40.142
ETH,BUY,0.2000,494560.000,2024-07-09 02:58:42.000
ETH,BUY,0.0410,494600.000,2024-07-09 02:58:49.630
ETH,BUY,0.0590,494600.000,2024-07-09 02:58:49.630
ETH,BUY,0.2000,494683.000,2024-07-09 02:58:58.411
ETH,BUY,1.0000,494493.000,2024-07-09 02:59:29.069
ETH,BUY,0.3100,494549.000,2024-07-09 02:59:35.134
ETH,BUY,1.0000,494654.000,2024-07-09 02:59:38.401
ETH,BUY,0.0100,494700.000,2024-07-09 02:59:40.407
ETH,BUY,0.0410,494800.000,2024-07-09 02:59:40.407
ETH,BUY,0.0690,494833.000,2024-07-09 02:59:40.407
ETH,BUY,0.0100,494942.000,2024-07-09 02:59:51.883
ETH,BUY,0.0700,495000.000,2024-07-09 02:59:51.883
ETH,BUY,0.0202,495000.000,2024-07-09 03:00:07.168
ETH,SELL,0.2000,494900.000,2024-07-09 03:00:16.136
ETH,SELL,0.1000,494897.000,2024-07-09 03:00:16.432
ETH,BUY,0.0100,494901.000,2024-07-09 03:00:17.361
ETH,SELL,0.2000,494566.000,2024-07-09 03:00:18.379
ETH,SELL,0.0999,494580.000,2024-07-09 03:00:47.530
ETH,BUY,1.0000,494604.000,2024-07-09 03:00:53.105
ETH,BUY,0.1800,494764.000,2024-07-09 03:00:53.614
ETH,SELL,0.2000,494401.000,2024-07-09 03:01:42.576
ETH,BUY,0.1000,494592.000,2024-07-09 03:01:42.919
ETH,SELL,0.0100,494400.000,2024-07-09 03:01:48.623
ETH,BUY,0.1000,494199.000,2024-07-09 03:02:09.535
ETH,SELL,0.1000,494001.000,2024-07-09 03:02:46.139
ETH,SELL,0.0100,494000.000,2024-07-09 03:03:43.841
ETH,SELL,0.0100,493900.000,2024-07-09 03:03:43.909
ETH,BUY,0.2000,493769.000,2024-07-09 03:04:02.397
ETH,SELL,0.5000,493603.000,2024-07-09 03:04:05.612
ETH,SELL,0.0100,493600.000,2024-07-09 03:04:45.855
ETH,BUY,0.0200,493465.000,2024-07-09 03:05:22.457
ETH,SELL,0.0100,493400.000,2024-07-09 03:05:28.857
ETH,SELL,0.0100,493200.000,2024-07-09 03:05:28.857
ETH,SELL,0.0760,492955.000,2024-07-09 03:05:28.857
ETH,BUY,0.2000,493297.000,2024-07-09 03:05:51.696
ETH,BUY,0.4500,493068.000,2024-07-09 03:06:24.697
ETH,BUY,0.4000,493137.000,2024-07-09 03:06:47.445
ETH,BUY,1.0000,493147.000,2024-07-09 03:06:49.992
ETH,BUY,0.0100,493500.000,2024-07-09 03:06:51.697
ETH,BUY,0.0041,493514.000,2024-07-09 03:06:51.697
ETH,BUY,0.0100,493514.000,2024-07-09 03:06:53.071
ETH,BUY,0.0100,493700.000,2024-07-09 03:07:10.501
ETH,BUY,0.0350,493885.000,2024-07-09 03:07:10.501
ETH,SELL,0.1000,493598.000,2024-07-09 03:07:32.070
ETH,BUY,0.0600,493700.000,2024-07-09 03:07:39.718
ETH,SELL,0.1001,493515.000,2024-07-09 03:08:29.377
ETH,SELL,1.0000,493404.000,2024-07-09 03:08:29.377
ETH,SELL,0.0100,493400.000,2024-07-09 03:08:29.377
ETH,BUY,0.0100,493300.000,2024-07-09 03:08:39.091
ETH,SELL,0.3799,493299.000,2024-07-09 03:08:45.294
ETH,BUY,0.3000,493422.000,2024-07-09 03:08:46.894
ETH,BUY,0.0100,493700.000,2024-07-09 03:10:50.060
ETH,BUY,0.0100,493900.000,2024-07-09 03:11:07.957
ETH,SELL,0.0100,493600.000,2024-07-09 03:13:08.976
ETH,SELL,0.0100,493400.000,2024-07-09 03:13:19.065
ETH,SELL,0.0100,493200.000,2024-07-09 03:13:19.786
ETH,SELL,0.1900,492901.000,2024-07-09 03:13:19.786
ETH,BUY,0.5000,492950.000,2024-07-09 03:13:39.178
ETH,SELL,0.0100,492900.000,2024-07-09 03:14:58.567
ETH,SELL,0.0100,492600.000,2024-07-09 03:15:00.367
ETH,SELL,0.0903,492566.000,2024-07-09 03:15:00.367
ETH,BUY,0.0200,492856.000,2024-07-09 03:15:00.779
ETH,SELL,0.0100,492400.000,2024-07-09 03:15:13.049
ETH,SELL,0.0100,492300.000,2024-07-09 03:15:13.627
ETH,BUY,0.2000,492075.000,2024-07-09 03:15:59.816
ETH,BUY,0.0200,492080.000,2024-07-09 03:16:11.145
ETH,BUY,0.0100,492225.000,2024-07-09 03:16:19.900
ETH,BUY,0.0200,492260.000,2024-07-09 03:16:21.611
ETH,BUY,0.0100,492130.000,2024-07-09 03:16:51.966
ETH,SELL,0.1412,492030.000,2024-07-09 03:17:08.646
ETH,SELL,0.0410,492000.000,2024-07-09 03:17:08.646
ETH,SELL,0.8178,491992.000,2024-07-09 03:17:08.646
ETH,SELL,0.0100,491900.000,2024-07-09 03:17:18.812
ETH,SELL,0.2850,491855.000,2024-07-09 03:17:18.812
ETH,BUY,0.4000,492011.000,2024-07-09 03:18:01.102
ETH,BUY,0.0600,492195.000,2024-07-09 03:18:13.701
ETH,BUY,0.2372,492199.000,2024-07-09 03:18:13.701
ETH,BUY,0.0200,491835.000,2024-07-09 03:19:01.375
ETH,SELL,0.0910,491730.000,2024-07-09 03:19:31.853
ETH,SELL,0.0100,491600.000,2024-07-09 03:19:32.814
ETH,BUY,0.0203,491512.000,2024-07-09 03:19:49.693
ETH,BUY,0.2500,491571.000,2024-07-09 03:21:12.357
ETH,BUY,0.0500,491635.000,2024-07-09 03:21:19.198
ETH,BUY,0.5100,491773.000,2024-07-09 03:23:38.205
ETH,BUY,0.1700,491773.000,2024-07-09 03:23:38.306
ETH,BUY,0.0100,491900.000,2024-07-09 03:23:38.762
ETH,BUY,0.0152,491981.000,2024-07-09 03:23:38.762
ETH,SELL,0.0200,491980.000,2024-07-09 03:24:07.935
ETH,SELL,0.0200,491640.000,2024-07-09 03:24:07.935
ETH,BUY,0.2000,492043.000,2024-07-09 03:24:09.715
ETH,BUY,0.0800,492030.000,2024-07-09 03:24:17.146
ETH,BUY,0.0272,491876.000,2024-07-09 03:24:50.282
ETH,BUY,0.0100,492200.000,2024-07-09 03:25:57.207
ETH,BUY,0.0344,492322.000,2024-07-09 03:26:46.198
ETH,SELL,0.1000,491920.000,2024-07-09 03:26:58.830
ETH,BUY,0.0299,491925.000,2024-07-09 03:27:04.197
ETH,SELL,0.0100,491900.000,2024-07-09 03:27:16.391
ETH,SELL,0.0100,491600.000,2024-07-09 03:27:26.388
ETH,SELL,0.0100,491450.000,2024-07-09 03:27:41.610
ETH,SELL,0.0100,491400.000,2024-07-09 03:27:56.378
ETH,BUY,0.0203,491301.000,2024-07-09 03:28:02.147
ETH,BUY,0.0203,491301.000,2024-07-09 03:28:12.126
ETH,SELL,0.0100,491300.000,2024-07-09 03:28:25.424
ETH,SELL,0.0100,491230.000,2024-07-09 03:28:26.553
ETH,BUY,0.0203,491224.000,2024-07-09 03:28:32.131
ETH,BUY,1.0000,491333.000,2024-07-09 03:30:30.195
ETH,BUY,0.3200,491476.000,2024-07-09 03:31:12.372
ETH,BUY,0.4000,491476.000,2024-07-09 03:31:12.533
ETH,BUY,0.0100,491600.000,2024-07-09 03:31:25.114
ETH,BUY,0.0100,491700.000,2024-07-09 03:31:28.278
ETH,BUY,1.0000,491742.000,2024-07-09 03:31:28.278
ETH,BUY,0.0100,491900.000,2024-07-09 03:31:28.278
ETH,SELL,0.0340,492129.000,2024-07-09 03:31:42.933
ETH,BUY,0.3500,492130.000,2024-07-09 03:31:48.968
ETH,BUY,0.0222,492130.000,2024-07-09 03:31:48.968
ETH,BUY,0.0901,492135.000,2024-07-09 03:31:48.968
ETH,BUY,3.4837,492159.000,2024-07-09 03:31:48.968
ETH,BUY,0.0203,492043.000,2024-07-09 03:31:52.112
ETH,BUY,1.4380,491605.000,2024-07-09 03:35:09.934
ETH,BUY,0.3131,491618.000,2024-07-09 03:37:01.249
ETH,BUY,0.0149,491618.000,2024-07-09 03:37:01.249
ETH,BUY,0.0203,491635.000,2024-07-09 03:38:22.147
ETH,BUY,0.0203,491945.000,2024-07-09 03:38:52.188
ETH,BUY,0.0203,491945.000,2024-07-09 03:39:02.180
ETH,BUY,0.0203,492043.000,2024-07-09 03:39:12.201
ETH,BUY,0.0196,492043.000,2024-07-09 03:39:22.148
ETH,BUY,0.0007,492100.000,2024-07-09 03:39:22.148
ETH,BUY,0.0100,492200.000,2024-07-09 03:39:58.869
ETH,BUY,0.1384,492455.000,2024-07-09 03:39:58.869
ETH,BUY,0.1516,492457.000,2024-07-09 03:39:58.869
ETH,BUY,0.1210,492505.000,2024-07-09 03:40:52.812
ETH,BUY,0.0298,492593.000,2024-07-09 03:42:33.698
ETH,BUY,0.0100,492600.000,2024-07-09 03:42:41.119
ETH,BUY,0.0600,492620.000,2024-07-09 03:42:41.119
ETH,BUY,0.0190,492620.000,2024-07-09 03:42:54.194
ETH,SELL,0.0603,492615.000,2024-07-09 03:43:22.204
ETH,SELL,0.1000,492411.000,2024-07-09 03:44:04.360
ETH,BUY,0.1000,492419.000,2024-07-09 03:45:09.766
ETH,BUY,0.0100,492700.000,2024-07-09 03:46:06.920
ETH,BUY,0.0778,492700.000,2024-07-09 03:46:11.936
ETH,BUY,0.0100,492900.000,2024-07-09 03:47:12.586
ETH,BUY,0.1778,493045.000,2024-07-09 03:47:12.586
ETH,BUY,0.1422,493145.000,2024-07-09 03:47:12.586
ETH,BUY,0.3200,493145.000,2024-07-09 03:47:13.306
ETH,BUY,0.0100,493200.000,2024-07-09 03:50:14.117
ETH,BUY,0.0900,493355.000,2024-07-09 03:50:14.117
ETH,BUY,0.0100,493500.000,2024-07-09 03:50:50.548
ETH,BUY,0.8400,493578.000,2024-07-09 03:50:50.548
ETH,BUY,0.0100,493700.000,2024-07-09 03:51:03.164
ETH,BUY,0.9900,493816.000,2024-07-09 03:51:03.164
ETH,BUY,0.0900,493812.000,2024-07-09 03:51:20.085
ETH,BUY,0.0150,493875.000,2024-07-09 03:51:46.115
ETH,BUY,0.2000,493824.000,2024-07-09 03:51:53.449
ETH,BUY,0.0100,493900.000,2024-07-09 03:52:13.695
ETH,BUY,0.0239,493966.000,2024-07-09 03:52:13.695
ETH,BUY,0.4000,494135.000,2024-07-09 03:52:22.611
ETH,BUY,0.3200,494135.000,2024-07-09 03:52:23.430
ETH,BUY,0.0100,494200.000,2024-07-09 03:52:23.869
ETH,BUY,0.0100,494300.000,2024-07-09 03:52:23.869
ETH,BUY,0.1800,494316.000,2024-07-09 03:52:23.869
ETH,BUY,0.0100,494700.000,2024-07-09 03:53:48.447
ETH,BUY,0.0942,494855.000,2024-07-09 03:53:48.447
ETH,BUY,0.0410,494900.000,2024-07-09 03:53:48.447
ETH,BUY,0.0100,494915.000,2024-07-09 03:53:48.447
ETH,BUY,0.0098,495000.000,2024-07-09 03:53:48.447
ETH,BUY,0.0200,495000.000,2024-07-09 03:53:48.447
ETH,BUY,0.0150,495000.000,2024-07-09 03:53:48.447
ETH,BUY,0.4000,495000.000,2024-07-09 03:53:58.133
ETH,BUY,0.3200,495000.000,2024-07-09 03:53:58.446
ETH,BUY,0.2650,495000.000,2024-07-09 03:54:07.343
ETH,BUY,0.0550,495000.000,2024-07-09 03:54:07.343
ETH,SELL,0.0200,494999.000,2024-07-09 03:54:09.765
ETH,BUY,0.2000,495000.000,2024-07-09 03:54:16.013
ETH,BUY,0.2450,495000.000,2024-07-09 03:54:18.885
ETH,BUY,0.0100,495200.000,2024-07-09 03:54:23.803
ETH,BUY,0.1900,495422.000,2024-07-09 03:54:23.803
ETH,SELL,0.0371,495301.000,2024-07-09 03:54:49.863
ETH,SELL,0.0200,494750.000,2024-07-09 03:55:30.346
ETH,BUY,0.2000,494914.000,2024-07-09 03:56:19.895
ETH,BUY,0.1000,494989.000,2024-07-09 03:56:51.029
ETH,BUY,0.1000,495000.000,2024-07-09 03:58:07.287
ETH,BUY,0.0400,495000.000,2024-07-09 03:58:07.342
ETH,BUY,0.1600,495172.000,2024-07-09 03:58:33.501
ETH,SELL,0.0600,495122.000,2024-07-09 03:59:04.824
ETH,BUY,1.0000,495139.000,2024-07-09 03:59:16.975
ETH,BUY,1.0000,495146.000,2024-07-09 03:59:16.975
ETH,BUY,1.0000,495137.000,2024-07-09 03:59:20.174
ETH,BUY,0.6059,495137.000,2024-07-09 03:59:20.174
ETH,BUY,0.3941,495175.000,2024-07-09 03:59:20.174
ETH,BUY,1.0000,495170.000,2024-07-09 03:59:42.972
ETH,BUY,0.6060,495172.000,2024-07-09 03:59:42.972
ETH,BUY,0.2609,495175.000,2024-07-09 03:59:42.972
ETH,BUY,0.1331,495204.000,2024-07-09 03:59:42.972
ETH,SELL,0.0300,494995.000,2024-07-09 03:59:46.459
ETH,BUY,0.0100,494981.000,2024-07-09 04:00:08.380
ETH,SELL,0.1197,494485.000,2024-07-09 04:00:55.270
ETH,SELL,0.1503,494095.000,2024-07-09 04:00:55.270
ETH,BUY,0.0264,494120.000,2024-07-09 04:02:56.196
ETH,BUY,1.0000,493846.000,2024-07-09 04:03:03.393
ETH,BUY,1.0000,493929.000,2024-07-09 04:03:06.887
ETH,BUY,2.0000,494450.000,2024-07-09 04:03:07.515
ETH,BUY,0.0274,494479.000,2024-07-09 04:03:21.193
ETH,BUY,2.0000,494508.000,2024-07-09 04:04:38.799
ETH,BUY,2.0000,494566.000,2024-07-09 04:04:44.906
ETH,BUY,2.0000,494624.000,2024-07-09 04:04:50.930
ETH,BUY,2.0000,494653.000,2024-07-09 04:04:55.839
ETH,BUY,0.0100,494656.000,2024-07-09 04:05:31.394
ETH,SELL,0.1000,494075.000,2024-07-09 04:05:59.157
ETH,BUY,0.0500,494363.000,2024-07-09 04:06:23.366
ETH,BUY,0.5500,494479.000,2024-07-09 04:06:27.789
ETH,BUY,0.7976,494535.000,2024-07-09 04:06:27.789
ETH,BUY,0.6524,494595.000,2024-07-09 04:06:27.789
ETH,BUY,2.0000,494624.000,2024-07-09 04:06:31.710
ETH,BUY,0.2512,494656.000,2024-07-09 04:06:45.584
ETH,BUY,1.7488,494682.000,2024-07-09 04:06:45.584
ETH,BUY,0.0253,494711.000,2024-07-09 04:07:01.235
ETH,BUY,0.0734,494711.000,2024-07-09 04:07:36.798
ETH,BUY,1.9266,494740.000,2024-07-09 04:07:36.798
ETH,BUY,0.0241,494827.000,2024-07-09 04:08:06.789
ETH,BUY,0.0225,494856.000,2024-07-09 04:08:24.196
ETH,BUY,0.0100,494885.000,2024-07-09 04:08:40.181
ETH,BUY,0.0300,494972.000,2024-07-09 04:08:40.181
ETH,BUY,0.1000,495000.000,2024-07-09 04:08:45.575
ETH,BUY,1.9000,495001.000,2024-07-09 04:08:45.575
ETH,BUY,0.5500,495030.000,2024-07-09 04:09:06.909
ETH,BUY,1.4500,495059.000,2024-07-09 04:09:06.909
ETH,BUY,2.0000,495088.000,2024-07-09 04:09:10.239
ETH,BUY,0.1000,495117.000,2024-07-09 04:09:15.737
ETH,BUY,1.7700,495146.000,2024-07-09 04:09:15.737
ETH,BUY,0.1300,495175.000,2024-07-09 04:09:15.737
ETH,BUY,2.0000,495204.000,2024-07-09 04:09:20.375
ETH,BUY,1.7800,495233.000,2024-07-09 04:09:27.560
ETH,BUY,0.2200,495262.000,2024-07-09 04:09:27.560
ETH,BUY,0.5000,495290.000,2024-07-09 04:10:05.349
ETH,BUY,1.5000,495291.000,2024-07-09 04:10:05.349
ETH,BUY,0.0857,495320.000,2024-07-09 04:10:48.699
ETH,BUY,0.2000,495345.000,2024-07-09 04:11:16.465
ETH,BUY,1.7800,495349.000,2024-07-09 04:11:16.465
ETH,BUY,0.0200,495378.000,2024-07-09 04:11:16.465
ETH,BUY,0.2608,495397.000,2024-07-09 04:11:20.093
ETH,BUY,1.7392,495407.000,2024-07-09 04:11:20.093
ETH,BUY,2.0000,495436.000,2024-07-09 04:11:23.793
ETH,BUY,2.0000,495465.000,2024-07-09 04:11:27.431
ETH,BUY,2.0000,495494.000,2024-07-09 04:11:31.117
ETH,BUY,2.0000,495523.000,2024-07-09 04:11:34.708
ETH,BUY,2.0000,495552.000,2024-07-09 04:13:00.705
ETH,BUY,0.0186,495581.000,2024-07-09 04:13:10.684
ETH,BUY,2.0000,495581.000,2024-07-09 04:13:18.539
ETH,BUY,2.0000,495610.000,2024-07-09 04:13:24.312
ETH,BUY,0.2607,495616.000,2024-07-09 04:13:29.153
ETH,BUY,1.7393,495639.000,2024-07-09 04:13:29.153
ETH,BUY,0.0294,495639.000,2024-07-09 04:13:29.689
ETH,BUY,2.0000,495668.000,2024-07-09 04:13:58.375
ETH,BUY,2.0000,495697.000,2024-07-09 04:14:02.635
ETH,BUY,0.0101,495784.000,2024-07-09 04:14:06.494
ETH,BUY,2.0000,495813.000,2024-07-09 04:14:08.124
ETH,SELL,0.0231,495640.000,2024-07-09 04:14:10.778
ETH,SELL,0.0288,495640.000,2024-07-09 04:14:21.119
ETH,SELL,0.0118,495640.000,2024-07-09 04:14:27.411
ETH,SELL,0.0963,495640.000,2024-07-09 04:14:28.597
ETH,SELL,0.1037,495138.000,2024-07-09 04:14:28.597
ETH,SELL,0.1445,494533.000,2024-07-09 04:15:52.312
ETH,SELL,0.0100,494533.000,2024-07-09 04:15:52.385
ETH,SELL,0.0300,494500.000,2024-07-09 04:16:36.840
ETH,SELL,0.1700,494246.000,2024-07-09 04:16:36.840
ETH,BUY,0.2000,494999.000,2024-07-09 04:19:04.833
ETH,BUY,0.4000,494919.000,2024-07-09 04:19:08.000
ETH,BUY,0.6000,494919.000,2024-07-09 04:19:08.227
ETH,BUY,0.2000,495055.000,2024-07-09 04:19:09.023
ETH,BUY,1.0000,495167.000,2024-07-09 04:19:11.014
ETH,BUY,1.0000,495295.000,2024-07-09 04:19:19.410
ETH,BUY,0.3200,495698.000,2024-07-09 04:19:20.144
ETH,BUY,0.1245,495869.000,2024-07-09 04:19:20.856
ETH,BUY,0.0755,495900.000,2024-07-09 04:19:20.856
ETH,BUY,0.5300,495350.000,2024-07-09 04:19:22.649
ETH,BUY,0.4700,495350.000,2024-07-09 04:19:22.872
ETH,BUY,0.1400,494575.000,2024-07-09 04:20:49.946
ETH,BUY,0.3500,495059.000,2024-07-09 04:21:14.099
ETH,BUY,1.0000,495088.000,2024-07-09 04:21:34.945
ETH,SELL,0.1308,495039.000,2024-07-09 04:23:02.534
ETH,BUY,0.4000,495034.000,2024-07-09 04:23:17.225
ETH,BUY,0.4000,494920.000,2024-07-09 04:23:25.297
ETH,BUY,0.0100,494930.000,2024-07-09 04:23:42.610
ETH,BUY,0.0600,495059.000,2024-07-09 04:26:32.954
ETH,SELL,0.0207,495375.000,2024-07-09 04:27:47.636
ETH,BUY,0.4000,495436.000,2024-07-09 04:28:05.441
ETH,BUY,0.0400,495435.000,2024-07-09 04:28:06.081
ETH,BUY,0.2000,495901.000,2024-07-09 04:29:41.356
ETH,BUY,0.0200,495976.000,2024-07-09 04:30:11.521
ETH,BUY,1.0000,495772.000,2024-07-09 04:30:21.119
ETH,BUY,0.0100,495820.000,2024-07-09 04:30:26.405
ETH,BUY,0.4000,495770.000,2024-07-09 04:31:18.582
ETH,BUY,0.2000,495423.000,2024-07-09 04:31:19.679
ETH,BUY,0.4200,495232.000,2024-07-09 04:32:06.583
ETH,BUY,0.2000,495709.000,2024-07-09 04:32:27.184
ETH,BUY,0.2000,495893.000,2024-07-09 04:32:33.883
ETH,BUY,0.0100,496000.000,2024-07-09 04:32:55.363
ETH,BUY,0.0410,496000.000,2024-07-09 04:32:55.363
ETH,BUY,0.0120,496000.000,2024-07-09 04:32:55.363
ETH,BUY,0.1904,496000.000,2024-07-09 04:32:55.363
ETH,BUY,0.4000,495957.000,2024-07-09 04:33:09.854
ETH,BUY,0.2000,495957.000,2024-07-09 04:33:11.822
ETH,BUY,0.2000,496000.000,2024-07-09 04:33:50.467
ETH,BUY,0.6096,496000.000,2024-07-09 04:33:50.525
ETH,BUY,0.3904,496017.000,2024-07-09 04:33:50.525
ETH,BUY,0.2000,496017.000,2024-07-09 04:33:50.526
ETH,BUY,0.0100,496300.000,2024-07-09 04:33:56.200
ETH,BUY,0.0100,496386.000,2024-07-09 04:33:56.200
ETH,BUY,1.0000,496199.000,2024-07-09 04:34:00.500
ETH,BUY,1.0000,496471.000,2024-07-09 04:34:00.500
ETH,BUY,0.1000,496471.000,2024-07-09 04:34:00.738
ETH,BUY,0.0537,496520.000,2024-07-09 04:34:03.041
ETH,BUY,0.0111,496521.000,2024-07-09 04:34:03.041
ETH,BUY,0.0100,496600.000,2024-07-09 04:34:03.041
ETH,BUY,0.1252,496688.000,2024-07-09 04:34:03.041
ETH,BUY,0.2165,496753.000,2024-07-09 04:34:18.131
ETH,BUY,0.0100,496900.000,2024-07-09 04:34:37.626
ETH,BUY,0.0200,496971.000,2024-07-09 04:34:37.626
ETH,BUY,0.2000,496971.000,2024-07-09 04:34:38.697
ETH,SELL,1.0000,496292.000,2024-07-09 04:35:30.008
ETH,SELL,0.0793,496290.000,2024-07-09 04:35:30.008
ETH,SELL,0.0100,496000.000,2024-07-09 04:36:22.772
ETH,SELL,0.0100,495685.000,2024-07-09 04:36:22.868
ETH,BUY,0.2000,495549.000,2024-07-09 04:37:40.286
ETH,BUY,1.0000,495595.000,2024-07-09 04:37:44.739
ETH,BUY,1.0000,495866.000,2024-07-09 04:38:10.743
ETH,BUY,0.2000,496081.000,2024-07-09 04:38:12.575
ETH,BUY,0.2000,496198.000,2024-07-09 04:39:09.219
ETH,SELL,0.0210,495672.000,2024-07-09 04:42:24.250
ETH,SELL,0.2000,495176.000,2024-07-09 04:44:03.893
ETH,SELL,0.1900,495110.000,2024-07-09 04:44:09.665
ETH,SELL,0.3000,495100.000,2024-07-09 04:44:10.451
ETH,SELL,0.0100,494709.000,2024-07-09 04:44:20.881
ETH,SELL,0.0410,494700.000,2024-07-09 04:44:22.711
ETH,SELL,0.7983,494604.000,2024-07-09 04:44:22.711
ETH,SELL,1.0000,494571.000,2024-07-09 04:44:22.711
ETH,SELL,0.2000,494570.000,2024-07-09 04:44:22.711
ETH,SELL,0.6068,494350.000,2024-07-09 04:44:22.711
ETH,SELL,0.0539,494195.000,2024-07-09 04:44:22.711
ETH,BUY,0.7400,494285.000,2024-07-09 04:44:25.685
ETH,BUY,0.2600,494285.000,2024-07-09 04:44:25.806
ETH,BUY,0.0600,494798.000,2024-07-09 04:45:09.936
ETH,BUY,0.0137,495036.000,2024-07-09 04:45:39.197
ETH,BUY,0.2300,494064.000,2024-07-09 04:46:41.770
ETH,SELL,0.2000,494064.000,2024-07-09 04:48:36.456
ETH,BUY,0.0300,494292.000,2024-07-09 04:49:54.378
ETH,BUY,0.4000,494086.000,2024-07-09 04:50:19.094
ETH,BUY,0.1700,494330.000,2024-07-09 04:50:19.460
ETH,BUY,0.4000,494500.000,2024-07-09 04:50:34.102
ETH,BUY,0.0100,494499.000,2024-07-09 04:50:42.970
ETH,BUY,0.0100,494500.000,2024-07-09 04:51:08.592
ETH,BUY,0.0340,494500.000,2024-07-09 04:51:17.995
ETH,BUY,0.0650,494088.000,2024-07-09 04:52:31.189
ETH,BUY,0.0200,494000.000,2024-07-09 04:54:59.100
ETH,BUY,0.0100,494000.000,2024-07-09 04:55:00.677
ETH,BUY,0.0800,494000.000,2024-07-09 04:55:04.089
ETH,SELL,0.3660,493953.000,2024-07-09 04:55:24.424
ETH,BUY,0.3900,494010.000,2024-07-09 04:55:42.015
ETH,BUY,0.0100,494084.000,2024-07-09 04:55:44.095
ETH,BUY,0.2000,494084.000,2024-07-09 04:55:44.336
ETH,BUY,0.0100,494131.000,2024-07-09 04:55:49.317
ETH,BUY,0.4000,494453.000,2024-07-09 04:56:39.105
ETH,BUY,0.2000,494616.000,2024-07-09 04:56:40.514
ETH,BUY,0.4000,494973.000,2024-07-09 04:57:04.146
ETH,BUY,0.2000,494973.000,2024-07-09 04:57:04.520
ETH,BUY,0.1300,495405.000,2024-07-09 04:57:33.604
ETH,BUY,0.2700,495413.000,2024-07-09 04:57:33.604
ETH,BUY,0.2000,495412.000,2024-07-09 04:57:36.229
ETH,BUY,0.4337,495414.000,2024-07-09 04:57:39.618
ETH,BUY,0.4000,495425.000,2024-07-09 04:57:47.098
ETH,BUY,0.4000,495299.000,2024-07-09 04:58:14.106
ETH,BUY,0.0500,495169.000,2024-07-09 04:58:54.093
ETH,BUY,0.0500,494842.000,2024-07-09 05:01:09.568
ETH,SELL,1.0000,494924.000,2024-07-09 05:02:06.995
ETH,SELL,0.4000,494920.000,2024-07-09 05:02:06.995
ETH,SELL,0.7400,494838.000,2024-07-09 05:02:06.995
ETH,BUY,0.0987,494963.000,2024-07-09 05:02:33.505
ETH,BUY,0.0300,495146.000,2024-07-09 05:02:57.064
ETH,BUY,0.4000,494507.000,2024-07-09 05:04:11.618
ETH,BUY,0.1200,494281.000,2024-07-09 05:04:27.684
ETH,BUY,0.3600,494281.000,2024-07-09 05:04:27.787
ETH,BUY,0.2000,494421.000,2024-07-09 05:05:19.834
ETH,BUY,0.4000,494652.000,2024-07-09 05:06:36.098
ETH,BUY,1.0000,494610.000,2024-07-09 05:07:05.565
ETH,BUY,0.4000,494865.000,2024-07-09 05:07:06.590
ETH,BUY,0.0595,495397.000,2024-07-09 05:07:26.690
ETH,BUY,0.0180,495233.000,2024-07-09 05:07:50.194
ETH,BUY,0.0283,495302.000,2024-07-09 05:08:09.183
ETH,BUY,1.0000,494993.000,2024-07-09 05:08:11.812
ETH,SELL,0.2000,495140.000,2024-07-09 05:08:26.578
ETH,SELL,1.0000,495138.000,2024-07-09 05:08:26.578
ETH,SELL,0.2000,495138.000,2024-07-09 05:08:26.578
ETH,BUY,0.0741,494223.000,2024-07-09 05:09:26.679
ETH,BUY,0.4500,494225.000,2024-07-09 05:09:30.891
ETH,BUY,0.3200,494225.000,2024-07-09 05:09:30.923
ETH,SELL,0.5000,494020.000,2024-07-09 05:10:26.241
ETH,BUY,0.5000,493689.000,2024-07-09 05:11:05.635
ETH,BUY,0.4000,493605.000,2024-07-09 05:11:41.814
ETH,BUY,0.0303,494035.000,2024-07-09 05:11:57.770
ETH,BUY,0.4000,494094.000,2024-07-09 05:12:18.117
ETH,BUY,0.0425,494094.000,2024-07-09 05:12:19.692
ETH,BUY,0.0200,494101.000,2024-07-09 05:12:30.720
ETH,BUY,0.0480,494486.000,2024-07-09 05:12:55.204
ETH,BUY,0.1046,494390.000,2024-07-09 05:13:44.228
ETH,BUY,0.2154,494390.000,2024-07-09 05:13:44.228
ETH,BUY,1.2691,494233.000,2024-07-09 05:13:56.490
ETH,BUY,0.7877,494184.000,2024-07-09 05:14:20.738
ETH,BUY,0.4000,494309.000,2024-07-09 05:15:33.752
ETH,BUY,0.0387,494309.000,2024-07-09 05:15:35.282
ETH,BUY,0.0293,494432.000,2024-07-09 05:16:19.703
ETH,BUY,0.0301,494432.000,2024-07-09 05:16:25.211
ETH,BUY,0.0751,494430.000,2024-07-09 05:16:42.697
ETH,BUY,0.1000,494432.000,2024-07-09 05:17:06.993
ETH,BUY,0.0100,494432.000,2024-07-09 05:17:41.781
ETH,BUY,0.0306,494432.000,2024-07-09 05:17:48.653
ETH,BUY,0.0320,494743.000,2024-07-09 05:17:58.691
ETH,BUY,0.0300,494760.000,2024-07-09 05:18:03.433
ETH,SELL,0.0100,494338.000,2024-07-09 05:19:03.169
ETH,BUY,0.0300,494567.000,2024-07-09 05:19:33.499
ETH,BUY,0.0006,494567.000,2024-07-09 05:19:35.705
ETH,BUY,0.0100,494569.000,2024-07-09 05:19:35.705
ETH,BUY,0.0135,494682.000,2024-07-09 05:19:35.705
ETH,BUY,0.0100,494711.000,2024-07-09 05:21:05.415
ETH,BUY,0.5000,493840.000,2024-07-09 05:21:45.719
ETH,BUY,0.0336,494015.000,2024-07-09 05:22:05.203
ETH,BUY,0.9664,494015.000,2024-07-09 05:22:05.813
ETH,BUY,0.0457,494821.000,2024-07-09 05:23:10.778
ETH,BUY,0.0300,495096.000,2024-07-09 05:23:16.187
ETH,BUY,0.0100,495076.000,2024-07-09 05:23:18.575
ETH,SELL,0.1820,494699.000,2024-07-09 05:24:50.670
ETH,BUY,0.0288,493988.000,2024-07-09 05:25:32.273
ETH,BUY,0.2800,493952.000,2024-07-09 05:27:32.450
ETH,BUY,0.1200,493901.000,2024-07-09 05:27:47.487
ETH,BUY,0.1726,493857.000,2024-07-09 05:28:29.839
ETH,BUY,1.0000,494000.000,2024-07-09 05:30:07.921
ETH,BUY,0.4000,494150.000,2024-07-09 05:30:08.476
ETH,BUY,0.1000,494150.000,2024-07-09 05:30:09.992
ETH,BUY,0.4000,494523.000,2024-07-09 05:34:19.096
ETH,BUY,0.0300,494561.000,2024-07-09 05:34:41.170
ETH,SELL,0.0100,494000.000,2024-07-09 05:36:07.294
ETH,BUY,0.4000,494034.000,2024-07-09 05:37:00.771
ETH,BUY,0.4000,494106.000,2024-07-09 05:37:18.610
ETH,BUY,1.0000,494344.000,2024-07-09 05:37:20.645
ETH,BUY,0.0100,494582.000,2024-07-09 05:38:04.850
ETH,SELL,0.0900,494000.000,2024-07-09 05:38:57.099
ETH,SELL,0.0100,493500.000,2024-07-09 05:39:04.714
ETH,SELL,0.0900,493500.000,2024-07-09 05:39:12.855
ETH,SELL,0.0924,493100.000,2024-07-09 05:39:27.666
ETH,SELL,0.3126,493100.000,2024-07-09 05:39:28.075
ETH,SELL,0.0174,493000.000,2024-07-09 05:39:28.075
ETH,SELL,0.0236,493000.000,2024-07-09 05:39:29.090
ETH,SELL,0.0764,492475.000,2024-07-09 05:39:29.090
ETH,BUY,0.3956,492854.000,2024-07-09 05:40:11.131
ETH,BUY,0.0044,492858.000,2024-07-09 05:40:11.131
ETH,BUY,1.0000,492777.000,2024-07-09 05:40:16.419
ETH,BUY,1.0000,492953.000,2024-07-09 05:40:21.428
ETH,BUY,0.4000,493315.000,2024-07-09 05:40:53.497
ETH,BUY,0.0100,493356.000,2024-07-09 05:41:03.967
ETH,BUY,0.3225,493356.000,2024-07-09 05:42:56.886
ETH,BUY,0.0775,493573.000,2024-07-09 05:42:56.886
ETH,BUY,0.1000,493955.000,2024-07-09 05:43:24.854
ETH,BUY,0.2000,493722.000,2024-07-09 05:47:08.733
ETH,BUY,0.2000,493894.000,2024-07-09 05:47:11.559
ETH,BUY,0.4000,493933.000,2024-07-09 05:48:34.116
ETH,BUY,0.2700,494189.000,2024-07-09 05:49:11.616
ETH,BUY,0.4000,494159.000,2024-07-09 05:49:25.502
ETH,BUY,1.0000,494188.000,2024-07-09 05:50:44.902
ETH,BUY,0.0300,493985.000,2024-07-09 05:54:40.598
ETH,BUY,0.3700,493978.000,2024-07-09 05:54:51.476
ETH,BUY,0.0800,493965.000,2024-07-09 05:55:04.315
ETH,BUY,0.1200,493965.000,2024-07-09 05:55:06.151
ETH,BUY,0.0300,493965.000,2024-07-09 05:55:06.483
ETH,BUY,0.6050,494483.000,2024-07-09 05:56:49.461
ETH,BUY,0.0198,493932.000,2024-07-09 05:58:03.183
ETH,BUY,0.2000,494336.000,2024-07-09 05:58:26.601
ETH,BUY,0.1230,494483.000,2024-07-09 05:58:57.081
ETH,BUY,0.0770,494670.000,2024-07-09 05:58:57.081
ETH,SELL,0.1000,494773.000,2024-07-09 05:59:33.241
ETH,SELL,0.1000,494646.000,2024-07-09 06:00:42.618
ETH,SELL,0.0175,494639.000,2024-07-09 06:00:54.143
ETH,SELL,0.0825,494639.000,2024-07-09 06:00:54.890
ETH,BUY,0.0480,493679.000,2024-07-09 06:02:17.787
ETH,BUY,0.0320,493679.000,2024-07-09 06:02:42.688
ETH,BUY,0.1000,493452.000,2024-07-09 06:03:28.140
ETH,BUY,0.1000,493696.000,2024-07-09 06:03:28.140
ETH,SELL,0.2000,493379.000,2024-07-09 06:04:07.067
ETH,SELL,0.0100,493379.000,2024-07-09 06:04:48.298
ETH,BUY,0.1000,493380.000,2024-07-09 06:05:22.643
ETH,BUY,0.2331,493714.000,2024-07-09 06:05:22.643
ETH,BUY,0.0469,493725.000,2024-07-09 06:05:22.643
ETH,BUY,0.2000,493725.000,2024-07-09 06:05:23.065
ETH,BUY,0.0200,493985.000,2024-07-09 06:05:25.373
ETH,BUY,0.1000,493577.000,2024-07-09 06:06:26.610
ETH,BUY,0.3000,494044.000,2024-07-09 06:06:26.610
ETH,BUY,0.2000,494043.000,2024-07-09 06:06:27.278
ETH,BUY,0.4000,494159.000,2024-07-09 06:07:06.515
ETH,BUY,0.0127,494015.000,2024-07-09 06:07:13.257
ETH,BUY,0.1873,494274.000,2024-07-09 06:07:13.257
ETH,BUY,0.4000,494274.000,2024-07-09 06:07:13.552
ETH,BUY,0.2000,494537.000,2024-07-09 06:07:31.359
ETH,BUY,0.4000,494537.000,2024-07-09 06:07:31.473
ETH,BUY,0.4000,494135.000,2024-07-09 06:07:37.645
ETH,BUY,0.2000,494135.000,2024-07-09 06:07:37.649
ETH,BUY,0.2000,494315.000,2024-07-09 06:07:38.009
ETH,BUY,0.2000,494315.000,2024-07-09 06:07:39.515
ETH,BUY,0.5000,494427.000,2024-07-09 06:07:49.224
ETH,BUY,0.2000,494609.000,2024-07-09 06:08:04.279
ETH,BUY,0.4000,494609.000,2024-07-09 06:08:04.572
ETH,BUY,0.2000,494848.000,2024-07-09 06:08:19.015
ETH,BUY,0.4000,494848.000,2024-07-09 06:08:19.160
ETH,BUY,0.1000,495067.000,2024-07-09 06:08:20.796
ETH,BUY,0.0213,495636.000,2024-07-09 06:08:27.741
ETH,BUY,0.0787,495716.000,2024-07-09 06:08:33.524
ETH,BUY,0.0213,495842.000,2024-07-09 06:08:33.524
ETH,BUY,0.2000,495707.000,2024-07-09 06:08:40.419
ETH,BUY,0.1000,495825.000,2024-07-09 06:08:42.043
ETH,BUY,0.0410,495900.000,2024-07-09 06:08:52.829
ETH,BUY,0.2000,496260.000,2024-07-09 06:08:59.145
ETH,SELL,0.0799,495793.000,2024-07-09 06:10:19.902
ETH,SELL,0.0798,495288.000,2024-07-09 06:10:21.304
ETH,BUY,0.4000,494912.000,2024-07-09 06:11:05.586
ETH,BUY,0.2000,494928.000,2024-07-09 06:11:10.274
ETH,BUY,0.4000,494928.000,2024-07-09 06:11:10.578
ETH,BUY,0.2000,494928.000,2024-07-09 06:11:10.691
ETH,BUY,0.9244,495127.000,2024-07-09 06:11:11.412
ETH,BUY,0.0306,495233.000,2024-07-09 06:11:37.778
ETH,BUY,0.0497,495375.000,2024-07-09 06:12:15.114
ETH,BUY,3.9503,495378.000,2024-07-09 06:12:15.114
ETH,SELL,0.0400,495227.000,2024-07-09 06:12:37.101
ETH,BUY,0.2000,495332.000,2024-07-09 06:12:44.326
ETH,BUY,0.8000,495332.000,2024-07-09 06:12:44.630
ETH,BUY,0.0400,495918.000,2024-07-09 06:12:45.553
ETH,BUY,0.3600,495956.000,2024-07-09 06:12:45.553
ETH,BUY,0.2000,495810.000,2024-07-09 06:13:44.312
ETH,BUY,0.4780,495814.000,2024-07-09 06:13:44.312
ETH,BUY,0.2000,495875.000,2024-07-09 06:15:52.024
ETH,BUY,0.1220,495971.000,2024-07-09 06:17:28.003
ETH,BUY,0.0780,495987.000,2024-07-09 06:17:28.003
ETH,SELL,0.0137,496045.000,2024-07-09 06:19:19.664
ETH,BUY,1.0000,496190.000,2024-07-09 06:19:22.753
ETH,BUY,0.1400,496208.000,2024-07-09 06:20:06.109
ETH,BUY,0.0300,496393.000,2024-07-09 06:23:11.508
ETH,BUY,0.0600,496422.000,2024-07-09 06:23:14.596
ETH,BUY,0.0200,496480.000,2024-07-09 06:23:17.374
ETH,SELL,1.0000,496248.000,2024-07-09 06:27:10.198
ETH,BUY,1.0000,496434.000,2024-07-09 06:27:18.465
ETH,BUY,1.0000,496591.000,2024-07-09 06:27:24.368
ETH,BUY,0.0400,496915.000,2024-07-09 06:27:49.051
ETH,BUY,0.5000,496768.000,2024-07-09 06:28:32.982
ETH,BUY,0.4000,496917.000,2024-07-09 06:31:08.604
ETH,BUY,0.1000,497000.000,2024-07-09 06:31:16.736
ETH,BUY,0.3000,497000.000,2024-07-09 06:31:16.736
ETH,BUY,0.1700,497000.000,2024-07-09 06:31:20.119
ETH,BUY,0.2300,497089.000,2024-07-09 06:31:20.119
ETH,BUY,0.0410,497100.000,2024-07-09 06:31:27.599
ETH,BUY,0.0410,497100.000,2024-07-09 06:31:27.599
ETH,BUY,0.0100,497200.000,2024-07-09 06:31:27.599
ETH,BUY,0.3080,497261.000,2024-07-09 06:31:27.599
ETH,BUY,0.0999,497338.000,2024-07-09 06:31:28.246
ETH,BUY,0.0001,497339.000,2024-07-09 06:31:28.246
ETH,BUY,0.0400,497407.000,2024-07-09 06:31:55.170
ETH,BUY,0.0140,497303.000,2024-07-09 06:32:21.479
ETH,BUY,0.4000,497237.000,2024-07-09 06:32:50.949
ETH,BUY,0.1000,497239.000,2024-07-09 06:32:53.605
ETH,BUY,0.0100,497330.000,2024-07-09 06:33:11.774
ETH,SELL,0.0100,497000.000,2024-07-09 06:33:55.880
ETH,SELL,0.1863,496720.000,2024-07-09 06:33:55.880
ETH,SELL,0.0336,496717.000,2024-07-09 06:33:55.880
ETH,SELL,0.0798,496717.000,2024-07-09 06:33:56.413
ETH,BUY,0.4000,496505.000,2024-07-09 06:34:17.187
ETH,SELL,0.0100,496389.000,2024-07-09 06:34:20.315
ETH,SELL,0.0907,496389.000,2024-07-09 06:34:49.613
ETH,SELL,1.0000,496316.000,2024-07-09 06:34:49.613
ETH,SELL,0.0100,496200.000,2024-07-09 06:34:49.613
ETH,SELL,0.2000,496145.000,2024-07-09 06:34:49.613
ETH,SELL,0.7856,496144.000,2024-07-09 06:34:49.613
ETH,SELL,0.1137,496000.000,2024-07-09 06:34:49.613
ETH,SELL,1.0000,496160.000,2024-07-09 06:35:02.659
ETH,BUY,0.2100,496306.000,2024-07-09 06:35:04.587
ETH,BUY,0.1000,496490.000,2024-07-09 06:35:27.725
ETH,BUY,0.0100,496509.000,2024-07-09 06:35:33.653
ETH,BUY,0.4000,496396.000,2024-07-09 06:35:54.184
ETH,BUY,0.6000,496396.000,2024-07-09 06:35:54.427
ETH,BUY,0.4000,496727.000,2024-07-09 06:36:11.768
ETH,BUY,0.6000,496727.000,2024-07-09 06:36:11.770
ETH,BUY,0.4000,497329.000,2024-07-09 06:36:12.741
ETH,BUY,1.0000,497022.000,2024-07-09 06:36:14.358
ETH,BUY,0.4000,497176.000,2024-07-09 06:37:06.524
ETH,BUY,0.4000,497205.000,2024-07-09 06:37:13.105
ETH,BUY,0.4000,497369.000,2024-07-09 06:39:09.771
ETH,BUY,0.4000,497375.000,2024-07-09 06:39:10.134
ETH,BUY,0.1950,497424.000,2024-07-09 06:39:28.310
ETH,SELL,0.3863,497300.000,2024-07-09 06:40:02.766
ETH,BUY,0.1700,496950.000,2024-07-09 06:40:40.597
ETH,SELL,0.5030,496299.000,2024-07-09 06:40:59.922
ETH,BUY,0.1900,496330.000,2024-07-09 06:42:28.559
ETH,BUY,0.2100,496334.000,2024-07-09 06:42:28.559
ETH,BUY,0.2000,496358.000,2024-07-09 06:44:02.062
ETH,BUY,0.5000,496335.000,2024-07-09 06:44:14.005
ETH,BUY,0.4000,496364.000,2024-07-09 06:45:58.136
ETH,BUY,0.0100,496654.000,2024-07-09 06:47:20.657
ETH,BUY,0.2000,496770.000,2024-07-09 06:48:09.869
ETH,BUY,0.2100,496828.000,2024-07-09 06:48:12.421
ETH,BUY,0.0100,496880.000,2024-07-09 06:48:28.504
ETH,BUY,0.1000,496727.000,2024-07-09 06:50:10.855
ETH,BUY,0.2001,496727.000,2024-07-09 06:50:10.857
ETH,BUY,0.1999,496729.000,2024-07-09 06:50:10.857
ETH,SELL,0.0100,496668.000,2024-07-09 06:50:35.939
ETH,BUY,0.4000,496886.000,2024-07-09 06:50:37.774
ETH,SELL,0.0100,496890.000,2024-07-09 06:50:51.872
ETH,BUY,0.0100,496940.000,2024-07-09 06:51:28.144
ETH,BUY,0.1800,496960.000,2024-07-09 06:51:29.139
ETH,BUY,0.2200,496964.000,2024-07-09 06:51:29.139
ETH,BUY,0.1900,496865.000,2024-07-09 06:51:43.102
ETH,SELL,0.0100,496364.000,2024-07-09 06:52:54.400
ETH,BUY,0.0500,496336.000,2024-07-09 06:53:48.909
ETH,SELL,0.0100,495929.000,2024-07-09 06:53:59.738
ETH,SELL,0.2000,495901.000,2024-07-09 06:54:25.712
ETH,BUY,0.2000,495850.000,2024-07-09 06:57:29.295
ETH,BUY,0.2300,495846.000,2024-07-09 06:58:16.120
ETH,BUY,1.0000,495925.000,2024-07-09 06:58:25.695
ETH,BUY,0.2427,495799.000,2024-07-09 06:58:36.076
ETH,BUY,0.1573,495844.000,2024-07-09 06:58:36.076
ETH,SELL,0.4000,495704.000,2024-07-09 06:59:03.810
ETH,BUY,0.3000,495696.000,2024-07-09 06:59:19.842
ETH,SELL,0.4000,495521.000,2024-07-09 07:00:37.029
ETH,SELL,0.1785,495282.000,2024-07-09 07:00:37.029
ETH,BUY,0.0100,495552.000,2024-07-09 07:01:26.990
ETH,BUY,0.0100,495639.000,2024-07-09 07:01:31.490
ETH,BUY,0.3000,495696.000,2024-07-09 07:01:41.478
ETH,BUY,0.0800,495697.000,2024-07-09 07:01:41.478
ETH,BUY,0.4000,495697.000,2024-07-09 07:01:41.908
ETH,BUY,0.3683,495737.000,2024-07-09 07:01:47.144
ETH,BUY,0.0317,495813.000,2024-07-09 07:01:47.144
ETH,BUY,0.4000,495726.000,2024-07-09 07:01:48.095
ETH,BUY,1.0000,495813.000,2024-07-09 07:02:25.910
ETH,BUY,0.4000,495842.000,2024-07-09 07:02:26.542
ETH,BUY,0.1000,495842.000,2024-07-09 07:02:26.904
ETH,BUY,0.3000,495929.000,2024-07-09 07:02:26.904
ETH,BUY,0.5547,495955.000,2024-07-09 07:03:02.213
ETH,BUY,2.0000,495987.000,2024-07-09 07:03:29.413
ETH,BUY,0.4000,496045.000,2024-07-09 07:03:34.112
ETH,BUY,0.0200,496074.000,2024-07-09 07:03:39.412
ETH,BUY,0.1800,496045.000,2024-07-09 07:03:40.017
ETH,BUY,0.2000,496103.000,2024-07-09 07:03:55.680
ETH,BUY,0.2200,496132.000,2024-07-09 07:03:56.622
ETH,SELL,0.1000,495880.000,2024-07-09 07:04:24.405
ETH,BUY,0.2604,495725.000,2024-07-09 07:05:23.334
ETH,BUY,0.2396,495725.000,2024-07-09 07:05:23.334
ETH,BUY,0.4000,495755.000,2024-07-09 07:05:44.670
ETH,SELL,0.0215,495250.000,2024-07-09 07:10:17.792
ETH,SELL,0.0340,495250.000,2024-07-09 07:10:25.861
ETH,SELL,0.0732,495000.000,2024-07-09 07:11:16.359
ETH,SELL,0.2468,495000.000,2024-07-09 07:11:16.415
ETH,SELL,0.0410,494800.000,2024-07-09 07:11:16.415
ETH,SELL,0.8179,494735.000,2024-07-09 07:11:16.415
ETH,SELL,0.0043,494500.000,2024-07-09 07:11:16.415
ETH,SELL,0.9157,494500.000,2024-07-09 07:11:16.554
ETH,SELL,0.0843,494226.000,2024-07-09 07:11:16.554
ETH,BUY,0.0843,494362.000,2024-07-09 07:11:21.799
ETH,BUY,1.7357,494363.000,2024-07-09 07:11:21.799
ETH,BUY,1.8200,494363.000,2024-07-09 07:11:22.099
ETH,BUY,1.0000,494450.000,2024-07-09 07:12:44.512
ETH,BUY,0.2000,494450.000,2024-07-09 07:12:44.532
ETH,BUY,0.2000,494450.000,2024-07-09 07:12:44.610
ETH,BUY,0.4000,494450.000,2024-07-09 07:12:44.612
ETH,SELL,0.4000,494652.000,2024-07-09 07:13:56.188
ETH,SELL,0.4000,494632.000,2024-07-09 07:13:56.188
ETH,SELL,0.8742,494632.000,2024-07-09 07:13:56.188
ETH,BUY,0.0100,494856.000,2024-07-09 07:14:06.521
ETH,BUY,1.0000,494856.000,2024-07-09 07:14:06.866
ETH,BUY,0.4000,494885.000,2024-07-09 07:14:07.155
ETH,SELL,1.0000,494911.000,2024-07-09 07:14:25.580
ETH,SELL,0.2000,494625.000,2024-07-09 07:14:25.580
ETH,SELL,1.0000,494619.000,2024-07-09 07:14:25.580
ETH,SELL,0.3468,494557.000,2024-07-09 07:14:25.580
ETH,BUY,0.3000,494500.000,2024-07-09 07:14:29.135
ETH,BUY,0.0532,494500.000,2024-07-09 07:14:33.037
ETH,BUY,0.0468,494509.000,2024-07-09 07:14:33.037
ETH,BUY,0.1000,494595.000,2024-07-09 07:14:37.177
ETH,BUY,0.2000,494845.000,2024-07-09 07:14:38.891
ETH,BUY,0.2000,494845.000,2024-07-09 07:14:39.040
ETH,BUY,0.4000,494845.000,2024-07-09 07:14:39.108
ETH,BUY,0.1000,494845.000,2024-07-09 07:14:39.496
ETH,BUY,0.1000,494845.000,2024-07-09 07:14:40.941
ETH,BUY,0.5053,495163.000,2024-07-09 07:14:41.564
ETH,BUY,0.4000,495320.000,2024-07-09 07:14:54.601
ETH,BUY,0.1000,495320.000,2024-07-09 07:14:54.791
ETH,BUY,0.4000,495605.000,2024-07-09 07:15:40.093
ETH,BUY,0.0600,495119.000,2024-07-09 07:16:54.614
ETH,BUY,0.1500,495000.000,2024-07-09 07:17:16.794
ETH,BUY,0.2500,494945.000,2024-07-09 07:17:18.107
ETH,BUY,0.0200,494866.000,2024-07-09 07:17:24.150
ETH,BUY,0.2800,494606.000,2024-07-09 07:17:39.113
ETH,BUY,0.1000,494642.000,2024-07-09 07:17:44.137
ETH,BUY,0.0200,494573.000,2024-07-09 07:17:45.642
ETH,SELL,0.0500,494120.000,2024-07-09 07:18:34.876
ETH,SELL,0.0410,494100.000,2024-07-09 07:18:40.506
ETH,BUY,0.4000,493624.000,2024-07-09 07:19:01.732
ETH,SELL,0.2000,493445.000,2024-07-09 07:19:01.782
ETH,SELL,1.0000,493444.000,2024-07-09 07:19:01.782
ETH,SELL,0.6500,493435.000,2024-07-09 07:19:01.782
ETH,SELL,0.7800,493434.000,2024-07-09 07:19:01.782
ETH,SELL,0.0300,493431.000,2024-07-09 07:19:01.782
ETH,SELL,0.1000,493235.000,2024-07-09 07:19:01.782
ETH,SELL,0.0100,493233.000,2024-07-09 07:19:01.782
ETH,SELL,0.2300,493175.000,2024-07-09 07:19:01.782
ETH,BUY,0.2110,493718.000,2024-07-09 07:19:24.538
ETH,BUY,0.0100,493718.000,2024-07-09 07:19:25.511
ETH,BUY,0.7890,493563.000,2024-07-09 07:19:45.186
ETH,BUY,0.1000,493563.000,2024-07-09 07:19:46.140
ETH,BUY,0.1110,493563.000,2024-07-09 07:19:46.262
ETH,BUY,0.0100,493841.000,2024-07-09 07:20:07.444
ETH,BUY,0.1000,493957.000,2024-07-09 07:20:34.019
ETH,BUY,1.0000,493715.000,2024-07-09 07:20:45.076
ETH,BUY,1.0000,493778.000,2024-07-09 07:21:09.102
ETH,BUY,0.4200,493980.000,2024-07-09 07:21:43.784
ETH,BUY,1.0000,494432.000,2024-07-09 07:22:34.721
ETH,BUY,0.9768,494547.000,2024-07-09 07:23:20.263
ETH,BUY,0.0232,494744.000,2024-07-09 07:23:26.433
ETH,SELL,0.2470,495021.000,2024-07-09 07:23:54.217
ETH,SELL,0.0100,495043.000,2024-07-09 07:24:09.885
ETH,SELL,0.3900,495043.000,2024-07-09 07:25:21.908
ETH,SELL,0.9038,494603.000,2024-07-09 07:25:21.908
ETH,SELL,0.0500,494625.000,2024-07-09 07:25:26.591
ETH,SELL,0.2000,494650.000,2024-07-09 07:26:19.574
ETH,BUY,0.1000,494630.000,2024-07-09 07:27:21.717
ETH,BUY,0.3000,494655.000,2024-07-09 07:27:21.717
ETH,BUY,1.0000,494655.000,2024-07-09 07:27:22.061
ETH,SELL,0.1000,494401.000,2024-07-09 07:27:40.844
ETH,BUY,0.3200,494709.000,2024-07-09 07:27:44.530
ETH,BUY,0.6800,494787.000,2024-07-09 07:27:44.530
ETH,BUY,0.4000,494787.000,2024-07-09 07:27:45.089
ETH,SELL,0.1000,494517.000,2024-07-09 07:28:13.335
ETH,SELL,0.0100,494517.000,2024-07-09 07:28:13.545
ETH,SELL,0.0100,494620.000,2024-07-09 07:29:22.613
ETH,BUY,0.0500,494820.000,2024-07-09 07:29:25.920
ETH,BUY,0.7400,494827.000,2024-07-09 07:29:25.920
ETH,BUY,0.2100,494914.000,2024-07-09 07:29:25.920
ETH,BUY,0.2000,494972.000,2024-07-09 07:29:26.696
ETH,BUY,0.1000,494990.000,2024-07-09 07:29:35.533
ETH,BUY,0.2000,494956.000,2024-07-09 07:29:39.666
ETH,SELL,1.0000,494715.000,2024-07-09 07:29:54.984
ETH,BUY,0.0500,495000.000,2024-07-09 07:30:04.563
ETH,BUY,0.0100,495000.000,2024-07-09 07:30:26.178
ETH,BUY,0.0866,494838.000,2024-07-09 07:30:28.943
ETH,BUY,0.2836,494838.000,2024-07-09 07:30:28.944
ETH,BUY,0.1400,495000.000,2024-07-09 07:30:33.062
ETH,BUY,0.0600,495000.000,2024-07-09 07:30:33.062
ETH,BUY,0.1000,495000.000,2024-07-09 07:30:37.047
ETH,BUY,0.1000,495000.000,2024-07-09 07:30:41.012
ETH,BUY,0.1000,494936.000,2024-07-09 07:30:44.999
ETH,BUY,0.2600,494999.000,2024-07-09 07:31:36.960
ETH,BUY,0.4000,494949.000,2024-07-09 07:32:31.594
ETH,BUY,0.3356,495000.000,2024-07-09 07:32:36.281
ETH,BUY,0.3000,495000.000,2024-07-09 07:32:37.038
ETH,BUY,0.1000,495000.000,2024-07-09 07:32:41.006
ETH,BUY,0.0044,495000.000,2024-07-09 07:32:45.010
ETH,BUY,0.0956,495020.000,2024-07-09 07:32:45.010
ETH,BUY,0.2000,495025.000,2024-07-09 07:32:49.107
ETH,BUY,0.1179,495174.000,2024-07-09 07:33:22.098
ETH,BUY,0.1000,495200.000,2024-07-09 07:33:22.098
ETH,BUY,0.1821,495204.000,2024-07-09 07:33:22.098
ETH,SELL,0.0200,495000.000,2024-07-09 07:35:48.362
ETH,SELL,0.0800,495000.000,2024-07-09 07:35:48.362
ETH,SELL,0.0200,495000.000,2024-07-09 07:35:57.901
ETH,SELL,0.0800,494235.000,2024-07-09 07:35:57.901
ETH,SELL,0.0100,494200.000,2024-07-09 07:36:54.179
ETH,SELL,0.0100,493528.000,2024-07-09 07:36:54.292
ETH,BUY,0.0200,493549.000,2024-07-09 07:37:07.139
ETH,BUY,0.0100,493537.000,2024-07-09 07:37:48.643
ETH,BUY,0.4000,493531.000,2024-07-09 07:37:58.590
ETH,SELL,0.2000,493442.000,2024-07-09 07:38:09.349
ETH,SELL,0.8000,493394.000,2024-07-09 07:38:09.349
ETH,BUY,0.4000,493659.000,2024-07-09 07:38:58.124
ETH,BUY,0.1000,493775.000,2024-07-09 07:39:23.583
ETH,BUY,0.0500,493837.000,2024-07-09 07:39:29.482
ETH,BUY,0.0300,493926.000,2024-07-09 07:39:43.669
ETH,BUY,0.4000,493980.000,2024-07-09 07:42:20.096
ETH,SELL,0.3324,493686.000,2024-07-09 07:43:20.726
ETH,BUY,0.0100,493811.000,2024-07-09 07:44:56.108
ETH,BUY,0.4000,493714.000,2024-07-09 07:45:49.586
ETH,BUY,0.4000,493815.000,2024-07-09 07:46:00.923
ETH,BUY,0.0300,493889.000,2024-07-09 07:47:43.810
ETH,BUY,0.3700,493986.000,2024-07-09 07:48:03.853
ETH,BUY,0.0191,494073.000,2024-07-09 07:48:26.520
ETH,BUY,0.4000,493698.000,2024-07-09 07:52:15.074
ETH,BUY,1.0000,493209.000,2024-07-09 07:52:18.507
ETH,BUY,0.4000,493665.000,2024-07-09 07:52:31.608
ETH,BUY,0.0650,493709.000,2024-07-09 07:52:47.330
ETH,BUY,0.1350,493777.000,2024-07-09 07:52:47.330
ETH,BUY,0.8650,493777.000,2024-07-09 07:52:48.610
