symbol,side,size,price,timestamp
BTC,BUY,0.0010,9112435.000,2024-07-12 21:00:26.166
BTC,BUY,0.0001,9112435.000,2024-07-12 21:00:33.428
BTC,BUY,0.0001,9113573.000,2024-07-12 21:00:48.403
BTC,BUY,0.0005,9113880.000,2024-07-12 21:01:20.767
BTC,BUY,0.1000,9115470.000,2024-07-12 21:01:48.749
BTC,BUY,0.0001,9115816.000,2024-07-12 21:02:15.418
BTC,SELL,0.0247,9116967.000,2024-07-12 21:04:58.047
BTC,SELL,0.0001,9113880.000,2024-07-12 21:04:58.047
BTC,SELL,0.0052,9113200.000,2024-07-12 21:04:58.047
BTC,BUY,0.0010,9112885.000,2024-07-12 21:05:52.203
BTC,BUY,0.0004,9116968.000,2024-07-12 21:06:42.818
BTC,BUY,0.0206,9117590.000,2024-07-12 21:06:42.818
BTC,BUY,0.0001,9119908.000,2024-07-12 21:08:42.809
BTC,BUY,0.0008,9118915.000,2024-07-12 21:09:11.276
BTC,BUY,0.0010,9118915.000,2024-07-12 21:09:13.516
BTC,SELL,0.0700,9118205.000,2024-07-12 21:10:20.668
BTC,BUY,0.0016,9118024.000,2024-07-12 21:12:06.893
BTC,BUY,0.1005,9118392.000,2024-07-12 21:12:06.893
BTC,BUY,0.0030,9118393.000,2024-07-12 21:12:06.893
BTC,BUY,0.0004,9118104.000,2024-07-12 21:12:28.740
BTC,BUY,0.0022,9118288.000,2024-07-12 21:12:28.740
BTC,BUY,0.0974,9118650.000,2024-07-12 21:12:28.740
BTC,BUY,0.0008,9119908.000,2024-07-12 21:13:59.828
BTC,BUY,0.0004,9120000.000,2024-07-12 21:13:59.828
BTC,BUY,0.0002,9120000.000,2024-07-12 21:13:59.828
BTC,BUY,0.0002,9120933.000,2024-07-12 21:13:59.828
BTC,BUY,0.0074,9122890.000,2024-07-12 21:13:59.828
BTC,BUY,0.0001,9123224.000,2024-07-12 21:14:24.332
BTC,BUY,0.0019,9124359.000,2024-07-12 21:14:24.332
BTC,BUY,0.0002,9124509.000,2024-07-12 21:14:33.628
BTC,BUY,0.0018,9126070.000,2024-07-12 21:14:33.628
BTC,BUY,0.0080,9126600.000,2024-07-12 21:14:58.081
BTC,BUY,0.0010,9126592.000,2024-07-12 21:15:05.849
BTC,BUY,0.0010,9125547.000,2024-07-12 21:15:32.257
BTC,BUY,0.0270,9118548.000,2024-07-12 21:15:42.996
BTC,BUY,0.0010,9121699.000,2024-07-12 21:16:15.001
BTC,BUY,0.0001,9122360.000,2024-07-12 21:16:17.427
BTC,BUY,0.0010,9121244.000,2024-07-12 21:16:56.423
BTC,BUY,0.0001,9120251.000,2024-07-12 21:17:44.337
BTC,BUY,0.0100,9118064.000,2024-07-12 21:18:58.177
BTC,BUY,0.0001,9125000.000,2024-07-12 21:20:09.842
BTC,BUY,0.0002,9125540.000,2024-07-12 21:20:25.870
BTC,BUY,0.0001,9114080.000,2024-07-12 21:22:46.249
BTC,BUY,0.0001,9113963.000,2024-07-12 21:22:54.350
BTC,BUY,0.0001,9112866.000,2024-07-12 21:26:32.050
BTC,BUY,0.0001,9113000.000,2024-07-12 21:27:54.325
BTC,BUY,0.0001,9113000.000,2024-07-12 21:28:13.299
BTC,BUY,0.0001,9113000.000,2024-07-12 21:29:21.163
BTC,BUY,0.0001,9112908.000,2024-07-12 21:31:46.652
BTC,BUY,0.0003,9113000.000,2024-07-12 21:33:02.200
BTC,BUY,0.0076,9115169.000,2024-07-12 21:33:02.200
BTC,BUY,0.0097,9116000.000,2024-07-12 21:33:02.200
BTC,BUY,0.0125,9114160.000,2024-07-12 21:35:32.379
BTC,BUY,0.0700,9114168.000,2024-07-12 21:35:32.379
BTC,BUY,0.0050,9114734.000,2024-07-12 21:35:32.379
BTC,BUY,0.0125,9115200.000,2024-07-12 21:35:32.379
BTC,BUY,0.0001,9113772.000,2024-07-12 21:37:08.660
BTC,BUY,0.0052,9113268.000,2024-07-12 21:38:05.845
BTC,BUY,0.0001,9117804.000,2024-07-12 21:41:03.129
BTC,BUY,0.0009,9118120.000,2024-07-12 21:41:03.129
BTC,BUY,0.0011,9120397.000,2024-07-12 21:42:27.076
BTC,BUY,0.0200,9120768.000,2024-07-12 21:42:45.340
BTC,BUY,0.0100,9120768.000,2024-07-12 21:42:45.903
BTC,BUY,0.0100,9121939.000,2024-07-12 21:42:48.357
BTC,BUY,0.0100,9121939.000,2024-07-12 21:42:48.393
BTC,BUY,0.0200,9121939.000,2024-07-12 21:42:48.806
BTC,BUY,0.0004,9121298.000,2024-07-12 21:46:33.366
BTC,BUY,0.0001,9122798.000,2024-07-12 21:49:29.261
BTC,BUY,0.0001,9122901.000,2024-07-12 21:50:38.840
BTC,BUY,0.0001,9121299.000,2024-07-12 21:54:23.629
BTC,BUY,0.0002,9121299.000,2024-07-12 21:54:55.052
BTC,BUY,0.0003,9121299.000,2024-07-12 21:55:04.798
BTC,SELL,0.0005,9121298.000,2024-07-12 21:56:05.340
BTC,SELL,0.0001,9121298.000,2024-07-12 21:57:47.057
BTC,BUY,0.0001,9121299.000,2024-07-12 22:00:02.990
BTC,BUY,0.0009,9121299.000,2024-07-12 22:00:03.141
BTC,SELL,0.0094,9121298.000,2024-07-12 22:00:46.057
BTC,SELL,0.0002,9121298.000,2024-07-12 22:00:46.057
BTC,SELL,0.0004,9121298.000,2024-07-12 22:00:46.057
BTC,BUY,0.0015,9116226.000,2024-07-12 22:00:57.874
BTC,SELL,0.0018,9116225.000,2024-07-12 22:01:54.493
BTC,BUY,0.0004,9119180.000,2024-07-12 22:04:01.934
BTC,BUY,0.0010,9119180.000,2024-07-12 22:04:29.824
BTC,BUY,0.0001,9120148.000,2024-07-12 22:05:55.367
BTC,BUY,0.1000,9120240.000,2024-07-12 22:08:33.405
BTC,BUY,0.0008,9120484.000,2024-07-12 22:08:33.405
BTC,BUY,0.0106,9120770.000,2024-07-12 22:08:33.405
BTC,BUY,0.0030,9123425.000,2024-07-12 22:10:48.153
BTC,BUY,0.0002,9123843.000,2024-07-12 22:12:07.846
BTC,BUY,0.0001,9123935.000,2024-07-12 22:12:11.784
BTC,BUY,0.0002,9124899.000,2024-07-12 22:12:25.165
BTC,BUY,0.0002,9126754.000,2024-07-12 22:13:41.003
BTC,BUY,0.0002,9127164.000,2024-07-12 22:13:41.003
BTC,BUY,0.0096,9129250.000,2024-07-12 22:13:41.003
BTC,BUY,0.0050,9129780.000,2024-07-12 22:13:54.647
BTC,BUY,0.0001,9127071.000,2024-07-12 22:14:07.869
BTC,BUY,0.0001,9130000.000,2024-07-12 22:14:22.357
BTC,BUY,0.0001,9129689.000,2024-07-12 22:14:46.288
BTC,BUY,0.0001,9130000.000,2024-07-12 22:15:03.493
BTC,BUY,0.0001,9130000.000,2024-07-12 22:15:50.371
BTC,BUY,0.0001,9130000.000,2024-07-12 22:16:17.663
BTC,BUY,0.0007,9133573.000,2024-07-12 22:17:45.728
BTC,BUY,0.0001,9133848.000,2024-07-12 22:17:53.548
BTC,BUY,0.0999,9134507.000,2024-07-12 22:17:53.548
BTC,BUY,0.0547,9136573.000,2024-07-12 22:17:53.915
BTC,BUY,0.0400,9136573.000,2024-07-12 22:17:55.335
BTC,BUY,0.0053,9136573.000,2024-07-12 22:17:55.728
BTC,BUY,0.0200,9138812.000,2024-07-12 22:17:55.730
BTC,BUY,0.0004,9140000.000,2024-07-12 22:17:56.063
BTC,BUY,0.0001,9140956.000,2024-07-12 22:17:58.890
BTC,BUY,0.0001,9150000.000,2024-07-12 22:18:14.746
BTC,BUY,0.0003,9150000.000,2024-07-12 22:18:51.832
BTC,BUY,0.0002,9150000.000,2024-07-12 22:18:51.832
BTC,BUY,0.0100,9150000.000,2024-07-12 22:18:51.832
BTC,BUY,0.0002,9150426.000,2024-07-12 22:18:55.022
BTC,BUY,0.0005,9153853.000,2024-07-12 22:19:03.461
BTC,BUY,0.0001,9155220.000,2024-07-12 22:19:42.786
BTC,BUY,0.0800,9149650.000,2024-07-12 22:20:32.893
BTC,BUY,0.0001,9144547.000,2024-07-12 22:21:25.995
BTC,BUY,0.0002,9144501.000,2024-07-12 22:21:30.115
BTC,BUY,0.0001,9143121.000,2024-07-12 22:22:06.987
BTC,SELL,0.0050,9140000.000,2024-07-12 22:23:03.204
BTC,SELL,0.0050,9137600.000,2024-07-12 22:23:03.204
BTC,SELL,0.0075,9137600.000,2024-07-12 22:23:03.490
BTC,BUY,0.0001,9136750.000,2024-07-12 22:23:34.977
BTC,BUY,0.0010,9136649.000,2024-07-12 22:23:53.536
BTC,BUY,0.0005,9137055.000,2024-07-12 22:25:24.695
BTC,BUY,0.0001,9137374.000,2024-07-12 22:25:59.373
BTC,SELL,0.0100,9133520.000,2024-07-12 22:26:16.775
BTC,SELL,0.0025,9133520.000,2024-07-12 22:26:17.045
BTC,BUY,0.0030,9134450.000,2024-07-12 22:26:27.365
BTC,BUY,0.0002,9135074.000,2024-07-12 22:27:19.426
BTC,BUY,0.0008,9134890.000,2024-07-12 22:27:22.613
BTC,BUY,0.0002,9135470.000,2024-07-12 22:27:22.613
BTC,BUY,0.0001,9134706.000,2024-07-12 22:27:27.274
BTC,BUY,0.0001,9134516.000,2024-07-12 22:28:54.865
BTC,BUY,0.0001,9134063.000,2024-07-12 22:29:20.752
BTC,BUY,0.0001,9134988.000,2024-07-12 22:29:51.689
BTC,SELL,0.0500,9130450.000,2024-07-12 22:30:00.606
BTC,SELL,0.0333,9130050.000,2024-07-12 22:30:14.773
BTC,SELL,0.0006,9130000.000,2024-07-12 22:30:14.773
BTC,SELL,0.0461,9129760.000,2024-07-12 22:30:14.773
BTC,BUY,0.0001,9129964.000,2024-07-12 22:30:23.149
BTC,BUY,0.0053,9131760.000,2024-07-12 22:30:23.149
BTC,SELL,0.0055,9127449.000,2024-07-12 22:31:29.160
BTC,SELL,0.0010,9127805.000,2024-07-12 22:31:47.321
BTC,BUY,0.0006,9130309.000,2024-07-12 22:32:18.451
BTC,BUY,0.0001,9129823.000,2024-07-12 22:32:34.543
BTC,BUY,0.0001,9131174.000,2024-07-12 22:34:49.160
BTC,BUY,0.0002,9131003.000,2024-07-12 22:35:34.464
BTC,BUY,0.0001,9130306.000,2024-07-12 22:35:49.859
BTC,SELL,0.0002,9130305.000,2024-07-12 22:36:31.168
BTC,BUY,0.0100,9130306.000,2024-07-12 22:36:44.559
BTC,BUY,0.0002,9130307.000,2024-07-12 22:36:48.707
BTC,BUY,0.0098,9130307.000,2024-07-12 22:37:00.419
BTC,BUY,0.0004,9135599.000,2024-07-12 22:44:55.002
BTC,BUY,0.0026,9135600.000,2024-07-12 22:44:55.002
BTC,BUY,0.0020,9136080.000,2024-07-12 22:45:07.941
BTC,BUY,0.0004,9136364.000,2024-07-12 22:45:30.539
BTC,BUY,0.0012,9135514.000,2024-07-12 22:45:46.797
BTC,BUY,0.0188,9138959.000,2024-07-12 22:45:46.797
BTC,BUY,0.0001,9138775.000,2024-07-12 22:45:49.366
BTC,BUY,0.0001,9136559.000,2024-07-12 22:46:53.942
BTC,BUY,0.0018,9138764.000,2024-07-12 22:46:53.942
BTC,BUY,0.0181,9139089.000,2024-07-12 22:46:53.942
BTC,BUY,0.0001,9138660.000,2024-07-12 22:47:42.077
BTC,BUY,0.0022,9138444.000,2024-07-12 22:47:55.387
BTC,BUY,0.0001,9139850.000,2024-07-12 22:50:41.201
BTC,BUY,0.0001,9140000.000,2024-07-12 22:51:19.841
BTC,BUY,0.0002,9140380.000,2024-07-12 22:51:32.220
BTC,BUY,0.0001,9140542.000,2024-07-12 22:53:06.072
BTC,BUY,0.0002,9145000.000,2024-07-12 22:53:35.805
BTC,BUY,0.0298,9145150.000,2024-07-12 22:53:35.805
BTC,BUY,0.0006,9144951.000,2024-07-12 22:54:04.188
BTC,BUY,0.0004,9145411.000,2024-07-12 22:54:09.082
BTC,BUY,0.1996,9146740.000,2024-07-12 22:54:09.082
BTC,BUY,0.0800,9147270.000,2024-07-12 22:54:33.521
BTC,BUY,0.0001,9147178.000,2024-07-12 22:54:33.625
BTC,BUY,0.0100,9147552.000,2024-07-12 22:54:49.272
BTC,BUY,0.0001,9148676.000,2024-07-12 22:55:12.310
BTC,BUY,0.0012,9148216.000,2024-07-12 22:55:20.171
BTC,BUY,0.0002,9149410.000,2024-07-12 22:55:20.171
BTC,BUY,0.0056,9149493.000,2024-07-12 22:55:20.171
BTC,BUY,0.0010,9150888.000,2024-07-12 22:55:31.336
BTC,BUY,0.0001,9152570.000,2024-07-12 22:56:02.188
BTC,BUY,0.0001,9152183.000,2024-07-12 22:56:58.707
BTC,BUY,0.0004,9151723.000,2024-07-12 22:57:08.267
BTC,BUY,0.0026,9152240.000,2024-07-12 22:57:08.267
BTC,BUY,0.0010,9152980.000,2024-07-12 22:57:08.267
BTC,BUY,0.0001,9152189.000,2024-07-12 22:58:26.378
BTC,BUY,0.0001,9151160.000,2024-07-12 22:59:04.856
BTC,BUY,0.0001,9151656.000,2024-07-12 22:59:30.809
BTC,BUY,0.0005,9151806.000,2024-07-12 22:59:45.538
BTC,BUY,0.0002,9153600.000,2024-07-12 23:00:26.555
BTC,BUY,0.0004,9153600.000,2024-07-12 23:00:26.609
BTC,BUY,0.0001,9150001.000,2024-07-12 23:00:51.478
BTC,BUY,0.0003,9150001.000,2024-07-12 23:00:55.466
BTC,BUY,0.0010,9150001.000,2024-07-12 23:01:21.387
BTC,BUY,0.0070,9150001.000,2024-07-12 23:02:00.001
BTC,BUY,0.0001,9150001.000,2024-07-12 23:02:17.724
BTC,BUY,0.0001,9150001.000,2024-07-12 23:02:19.101
BTC,SELL,0.0006,9150000.000,2024-07-12 23:02:38.995
BTC,SELL,0.0001,9150000.000,2024-07-12 23:02:38.995
BTC,SELL,0.0002,9150000.000,2024-07-12 23:02:38.995
BTC,SELL,0.0041,9144447.000,2024-07-12 23:02:38.995
BTC,BUY,0.0001,9142856.000,2024-07-12 23:06:40.452
BTC,BUY,0.0005,9142068.000,2024-07-12 23:07:56.619
BTC,BUY,0.0002,9142480.000,2024-07-12 23:08:08.693
BTC,BUY,0.0009,9142480.000,2024-07-12 23:08:10.866
BTC,BUY,0.0001,9142856.000,2024-07-12 23:08:48.853
BTC,BUY,0.0024,9143040.000,2024-07-12 23:08:48.853
BTC,BUY,0.0003,9142488.000,2024-07-12 23:08:59.800
BTC,SELL,0.0002,9142000.000,2024-07-12 23:09:03.497
BTC,BUY,0.0050,9145140.000,2024-07-12 23:11:33.726
BTC,BUY,0.0055,9149920.000,2024-07-12 23:18:41.958
BTC,BUY,0.0001,9150105.000,2024-07-12 23:19:05.017
BTC,BUY,0.0005,9150135.000,2024-07-12 23:19:29.043
BTC,BUY,0.0001,9150207.000,2024-07-12 23:19:42.506
BTC,BUY,0.0001,9150065.000,2024-07-12 23:20:06.096
BTC,BUY,0.0200,9151563.000,2024-07-12 23:20:41.366
BTC,SELL,0.0001,9154999.000,2024-07-12 23:22:34.830
BTC,BUY,0.0002,9155000.000,2024-07-12 23:22:50.636
BTC,BUY,0.0400,9155220.000,2024-07-12 23:22:51.528
BTC,SELL,0.0006,9154999.000,2024-07-12 23:23:07.100
BTC,BUY,0.0001,9155420.000,2024-07-12 23:23:38.438
BTC,BUY,0.0001,9156696.000,2024-07-12 23:24:07.810
BTC,BUY,0.0001,9157340.000,2024-07-12 23:24:07.810
BTC,BUY,0.0001,9156604.000,2024-07-12 23:24:08.403
BTC,BUY,0.0001,9157170.000,2024-07-12 23:24:21.323
BTC,BUY,0.0001,9153086.000,2024-07-12 23:25:12.833
BTC,BUY,0.0063,9151890.000,2024-07-12 23:25:31.063
BTC,BUY,0.0828,9152385.000,2024-07-12 23:25:31.063
BTC,BUY,0.0625,9152440.000,2024-07-12 23:25:31.063
BTC,BUY,0.0484,9154160.000,2024-07-12 23:25:31.063
BTC,BUY,0.0010,9152824.000,2024-07-12 23:26:07.116
BTC,BUY,0.0030,9152608.000,2024-07-12 23:26:11.795
BTC,SELL,0.0001,9149954.000,2024-07-12 23:26:20.935
BTC,SELL,0.0001,9149929.000,2024-07-12 23:26:20.935
BTC,SELL,0.0003,9148014.000,2024-07-12 23:26:20.935
BTC,BUY,0.0001,9148285.000,2024-07-12 23:26:57.894
BTC,BUY,0.0003,9148285.000,2024-07-12 23:27:17.141
BTC,BUY,0.0012,9154068.000,2024-07-12 23:29:15.290
BTC,BUY,0.0018,9154154.000,2024-07-12 23:29:15.290
BTC,BUY,0.0001,9153876.000,2024-07-12 23:30:10.842
BTC,BUY,0.0001,9153874.000,2024-07-12 23:30:12.618
BTC,BUY,0.0004,9153616.000,2024-07-12 23:30:23.964
BTC,BUY,0.0100,9152970.000,2024-07-12 23:31:08.947
BTC,BUY,0.0001,9152507.000,2024-07-12 23:33:38.745
BTC,BUY,0.0003,9152967.000,2024-07-12 23:33:38.745
BTC,BUY,0.0016,9154091.000,2024-07-12 23:34:23.771
BTC,BUY,0.0012,9153171.000,2024-07-12 23:34:36.852
BTC,BUY,0.0088,9154091.000,2024-07-12 23:34:36.852
BTC,BUY,0.0001,9153720.000,2024-07-12 23:35:05.243
BTC,BUY,0.0003,9153812.000,2024-07-12 23:35:05.243
BTC,BUY,0.0100,9154690.000,2024-07-12 23:36:21.515
BTC,BUY,0.0004,9155577.000,2024-07-12 23:39:22.658
BTC,BUY,0.0096,9155750.000,2024-07-12 23:39:22.658
BTC,BUY,0.0005,9157264.000,2024-07-12 23:40:57.035
BTC,BUY,0.0100,9156966.000,2024-07-12 23:41:24.585
BTC,BUY,0.0001,9153630.000,2024-07-12 23:43:08.681
BTC,BUY,0.0029,9156980.000,2024-07-12 23:43:08.681
BTC,BUY,0.0030,9156678.000,2024-07-12 23:43:35.348
BTC,BUY,0.0010,9156548.000,2024-07-12 23:44:13.383
BTC,BUY,0.0002,9156159.000,2024-07-12 23:44:46.684
BTC,BUY,0.0004,9157421.000,2024-07-12 23:45:51.930
BTC,BUY,0.0096,9157870.000,2024-07-12 23:45:51.930
BTC,BUY,0.0010,9158400.000,2024-07-12 23:46:23.434
BTC,BUY,0.0001,9159056.000,2024-07-12 23:46:24.931
BTC,BUY,0.0002,9158872.000,2024-07-12 23:46:34.158
BTC,BUY,0.0001,9158872.000,2024-07-12 23:48:09.014
BTC,BUY,0.0001,9158872.000,2024-07-12 23:48:30.149
BTC,BUY,0.0004,9160000.000,2024-07-12 23:50:25.944
BTC,BUY,0.0001,9160000.000,2024-07-12 23:50:25.944
BTC,BUY,0.0010,9160000.000,2024-07-12 23:50:43.063
BTC,BUY,0.0002,9160000.000,2024-07-12 23:51:05.628
BTC,BUY,0.0005,9160000.000,2024-07-12 23:51:19.364
BTC,BUY,0.0002,9159796.000,2024-07-12 23:51:58.336
BTC,BUY,0.0001,9160000.000,2024-07-12 23:52:27.644
BTC,BUY,0.0001,9160000.000,2024-07-12 23:54:07.908
BTC,BUY,0.0004,9162138.000,2024-07-12 23:54:07.908
BTC,BUY,0.0055,9162640.000,2024-07-12 23:54:12.778
BTC,BUY,0.0001,9163170.000,2024-07-12 23:54:21.870
BTC,BUY,0.0001,9164760.000,2024-07-12 23:57:13.547
BTC,SELL,0.0003,9161498.000,2024-07-12 23:57:18.747
BTC,SELL,0.0094,9160058.000,2024-07-12 23:57:56.146
BTC,BUY,0.0001,9163170.000,2024-07-12 23:58:23.170
BTC,BUY,0.0002,9163700.000,2024-07-12 23:59:06.798
BTC,BUY,0.0020,9164160.000,2024-07-13 02:10:16.595
BTC,BUY,0.0064,9163200.000,2024-07-13 02:11:20.902
BTC,BUY,0.0036,9163250.000,2024-07-13 02:11:20.902
BTC,SELL,0.0054,9161599.000,2024-07-13 02:11:21.075
BTC,SELL,0.0046,9161498.000,2024-07-13 02:11:21.075
BTC,SELL,0.0063,9161498.000,2024-07-13 02:11:21.643
BTC,SELL,0.0005,9161009.000,2024-07-13 02:11:30.982
BTC,BUY,0.0015,9160835.000,2024-07-13 02:12:23.327
BTC,BUY,0.0001,9160835.000,2024-07-13 02:12:25.707
BTC,BUY,0.0060,9159433.000,2024-07-13 02:13:01.129
BTC,BUY,0.0055,9159116.000,2024-07-13 02:13:27.141
BTC,SELL,0.0010,9159115.000,2024-07-13 02:13:47.129
BTC,SELL,0.0035,9159115.000,2024-07-13 02:14:50.799
BTC,SELL,0.0810,9159115.000,2024-07-13 02:14:50.799
BTC,SELL,0.0100,9159115.000,2024-07-13 02:14:50.799
BTC,SELL,0.0007,9159115.000,2024-07-13 02:14:50.799
BTC,SELL,0.0020,9159000.000,2024-07-13 02:14:50.799
BTC,SELL,0.0028,9158947.000,2024-07-13 02:14:50.799
BTC,SELL,0.0081,9153710.000,2024-07-13 02:15:12.547
BTC,BUY,0.0070,9154160.000,2024-07-13 02:16:10.966
BTC,BUY,0.0010,9155217.000,2024-07-13 02:16:40.557
BTC,SELL,0.0002,9153710.000,2024-07-13 02:16:41.527
BTC,SELL,0.0001,9153710.000,2024-07-13 02:16:57.041
BTC,SELL,0.0077,9153710.000,2024-07-13 02:16:58.913
BTC,SELL,0.0244,9152043.000,2024-07-13 02:16:58.913
BTC,SELL,0.0028,9152039.000,2024-07-13 02:18:09.018
BTC,BUY,0.0100,9152570.000,2024-07-13 02:18:18.143
BTC,BUY,0.0200,9153100.000,2024-07-13 02:18:45.423
BTC,BUY,0.0011,9156935.000,2024-07-13 02:19:00.791
BTC,BUY,0.0009,9158400.000,2024-07-13 02:21:25.094
BTC,BUY,0.0003,9159460.000,2024-07-13 02:21:35.128
BTC,BUY,0.0002,9164201.000,2024-07-13 02:21:39.576
BTC,SELL,0.0003,9157860.000,2024-07-13 02:23:47.527
BTC,BUY,0.0300,9162640.000,2024-07-13 02:24:16.035
BTC,SELL,0.0100,9160955.000,2024-07-13 02:24:57.155
BTC,BUY,0.0002,9163697.000,2024-07-13 02:25:04.426
BTC,SELL,0.0008,9161080.000,2024-07-13 02:25:04.967
BTC,BUY,0.0010,9162640.000,2024-07-13 02:26:56.669
BTC,BUY,0.0006,9163170.000,2024-07-13 02:28:12.361
BTC,SELL,0.0004,9161504.000,2024-07-13 02:29:09.039
BTC,BUY,0.0007,9163170.000,2024-07-13 02:30:28.261
BTC,SELL,0.0001,9161080.000,2024-07-13 02:31:31.161
BTC,SELL,0.0010,9159445.000,2024-07-13 02:31:36.497
BTC,BUY,0.0001,9160126.000,2024-07-13 02:32:24.892
BTC,BUY,0.0016,9160890.000,2024-07-13 02:33:42.401
BTC,SELL,0.0002,9159500.000,2024-07-13 02:33:49.395
BTC,SELL,0.0007,9159989.000,2024-07-13 02:34:16.475
BTC,SELL,0.0010,9159989.000,2024-07-13 02:35:41.475
BTC,BUY,0.0059,9164214.000,2024-07-13 02:39:18.619
BTC,BUY,0.0002,9164837.000,2024-07-13 02:43:38.061
BTC,BUY,0.0002,9165000.000,2024-07-13 02:43:43.648
BTC,BUY,0.0098,9167410.000,2024-07-13 02:43:43.648
BTC,BUY,0.0002,9169530.000,2024-07-13 02:44:25.876
BTC,BUY,0.0005,9169862.000,2024-07-13 02:47:56.156
BTC,BUY,0.0004,9170000.000,2024-07-13 02:47:56.156
BTC,BUY,0.0001,9170000.000,2024-07-13 02:47:56.156
BTC,BUY,0.0031,9171120.000,2024-07-13 02:47:56.156
BTC,BUY,0.0028,9173239.000,2024-07-13 02:49:03.067
BTC,BUY,0.0810,9173240.000,2024-07-13 02:49:03.067
BTC,BUY,0.3021,9175360.000,2024-07-13 02:49:03.067
BTC,BUY,0.0002,9175264.000,2024-07-13 02:49:13.523
BTC,BUY,0.0001,9175244.000,2024-07-13 02:49:33.618
BTC,BUY,0.0013,9175195.000,2024-07-13 02:50:04.085
BTC,SELL,0.0008,9169014.000,2024-07-13 02:50:21.495
BTC,BUY,0.0002,9170000.000,2024-07-13 02:50:28.173
BTC,BUY,0.0088,9170060.000,2024-07-13 02:50:28.173
BTC,BUY,0.0010,9172508.000,2024-07-13 02:50:39.353
BTC,BUY,0.0001,9172849.000,2024-07-13 02:50:50.713
BTC,BUY,0.0001,9172842.000,2024-07-13 02:51:16.696
BTC,BUY,0.0005,9173218.000,2024-07-13 02:51:31.112
BTC,BUY,0.0003,9173062.000,2024-07-13 02:52:01.371
BTC,BUY,0.0150,9173239.000,2024-07-13 02:52:12.992
BTC,SELL,0.0018,9168746.000,2024-07-13 02:52:59.021
BTC,BUY,0.0001,9170060.000,2024-07-13 02:53:16.771
BTC,BUY,0.0001,9171120.000,2024-07-13 02:53:26.346
BTC,BUY,0.0001,9171650.000,2024-07-13 02:54:43.332
BTC,BUY,0.0001,9172180.000,2024-07-13 02:57:18.816
BTC,BUY,0.0001,9172710.000,2024-07-13 02:58:03.378
BTC,BUY,0.0001,9174000.000,2024-07-13 02:58:35.725
BTC,SELL,0.0002,9170522.000,2024-07-13 02:59:14.089
BTC,BUY,0.0001,9172710.000,2024-07-13 03:00:02.845
BTC,BUY,0.0002,9174000.000,2024-07-13 03:00:04.412
BTC,BUY,0.0011,9174000.000,2024-07-13 03:00:06.795
BTC,BUY,0.0006,9174000.000,2024-07-13 03:00:06.902
BTC,BUY,0.0005,9176346.000,2024-07-13 03:00:06.902
BTC,BUY,0.0010,9176346.000,2024-07-13 03:00:07.296
BTC,BUY,0.0001,9176378.000,2024-07-13 03:00:10.860
BTC,BUY,0.0010,9176378.000,2024-07-13 03:00:11.810
BTC,BUY,0.0200,9177032.000,2024-07-13 03:00:11.810
BTC,BUY,0.0090,9177480.000,2024-07-13 03:00:11.810
BTC,BUY,0.0021,9178368.000,2024-07-13 03:00:26.285
BTC,BUY,0.0001,9178368.000,2024-07-13 03:00:26.354
BTC,BUY,0.0010,9178366.000,2024-07-13 03:00:28.618
BTC,BUY,0.0002,9178365.000,2024-07-13 03:00:29.410
BTC,BUY,0.0001,9178362.000,2024-07-13 03:00:32.619
BTC,BUY,0.0010,9178359.000,2024-07-13 03:00:35.999
BTC,BUY,0.0099,9178605.000,2024-07-13 03:00:40.392
BTC,BUY,0.0700,9179598.000,2024-07-13 03:00:40.392
BTC,BUY,0.0201,9179600.000,2024-07-13 03:00:40.392
BTC,BUY,0.0001,9180000.000,2024-07-13 03:01:11.150
BTC,SELL,0.0120,9172873.000,2024-07-13 03:01:20.973
BTC,BUY,0.0010,9177480.000,2024-07-13 03:01:24.115
BTC,BUY,0.0060,9177480.000,2024-07-13 03:01:24.572
BTC,SELL,0.0054,9172871.000,2024-07-13 03:01:27.968
BTC,SELL,0.0001,9171704.000,2024-07-13 03:01:33.468
BTC,SELL,0.0002,9171677.000,2024-07-13 03:01:33.468
BTC,SELL,0.0012,9171660.000,2024-07-13 03:01:33.468
BTC,BUY,0.0001,9173770.000,2024-07-13 03:04:01.279
BTC,SELL,0.0002,9170480.000,2024-07-13 03:04:17.977
BTC,BUY,0.0104,9170481.000,2024-07-13 03:04:45.230
BTC,BUY,0.0901,9172180.000,2024-07-13 03:04:45.230
BTC,BUY,0.0120,9173770.000,2024-07-13 03:05:44.867
BTC,SELL,0.0054,9170023.000,2024-07-13 03:05:59.556
BTC,BUY,0.0100,9171120.000,2024-07-13 03:06:02.678
BTC,BUY,0.0040,9175360.000,2024-07-13 03:07:27.449
BTC,SELL,0.0031,9170420.000,2024-07-13 03:07:46.972
BTC,SELL,0.0002,9170428.000,2024-07-13 03:07:55.464
BTC,BUY,0.0002,9171119.000,2024-07-13 03:09:07.681
BTC,BUY,0.0001,9174829.000,2024-07-13 03:10:45.721
BTC,SELL,0.0015,9170857.000,2024-07-13 03:11:25.025
BTC,SELL,0.0010,9170000.000,2024-07-13 03:13:22.128
BTC,SELL,0.0626,9168744.000,2024-07-13 03:13:22.128
BTC,SELL,0.0089,9168730.000,2024-07-13 03:13:22.128
BTC,SELL,0.0003,9168553.000,2024-07-13 03:14:11.058
BTC,BUY,0.0010,9171119.000,2024-07-13 03:15:15.840
BTC,SELL,0.0012,9168680.000,2024-07-13 03:15:16.532
BTC,SELL,0.0004,9168393.000,2024-07-13 03:16:15.974
BTC,BUY,0.0020,9168999.000,2024-07-13 03:16:17.789
BTC,BUY,0.0002,9169000.000,2024-07-13 03:16:17.789
BTC,BUY,0.0070,9169530.000,2024-07-13 03:16:38.743
BTC,BUY,0.0001,9170000.000,2024-07-13 03:17:28.249
BTC,BUY,0.0019,9170060.000,2024-07-13 03:17:28.249
BTC,BUY,0.0010,9170590.000,2024-07-13 03:17:31.081
BTC,BUY,0.0003,9171120.000,2024-07-13 03:17:48.343
BTC,BUY,0.0001,9171130.000,2024-07-13 03:18:31.940
BTC,BUY,0.0007,9170089.000,2024-07-13 03:18:41.367
BTC,BUY,0.0003,9171129.000,2024-07-13 03:18:41.367
BTC,SELL,0.0006,9167624.000,2024-07-13 03:18:50.963
BTC,SELL,0.0044,9168098.000,2024-07-13 03:19:15.142
BTC,SELL,0.0050,9166120.000,2024-07-13 03:21:17.943
BTC,BUY,0.0005,9167940.000,2024-07-13 03:21:38.663
BTC,SELL,0.0050,9165585.000,2024-07-13 03:22:28.810
BTC,BUY,0.0001,9167410.000,2024-07-13 03:22:33.526
BTC,BUY,0.0001,9166120.000,2024-07-13 03:24:06.267
BTC,SELL,0.0356,9165265.000,2024-07-13 03:24:12.292
BTC,BUY,0.0025,9165820.000,2024-07-13 03:26:01.450
BTC,BUY,0.0100,9166120.000,2024-07-13 03:26:51.893
BTC,BUY,0.0001,9165428.000,2024-07-13 03:28:28.699
BTC,SELL,0.0001,9165265.000,2024-07-13 03:29:17.457
BTC,SELL,0.0001,9165000.000,2024-07-13 03:29:17.457
BTC,SELL,0.0015,9164000.000,2024-07-13 03:29:22.964
BTC,SELL,0.0001,9164000.000,2024-07-13 03:29:22.964
BTC,SELL,0.0001,9163000.000,2024-07-13 03:29:22.964
BTC,SELL,0.0001,9162000.000,2024-07-13 03:29:28.459
BTC,BUY,0.0053,9163700.000,2024-07-13 03:31:19.713
BTC,BUY,0.0100,9165820.000,2024-07-13 03:31:27.594
BTC,SELL,0.0014,9161475.000,2024-07-13 03:32:15.977
BTC,SELL,0.0008,9161075.000,2024-07-13 03:33:03.466
BTC,SELL,0.0042,9161075.000,2024-07-13 03:33:06.870
BTC,SELL,0.0001,9160000.000,2024-07-13 03:33:06.870
BTC,SELL,0.0050,9160000.000,2024-07-13 03:33:06.870
BTC,SELL,0.0001,9160000.000,2024-07-13 03:33:06.870
BTC,SELL,0.0002,9160000.000,2024-07-13 03:33:06.870
BTC,SELL,0.0956,9159750.000,2024-07-13 03:33:06.870
BTC,SELL,0.0050,9159319.000,2024-07-13 03:33:06.870
BTC,SELL,0.0545,9159086.000,2024-07-13 03:33:06.870
BTC,SELL,0.0353,9158152.000,2024-07-13 03:33:06.870
BTC,SELL,0.0015,9158035.000,2024-07-13 03:33:53.967
BTC,SELL,0.0062,9158057.000,2024-07-13 03:34:25.582
BTC,BUY,0.0153,9158930.000,2024-07-13 03:34:43.232
BTC,BUY,0.0010,9160001.000,2024-07-13 03:35:22.897
BTC,BUY,0.4000,9161580.000,2024-07-13 03:37:58.469
BTC,BUY,0.0001,9162110.000,2024-07-13 03:38:16.927
BTC,SELL,0.0002,9160000.000,2024-07-13 03:38:50.486
BTC,BUY,0.0001,9160001.000,2024-07-13 03:38:55.437
BTC,BUY,0.0001,9158061.000,2024-07-13 03:40:52.189
BTC,SELL,0.0001,9158060.000,2024-07-13 03:41:58.691
BTC,BUY,0.0002,9158061.000,2024-07-13 03:42:09.449
BTC,BUY,0.0005,9158061.000,2024-07-13 03:42:33.303
BTC,BUY,0.0013,9158061.000,2024-07-13 03:42:44.252
BTC,BUY,0.0005,9158061.000,2024-07-13 03:42:46.565
BTC,BUY,0.0060,9158061.000,2024-07-13 03:42:46.919
BTC,BUY,0.0100,9159990.000,2024-07-13 03:46:32.156
BTC,BUY,0.0700,9161580.000,2024-07-13 03:46:37.752
BTC,BUY,0.0010,9162640.000,2024-07-13 03:46:41.221
BTC,BUY,0.0001,9163170.000,2024-07-13 03:47:17.512
BTC,BUY,0.0002,9164230.000,2024-07-13 03:47:26.816
BTC,BUY,0.0001,9164760.000,2024-07-13 03:49:08.599
BTC,SELL,0.0012,9164230.000,2024-07-13 03:50:35.037
BTC,BUY,0.0038,9164231.000,2024-07-13 03:52:23.573
BTC,BUY,0.0100,9164231.000,2024-07-13 03:52:23.573
BTC,BUY,0.0200,9164231.000,2024-07-13 03:52:23.573
BTC,BUY,0.0200,9164231.000,2024-07-13 03:52:23.573
BTC,BUY,0.0100,9164231.000,2024-07-13 03:52:23.573
BTC,BUY,0.0350,9164231.000,2024-07-13 03:52:23.573
BTC,BUY,0.0001,9163523.000,2024-07-13 03:52:26.868
BTC,BUY,0.0010,9162903.000,2024-07-13 03:52:36.494
BTC,SELL,0.0005,9162000.000,2024-07-13 03:52:37.482
BTC,SELL,0.0045,9162000.000,2024-07-13 03:52:44.480
BTC,BUY,0.0006,9161320.000,2024-07-13 03:53:14.294
BTC,SELL,0.0004,9160639.000,2024-07-13 03:53:54.478
BTC,SELL,0.0005,9160209.000,2024-07-13 03:54:34.489
BTC,SELL,0.0006,9160000.000,2024-07-13 03:54:39.988
BTC,BUY,0.0001,9160001.000,2024-07-13 03:55:14.673
BTC,SELL,0.0004,9160000.000,2024-07-13 03:55:27.476
BTC,SELL,0.0001,9158701.000,2024-07-13 03:56:01.256
BTC,SELL,0.0013,9158061.000,2024-07-13 03:56:01.256
BTC,SELL,0.0015,9158060.000,2024-07-13 03:56:01.256
BTC,SELL,0.0022,9158052.000,2024-07-13 03:56:01.256
BTC,SELL,0.0005,9158052.000,2024-07-13 03:56:05.988
BTC,SELL,0.0038,9158052.000,2024-07-13 03:56:30.970
BTC,BUY,0.0001,9158053.000,2024-07-13 03:57:40.543
BTC,BUY,0.0009,9158053.000,2024-07-13 03:58:09.438
BTC,SELL,0.0038,9158052.000,2024-07-13 03:58:18.469
BTC,SELL,0.0100,9158052.000,2024-07-13 03:58:23.969
BTC,SELL,0.0097,9158052.000,2024-07-13 03:58:29.473
BTC,SELL,0.0030,9153539.000,2024-07-13 03:58:49.979
BTC,SELL,0.0024,9153539.000,2024-07-13 03:58:55.465
BTC,BUY,0.0003,9153045.000,2024-07-13 03:59:37.533
BTC,BUY,0.0002,9152725.000,2024-07-13 03:59:39.153
BTC,BUY,0.0010,9153940.000,2024-07-13 04:00:22.184
BTC,SELL,0.0016,9152896.000,2024-07-13 04:01:47.519
BTC,SELL,0.0002,9152896.000,2024-07-13 04:01:48.329
BTC,SELL,0.0001,9151125.000,2024-07-13 04:01:53.006
BTC,SELL,0.0005,9150601.000,2024-07-13 04:01:53.006
BTC,BUY,0.0100,9150979.000,2024-07-13 04:03:13.715
BTC,SELL,0.0001,9150000.000,2024-07-13 04:03:45.235
BTC,SELL,0.0001,9150000.000,2024-07-13 04:03:45.235
BTC,SELL,0.0540,9150000.000,2024-07-13 04:03:45.235
BTC,BUY,0.0010,9150450.000,2024-07-13 04:04:28.402
BTC,BUY,0.0100,9152032.000,2024-07-13 04:06:11.245
BTC,SELL,0.0032,9152170.000,2024-07-13 04:07:09.027
BTC,SELL,0.0117,9152170.000,2024-07-13 04:07:09.027
BTC,SELL,0.0003,9150989.000,2024-07-13 04:07:14.468
BTC,SELL,0.0067,9150470.000,2024-07-13 04:08:26.060
BTC,SELL,0.0055,9153047.000,2024-07-13 04:13:45.356
BTC,SELL,0.0270,9150705.000,2024-07-13 04:13:45.356
BTC,SELL,0.0076,9150010.000,2024-07-13 04:13:45.356
BTC,SELL,0.0288,9150024.000,2024-07-13 04:15:11.229
BTC,SELL,0.0001,9150024.000,2024-07-13 04:15:12.035
BTC,SELL,0.0022,9150000.000,2024-07-13 04:15:56.466
BTC,SELL,0.0001,9150000.000,2024-07-13 04:22:26.273
BTC,BUY,0.0067,9150001.000,2024-07-13 04:23:34.870
BTC,SELL,0.0013,9150200.000,2024-07-13 04:23:36.491
BTC,SELL,0.0002,9150000.000,2024-07-13 04:23:36.491
BTC,BUY,0.0001,9150001.000,2024-07-13 04:27:54.350
BTC,BUY,0.0001,9150001.000,2024-07-13 04:28:05.369
BTC,SELL,0.0040,9150000.000,2024-07-13 04:29:22.253
BTC,SELL,0.0012,9150000.000,2024-07-13 04:29:28.478
BTC,BUY,0.0100,9152040.000,2024-07-13 04:31:30.190
BTC,BUY,0.0002,9153630.000,2024-07-13 04:31:50.320
BTC,BUY,0.0100,9154690.000,2024-07-13 04:32:02.474
BTC,SELL,0.0015,9152578.000,2024-07-13 04:32:12.973
BTC,BUY,0.0100,9153630.000,2024-07-13 04:32:39.581
BTC,SELL,0.0019,9152039.000,2024-07-13 04:33:49.980
BTC,SELL,0.0041,9150000.000,2024-07-13 04:34:11.962
BTC,SELL,0.0011,9150000.000,2024-07-13 04:34:17.468
BTC,BUY,0.0002,9150450.000,2024-07-13 04:35:03.602
BTC,BUY,0.0100,9150450.000,2024-07-13 04:35:03.644
BTC,SELL,0.0003,9150000.000,2024-07-13 04:35:49.696
BTC,SELL,0.0016,9150643.000,2024-07-13 04:36:17.120
BTC,SELL,0.0084,9150641.000,2024-07-13 04:36:17.120
BTC,SELL,0.0004,9150000.000,2024-07-13 04:36:19.622
BTC,SELL,0.0019,9150080.000,2024-07-13 04:37:47.316
BTC,SELL,0.0023,9150000.000,2024-07-13 04:39:47.024
BTC,BUY,0.0007,9150177.000,2024-07-13 04:40:19.532
BTC,BUY,0.0001,9150001.000,2024-07-13 04:40:30.786
BTC,SELL,0.0080,9150000.000,2024-07-13 04:40:37.807
BTC,BUY,0.0040,9150087.000,2024-07-13 04:41:23.059
BTC,BUY,0.0060,9150315.000,2024-07-13 04:41:23.059
BTC,BUY,0.0001,9150338.000,2024-07-13 04:41:36.858
BTC,BUY,0.0001,9150331.000,2024-07-13 04:43:55.966
BTC,BUY,0.0010,9150348.000,2024-07-13 04:45:01.089
BTC,SELL,0.0500,9150000.000,2024-07-13 04:45:47.241
BTC,SELL,0.0026,9150000.000,2024-07-13 04:46:22.485
BTC,BUY,0.0020,9150967.000,2024-07-13 04:46:47.935
BTC,BUY,0.0184,9150953.000,2024-07-13 04:47:02.189
BTC,BUY,0.0001,9150944.000,2024-07-13 04:47:10.318
BTC,SELL,0.0007,9150000.000,2024-07-13 04:47:14.465
BTC,SELL,0.0400,9150000.000,2024-07-13 04:47:28.426
BTC,BUY,0.0001,9150949.000,2024-07-13 04:48:27.156
BTC,SELL,0.0004,9150001.000,2024-07-13 04:52:15.530
BTC,BUY,0.0004,9150449.000,2024-07-13 04:52:25.356
BTC,BUY,0.0196,9150450.000,2024-07-13 04:52:25.356
BTC,BUY,0.0019,9152014.000,2024-07-13 04:53:12.511
BTC,BUY,0.0381,9152040.000,2024-07-13 04:53:12.511
BTC,BUY,0.0002,9152151.000,2024-07-13 04:54:44.111
BTC,SELL,0.0005,9152150.000,2024-07-13 04:55:10.530
BTC,SELL,0.0077,9150001.000,2024-07-13 04:55:25.505
BTC,SELL,0.0288,9150000.000,2024-07-13 04:55:25.505
BTC,SELL,0.0054,9150000.000,2024-07-13 04:55:25.505
BTC,SELL,0.0500,9150000.000,2024-07-13 04:55:25.505
BTC,SELL,0.0001,9150000.000,2024-07-13 04:55:25.505
BTC,SELL,0.0003,9150000.000,2024-07-13 04:55:25.505
BTC,SELL,0.0002,9150000.000,2024-07-13 04:55:25.505
BTC,SELL,0.0100,9150000.000,2024-07-13 04:55:25.505
BTC,SELL,0.0001,9150000.000,2024-07-13 04:55:25.505
BTC,SELL,0.0001,9150000.000,2024-07-13 04:55:25.505
BTC,SELL,0.0002,9150000.000,2024-07-13 04:55:25.505
BTC,SELL,0.0001,9148000.000,2024-07-13 04:55:25.505
BTC,SELL,0.0300,9146254.000,2024-07-13 04:55:25.505
BTC,SELL,0.0266,9145153.000,2024-07-13 04:55:25.505
BTC,SELL,0.0400,9145151.000,2024-07-13 04:55:25.505
BTC,SELL,0.0015,9145000.000,2024-07-13 04:55:25.505
BTC,SELL,0.0002,9145000.000,2024-07-13 04:55:25.505
BTC,SELL,0.0179,9144620.000,2024-07-13 04:55:25.505
BTC,SELL,0.0001,9144348.000,2024-07-13 04:55:25.505
BTC,SELL,0.0100,9143869.000,2024-07-13 04:55:25.505
BTC,SELL,0.0100,9143868.000,2024-07-13 04:55:25.505
BTC,SELL,0.0200,9142014.000,2024-07-13 04:55:25.505
BTC,SELL,0.0108,9142000.000,2024-07-13 04:55:25.505
BTC,SELL,0.0200,9141654.000,2024-07-13 04:55:25.505
BTC,SELL,0.0002,9140000.000,2024-07-13 04:55:25.505
BTC,SELL,0.0001,9140000.000,2024-07-13 04:55:25.505
BTC,SELL,0.0022,9140000.000,2024-07-13 04:55:25.505
BTC,SELL,0.0002,9140000.000,2024-07-13 04:55:25.505
BTC,SELL,0.0001,9140000.000,2024-07-13 04:55:25.505
BTC,SELL,0.0050,9140000.000,2024-07-13 04:55:25.505
BTC,SELL,0.0001,9140000.000,2024-07-13 04:55:25.505
BTC,SELL,0.0020,9139200.000,2024-07-13 04:55:25.505
BTC,BUY,0.0001,9143030.000,2024-07-13 04:55:49.621
BTC,SELL,0.0009,9144089.000,2024-07-13 04:56:04.537
BTC,BUY,0.0010,9146210.000,2024-07-13 04:56:25.668
BTC,BUY,0.0009,9147269.000,2024-07-13 04:56:37.647
BTC,BUY,0.0001,9147799.000,2024-07-13 04:57:48.239
BTC,BUY,0.0010,9149834.000,2024-07-13 04:57:51.248
BTC,BUY,0.0009,9149999.000,2024-07-13 04:58:26.009
BTC,BUY,0.0003,9149998.000,2024-07-13 04:58:48.702
BTC,BUY,0.0010,9149769.000,2024-07-13 04:58:57.349
BTC,SELL,0.0042,9144091.000,2024-07-13 05:00:37.021
BTC,BUY,0.0001,9146209.000,2024-07-13 05:02:13.514
BTC,SELL,0.0101,9144093.000,2024-07-13 05:02:23.978
BTC,SELL,0.0001,9144092.000,2024-07-13 05:02:23.978
BTC,SELL,0.0498,9144092.000,2024-07-13 05:02:23.978
BTC,BUY,0.0001,9148859.000,2024-07-13 05:03:25.853
BTC,BUY,0.0099,9149919.000,2024-07-13 05:05:15.117
BTC,BUY,0.0201,9149920.000,2024-07-13 05:05:15.117
BTC,BUY,0.0100,9150449.000,2024-07-13 05:05:48.584
BTC,BUY,0.0100,9150450.000,2024-07-13 05:05:48.584
BTC,BUY,0.0001,9159837.000,2024-07-13 05:07:31.044
BTC,BUY,0.0001,9159837.000,2024-07-13 05:07:42.007
BTC,BUY,0.0010,9159838.000,2024-07-13 05:08:43.112
BTC,BUY,0.0001,9159838.000,2024-07-13 05:08:45.042
BTC,BUY,0.0100,9159702.000,2024-07-13 05:09:50.052
BTC,SELL,0.0008,9156000.000,2024-07-13 05:10:16.973
BTC,SELL,0.0002,9155000.000,2024-07-13 05:11:41.975
BTC,SELL,0.0002,9150000.000,2024-07-13 05:11:47.463
BTC,SELL,0.0091,9148880.000,2024-07-13 05:13:57.470
BTC,BUY,0.0001,9149999.000,2024-07-13 05:16:31.403
BTC,BUY,0.0001,9149999.000,2024-07-13 05:16:41.442
BTC,BUY,0.0001,9159444.000,2024-07-13 05:17:59.997
BTC,BUY,0.0008,9159078.000,2024-07-13 05:20:47.393
BTC,BUY,0.0001,9160000.000,2024-07-13 05:21:59.975
BTC,BUY,0.0022,9160000.000,2024-07-13 05:21:59.975
BTC,BUY,0.0011,9160000.000,2024-07-13 05:22:57.970
BTC,SELL,0.0020,9159363.000,2024-07-13 05:23:02.617
BTC,BUY,0.0015,9160000.000,2024-07-13 05:23:12.483
BTC,BUY,0.0052,9160000.000,2024-07-13 05:27:14.419
BTC,BUY,0.0001,9160000.000,2024-07-13 05:27:14.419
BTC,BUY,0.0001,9160980.000,2024-07-13 05:27:14.419
BTC,BUY,0.0007,9160980.000,2024-07-13 05:27:14.419
BTC,BUY,0.0039,9164074.000,2024-07-13 05:27:14.419
BTC,BUY,0.0041,9164074.000,2024-07-13 05:27:14.806
BTC,BUY,0.0001,9165000.000,2024-07-13 05:28:18.759
BTC,BUY,0.0002,9164699.000,2024-07-13 05:29:24.504
BTC,SELL,0.0002,9164074.000,2024-07-13 05:29:35.528
BTC,SELL,0.0008,9163219.000,2024-07-13 05:29:35.528
BTC,BUY,0.0001,9165289.000,2024-07-13 05:29:38.281
BTC,BUY,0.0055,9165289.000,2024-07-13 05:30:43.282
BTC,BUY,0.0005,9165290.000,2024-07-13 05:31:59.648
BTC,BUY,0.0002,9165288.000,2024-07-13 05:33:41.505
BTC,SELL,0.0060,9165287.000,2024-07-13 05:33:43.512
BTC,BUY,0.0002,9165290.000,2024-07-13 05:41:02.276
BTC,BUY,0.0003,9165289.000,2024-07-13 05:41:27.142
BTC,SELL,0.0004,9164163.000,2024-07-13 05:44:19.003
BTC,SELL,0.0079,9160306.000,2024-07-13 05:47:14.410
BTC,SELL,0.0001,9160000.000,2024-07-13 05:47:14.410
BTC,SELL,0.0200,9158482.000,2024-07-13 05:47:14.410
BTC,SELL,0.0086,9158400.000,2024-07-13 05:47:14.410
BTC,SELL,0.1000,9158364.000,2024-07-13 05:47:14.410
BTC,SELL,0.0200,9158341.000,2024-07-13 05:47:14.410
BTC,SELL,0.0897,9157870.000,2024-07-13 05:47:14.410
BTC,SELL,0.0430,9157340.000,2024-07-13 05:47:14.410
BTC,SELL,0.0107,9155221.000,2024-07-13 05:47:14.410
BTC,SELL,0.0175,9155220.000,2024-07-13 05:47:14.410
BTC,SELL,0.0007,9155000.000,2024-07-13 05:47:14.410
BTC,SELL,0.0664,9154690.000,2024-07-13 05:47:14.410
BTC,SELL,0.0010,9154160.000,2024-07-13 05:47:14.410
BTC,SELL,0.0546,9152943.000,2024-07-13 05:47:14.410
BTC,SELL,0.0898,9152040.000,2024-07-13 05:47:14.410
BTC,SELL,0.0400,9151818.000,2024-07-13 05:47:14.410
BTC,SELL,0.0030,9151510.000,2024-07-13 05:47:14.410
BTC,SELL,0.0400,9150579.000,2024-07-13 05:47:14.410
BTC,SELL,0.0010,9150000.000,2024-07-13 05:47:14.410
BTC,SELL,0.0021,9150000.000,2024-07-13 05:47:14.410
BTC,SELL,0.0300,9149920.000,2024-07-13 05:47:14.410
BTC,SELL,0.1132,9149390.000,2024-07-13 05:47:14.410
BTC,SELL,0.1366,9145150.000,2024-07-13 05:47:14.410
BTC,SELL,0.0002,9145000.000,2024-07-13 05:47:14.410
BTC,SELL,0.0005,9144480.000,2024-07-13 05:47:14.410
BTC,SELL,0.0010,9144116.000,2024-07-13 05:47:14.410
BTC,SELL,0.1724,9144090.000,2024-07-13 05:47:14.410
BTC,SELL,0.0002,9145000.000,2024-07-13 05:47:15.972
BTC,SELL,0.0077,9145000.000,2024-07-13 05:47:15.972
BTC,BUY,0.0001,9158526.000,2024-07-13 05:47:20.959
BTC,BUY,0.0001,9158081.000,2024-07-13 05:47:43.249
BTC,BUY,0.1000,9158693.000,2024-07-13 05:48:13.387
BTC,BUY,0.1000,9157630.000,2024-07-13 05:48:44.960
BTC,BUY,0.0300,9156261.000,2024-07-13 05:51:03.497
BTC,BUY,0.0700,9156261.000,2024-07-13 05:51:03.679
BTC,BUY,0.0002,9157634.000,2024-07-13 05:51:03.916
BTC,BUY,0.0100,9159999.000,2024-07-13 05:51:03.916
BTC,BUY,0.0001,9160000.000,2024-07-13 05:51:03.916
BTC,BUY,0.0196,9160508.000,2024-07-13 05:51:03.916
BTC,BUY,0.0300,9162021.000,2024-07-13 05:51:04.594
BTC,BUY,0.1000,9163505.000,2024-07-13 05:51:05.069
BTC,BUY,0.0243,9165125.000,2024-07-13 05:51:05.069
BTC,BUY,0.0500,9165125.000,2024-07-13 05:51:05.186
BTC,BUY,0.0227,9165125.000,2024-07-13 05:51:05.276
BTC,BUY,0.0957,9165145.000,2024-07-13 05:51:05.276
BTC,BUY,0.0003,9165290.000,2024-07-13 05:51:05.276
BTC,BUY,0.0141,9165417.000,2024-07-13 05:51:05.276
BTC,BUY,0.0300,9167850.000,2024-07-13 05:51:05.276
BTC,BUY,0.0002,9168619.000,2024-07-13 05:51:05.281
BTC,BUY,0.0398,9170000.000,2024-07-13 05:51:05.281
BTC,BUY,0.0602,9170000.000,2024-07-13 05:51:05.630
BTC,BUY,0.0001,9170000.000,2024-07-13 05:51:05.630
BTC,BUY,0.0397,9173664.000,2024-07-13 05:51:05.630
BTC,BUY,0.0002,9175070.000,2024-07-13 05:51:06.460
BTC,BUY,0.0002,9176287.000,2024-07-13 05:51:06.460
BTC,BUY,0.0060,9179197.000,2024-07-13 05:51:06.460
BTC,BUY,0.0010,9180000.000,2024-07-13 05:51:06.460
BTC,BUY,0.0004,9180000.000,2024-07-13 05:51:06.460
BTC,BUY,0.0100,9180000.000,2024-07-13 05:51:06.460
BTC,BUY,0.0001,9180000.000,2024-07-13 05:51:06.460
BTC,BUY,0.0700,9183233.000,2024-07-13 05:51:06.460
BTC,BUY,0.0298,9183234.000,2024-07-13 05:51:06.460
BTC,BUY,0.0123,9183523.000,2024-07-13 05:51:06.460
BTC,BUY,0.0400,9183897.000,2024-07-13 05:51:06.460
BTC,BUY,0.0022,9189999.000,2024-07-13 05:51:06.460
BTC,BUY,0.0078,9189999.000,2024-07-13 05:51:06.521
BTC,BUY,0.0011,9190000.000,2024-07-13 05:51:06.521
BTC,BUY,0.0004,9190000.000,2024-07-13 05:51:06.521
BTC,BUY,0.0008,9190000.000,2024-07-13 05:51:06.521
BTC,BUY,0.0020,9190000.000,2024-07-13 05:51:06.521
BTC,BUY,0.0100,9190169.000,2024-07-13 05:51:06.521
BTC,BUY,0.0020,9191000.000,2024-07-13 05:51:06.521
BTC,BUY,0.0001,9194840.000,2024-07-13 05:51:06.521
BTC,BUY,0.0050,9199000.000,2024-07-13 05:51:06.521
BTC,BUY,0.0246,9199740.000,2024-07-13 05:51:06.521
BTC,SELL,0.0300,9184765.000,2024-07-13 05:51:08.752
BTC,SELL,0.0001,9180000.000,2024-07-13 05:51:08.752
BTC,SELL,0.0299,9177848.000,2024-07-13 05:51:08.752
BTC,BUY,0.0002,9179627.000,2024-07-13 05:51:17.821
BTC,BUY,0.0998,9179628.000,2024-07-13 05:51:17.821
BTC,BUY,0.0400,9181899.000,2024-07-13 05:51:22.013
BTC,BUY,0.0099,9188107.000,2024-07-13 05:51:23.074
BTC,BUY,0.0301,9189994.000,2024-07-13 05:51:23.074
BTC,SELL,0.0300,9186094.000,2024-07-13 05:51:25.163
BTC,SELL,0.0100,9186094.000,2024-07-13 05:51:27.642
BTC,SELL,0.0300,9185844.000,2024-07-13 05:51:31.151
BTC,BUY,0.0001,9182159.000,2024-07-13 05:51:35.757
BTC,BUY,0.0001,9185645.000,2024-07-13 05:51:39.026
BTC,BUY,0.0999,9185645.000,2024-07-13 05:51:39.411
BTC,BUY,0.0001,9190000.000,2024-07-13 05:51:39.411
BTC,SELL,0.0700,9188366.000,2024-07-13 05:51:47.272
BTC,SELL,0.0002,9185650.000,2024-07-13 05:51:53.188
BTC,SELL,0.0298,9185644.000,2024-07-13 05:51:53.188
BTC,SELL,0.0300,9185654.000,2024-07-13 05:51:53.694
BTC,SELL,0.0227,9183339.000,2024-07-13 05:51:59.086
BTC,BUY,0.0002,9181381.000,2024-07-13 05:52:37.715
BTC,BUY,0.0298,9182516.000,2024-07-13 05:52:37.715
BTC,BUY,0.0002,9185000.000,2024-07-13 05:53:02.138
BTC,BUY,0.0048,9187125.000,2024-07-13 05:53:02.138
BTC,BUY,0.0298,9186043.000,2024-07-13 05:53:41.444
BTC,BUY,0.0192,9187170.000,2024-07-13 05:53:41.444
BTC,BUY,0.0045,9187180.000,2024-07-13 05:53:59.562
BTC,BUY,0.1000,9181562.000,2024-07-13 05:54:06.603
BTC,BUY,0.0004,9181813.000,2024-07-13 05:54:08.920
BTC,SELL,0.0009,9182528.000,2024-07-13 05:54:30.981
BTC,BUY,0.0016,9186225.000,2024-07-13 05:55:03.926
BTC,BUY,0.0184,9186265.000,2024-07-13 05:55:03.926
BTC,BUY,0.0001,9184659.000,2024-07-13 05:55:28.302
BTC,BUY,0.0999,9184659.000,2024-07-13 05:55:30.782
BTC,BUY,0.0001,9188395.000,2024-07-13 05:55:30.782
BTC,BUY,0.1000,9187859.000,2024-07-13 05:55:36.426
BTC,SELL,0.0010,9187357.000,2024-07-13 05:57:33.489
BTC,BUY,0.0010,9187358.000,2024-07-13 05:57:48.411
BTC,BUY,0.0011,9187810.000,2024-07-13 05:58:36.803
BTC,SELL,0.0100,9187357.000,2024-07-13 05:58:46.821
BTC,BUY,0.0001,9184778.000,2024-07-13 05:58:54.897
BTC,BUY,0.0001,9182028.000,2024-07-13 05:59:20.792
BTC,BUY,0.0009,9184778.000,2024-07-13 06:00:12.365
BTC,SELL,0.0020,9187837.000,2024-07-13 06:00:14.566
BTC,SELL,0.0010,9184295.000,2024-07-13 06:00:23.973
BTC,BUY,0.0001,9180806.000,2024-07-13 06:00:38.259
BTC,SELL,0.0010,9181360.000,2024-07-13 06:00:55.265
BTC,BUY,0.0001,9186915.000,2024-07-13 06:01:40.361
BTC,BUY,0.0004,9186985.000,2024-07-13 06:01:47.999
BTC,SELL,0.0012,9180480.000,2024-07-13 06:02:30.974
BTC,BUY,0.0001,9184634.000,2024-07-13 06:03:13.224
BTC,SELL,0.0069,9180480.000,2024-07-13 06:04:07.964
BTC,BUY,0.0040,9183280.000,2024-07-13 06:06:57.649
BTC,SELL,0.0001,9180480.000,2024-07-13 06:06:58.465
BTC,BUY,0.0001,9183055.000,2024-07-13 06:07:05.692
BTC,BUY,0.0008,9181920.000,2024-07-13 06:07:34.964
BTC,SELL,0.0001,9180000.000,2024-07-13 06:09:09.974
BTC,BUY,0.0005,9181440.000,2024-07-13 06:10:02.445
BTC,BUY,0.0001,9181295.000,2024-07-13 06:10:57.997
BTC,BUY,0.0005,9181679.000,2024-07-13 06:11:21.918
BTC,BUY,0.0200,9181919.000,2024-07-13 06:13:25.796
BTC,BUY,0.0077,9181920.000,2024-07-13 06:13:25.796
BTC,BUY,0.0032,9181920.000,2024-07-13 06:13:25.796
BTC,BUY,0.0300,9181978.000,2024-07-13 06:13:25.796
BTC,BUY,0.0391,9182780.000,2024-07-13 06:13:25.796
BTC,BUY,0.0004,9183897.000,2024-07-13 06:14:36.013
BTC,BUY,0.0001,9183247.000,2024-07-13 06:14:50.345
BTC,BUY,0.0050,9183191.000,2024-07-13 06:14:54.886
BTC,BUY,0.0050,9183888.000,2024-07-13 06:14:54.886
BTC,BUY,0.0300,9189000.000,2024-07-13 06:21:23.005
BTC,BUY,0.0002,9191496.000,2024-07-13 06:21:49.604
BTC,BUY,0.0002,9191496.000,2024-07-13 06:21:49.604
BTC,BUY,0.0001,9192457.000,2024-07-13 06:21:49.604
BTC,BUY,0.0001,9193799.000,2024-07-13 06:21:49.604
BTC,BUY,0.0001,9194908.000,2024-07-13 06:21:49.604
BTC,BUY,0.1002,9195500.000,2024-07-13 06:21:49.604
BTC,SELL,0.0300,9195500.000,2024-07-13 06:22:14.607
BTC,SELL,0.0051,9193555.000,2024-07-13 06:22:14.607
BTC,SELL,0.0300,9193532.000,2024-07-13 06:22:14.607
BTC,SELL,0.0055,9192908.000,2024-07-13 06:22:14.607
BTC,BUY,0.1279,9198150.000,2024-07-13 06:22:16.017
BTC,BUY,0.0001,9195908.000,2024-07-13 06:22:56.542
BTC,BUY,0.0001,9198382.000,2024-07-13 06:23:21.515
BTC,BUY,0.0199,9199210.000,2024-07-13 06:23:21.515
BTC,BUY,0.0400,9198135.000,2024-07-13 06:23:41.628
BTC,BUY,0.0400,9198135.000,2024-07-13 06:23:42.145
BTC,BUY,0.0040,9198135.000,2024-07-13 06:23:42.630
BTC,BUY,0.0004,9200000.000,2024-07-13 06:23:49.591
BTC,BUY,0.0011,9200000.000,2024-07-13 06:23:49.591
BTC,BUY,0.0002,9200000.000,2024-07-13 06:23:49.591
BTC,BUY,0.0001,9200000.000,2024-07-13 06:23:49.591
BTC,BUY,0.0100,9200000.000,2024-07-13 06:23:49.591
BTC,BUY,0.0100,9200000.000,2024-07-13 06:23:49.591
BTC,BUY,0.0100,9200000.000,2024-07-13 06:23:49.591
BTC,BUY,0.0225,9202158.000,2024-07-13 06:23:49.591
BTC,BUY,0.0011,9202920.000,2024-07-13 06:23:55.498
BTC,BUY,0.0055,9203979.000,2024-07-13 06:23:56.353
BTC,BUY,0.1070,9203980.000,2024-07-13 06:23:56.353
BTC,SELL,0.0012,9201067.000,2024-07-13 06:26:36.795
BTC,SELL,0.0050,9201067.000,2024-07-13 06:26:51.800
BTC,BUY,0.0090,9201642.000,2024-07-13 06:27:19.064
BTC,BUY,0.0002,9201642.000,2024-07-13 06:27:41.330
BTC,BUY,0.0053,9201649.000,2024-07-13 06:27:41.330
BTC,BUY,0.1000,9201650.000,2024-07-13 06:27:54.919
BTC,BUY,0.0002,9205000.000,2024-07-13 06:27:54.919
BTC,BUY,0.0300,9206099.000,2024-07-13 06:27:54.919
BTC,BUY,0.0296,9207024.000,2024-07-13 06:27:54.919
BTC,BUY,0.0071,9207070.000,2024-07-13 06:27:54.919
BTC,BUY,0.0331,9207690.000,2024-07-13 06:27:54.919
BTC,BUY,0.0002,9208227.000,2024-07-13 06:28:29.644
BTC,BUY,0.0498,9209280.000,2024-07-13 06:28:29.644
BTC,BUY,0.0033,9207940.000,2024-07-13 06:29:57.429
BTC,BUY,0.0005,9207935.000,2024-07-13 06:30:02.753
BTC,BUY,0.0005,9207929.000,2024-07-13 06:30:09.231
BTC,BUY,0.0001,9207800.000,2024-07-13 06:30:21.797
BTC,SELL,0.0038,9200027.000,2024-07-13 06:30:25.963
BTC,SELL,0.0005,9200000.000,2024-07-13 06:31:19.235
BTC,SELL,0.0002,9200000.000,2024-07-13 06:31:21.267
BTC,BUY,0.0030,9200001.000,2024-07-13 06:31:53.576
BTC,SELL,0.0003,9200000.000,2024-07-13 06:32:07.659
BTC,SELL,0.0001,9200000.000,2024-07-13 06:32:07.659
BTC,BUY,0.0001,9200000.000,2024-07-13 06:32:18.534
BTC,BUY,0.0007,9200000.000,2024-07-13 06:33:49.472
BTC,BUY,0.0001,9200000.000,2024-07-13 06:34:14.378
BTC,BUY,0.0050,9200000.000,2024-07-13 06:34:49.614
BTC,BUY,0.0001,9200000.000,2024-07-13 06:36:10.877
BTC,BUY,0.0044,9200000.000,2024-07-13 06:36:58.677
BTC,BUY,0.0001,9200000.000,2024-07-13 06:36:58.677
BTC,BUY,0.0001,9200001.000,2024-07-13 06:37:35.753
BTC,BUY,0.0001,9200001.000,2024-07-13 06:38:06.920
BTC,SELL,0.0003,9200000.000,2024-07-13 06:38:11.547
BTC,SELL,0.0001,9200000.000,2024-07-13 06:38:11.816
BTC,SELL,0.0002,9199300.000,2024-07-13 06:38:11.816
BTC,SELL,0.0117,9195385.000,2024-07-13 06:38:11.816
BTC,BUY,0.0300,9196560.000,2024-07-13 06:38:35.320
BTC,BUY,0.1000,9198150.000,2024-07-13 06:39:23.310
BTC,BUY,0.4000,9198680.000,2024-07-13 06:39:23.310
BTC,BUY,0.5000,9199210.000,2024-07-13 06:39:41.912
BTC,BUY,0.0700,9199649.000,2024-07-13 06:39:58.608
BTC,BUY,0.0543,9199740.000,2024-07-13 06:39:58.608
BTC,BUY,0.0001,9200000.000,2024-07-13 06:39:58.608
BTC,BUY,0.3756,9200270.000,2024-07-13 06:39:58.608
BTC,BUY,0.0005,9200249.000,2024-07-13 06:40:03.630
BTC,BUY,0.0001,9200200.000,2024-07-13 06:40:03.635
BTC,BUY,0.0700,9199841.000,2024-07-13 06:40:28.941
BTC,BUY,0.0001,9200000.000,2024-07-13 06:40:28.941
BTC,BUY,0.0125,9200400.000,2024-07-13 06:40:28.941
BTC,BUY,0.0300,9200424.000,2024-07-13 06:40:28.941
BTC,BUY,0.0543,9200462.000,2024-07-13 06:40:28.941
BTC,BUY,0.0400,9203605.000,2024-07-13 06:40:28.941
BTC,BUY,0.0100,9208664.000,2024-07-13 06:40:28.941
BTC,BUY,0.0400,9209256.000,2024-07-13 06:40:28.941
BTC,BUY,0.0011,9210000.000,2024-07-13 06:40:28.941
BTC,BUY,0.0004,9210000.000,2024-07-13 06:40:28.941
BTC,BUY,0.0002,9210000.000,2024-07-13 06:40:28.941
BTC,BUY,0.0002,9211040.000,2024-07-13 06:40:28.941
BTC,BUY,0.0002,9211041.000,2024-07-13 06:40:28.941
BTC,BUY,0.0001,9213446.000,2024-07-13 06:40:28.941
BTC,BUY,0.0429,9214580.000,2024-07-13 06:40:28.941
BTC,BUY,0.0662,9217230.000,2024-07-13 06:40:28.941
BTC,BUY,0.0020,9217760.000,2024-07-13 06:40:28.941
BTC,BUY,0.0050,9218290.000,2024-07-13 06:40:28.941
BTC,BUY,0.0100,9218636.000,2024-07-13 06:40:28.941
BTC,BUY,0.0100,9218636.000,2024-07-13 06:40:28.941
BTC,BUY,0.0010,9218820.000,2024-07-13 06:40:28.941
BTC,BUY,0.1038,9219880.000,2024-07-13 06:40:28.941
BTC,BUY,0.1000,9207750.000,2024-07-13 06:41:03.483
BTC,SELL,0.0050,9192810.000,2024-07-13 06:41:34.181
BTC,BUY,0.0001,9192811.000,2024-07-13 06:41:59.346
BTC,BUY,0.0057,9193380.000,2024-07-13 06:42:59.106
BTC,BUY,0.0143,9193910.000,2024-07-13 06:42:59.106
BTC,SELL,0.0060,9193379.000,2024-07-13 06:43:01.898
BTC,SELL,0.0541,9192888.000,2024-07-13 06:43:02.275
BTC,SELL,0.0002,9193379.000,2024-07-13 06:43:02.755
BTC,SELL,0.0018,9192889.000,2024-07-13 06:43:02.755
BTC,SELL,0.0004,9192810.000,2024-07-13 06:43:07.967
BTC,SELL,0.0004,9190050.000,2024-07-13 06:43:13.473
BTC,SELL,0.0060,9190199.000,2024-07-13 06:43:41.810
BTC,BUY,0.0055,9190730.000,2024-07-13 06:43:45.227
BTC,SELL,0.0496,9190199.000,2024-07-13 06:43:45.482
BTC,SELL,0.0010,9190000.000,2024-07-13 06:43:45.482
BTC,SELL,0.0050,9190000.000,2024-07-13 06:43:45.482
BTC,SELL,0.0001,9190000.000,2024-07-13 06:43:45.482
BTC,SELL,0.0002,9190000.000,2024-07-13 06:43:45.482
BTC,BUY,0.0001,9190000.000,2024-07-13 06:43:56.097
BTC,BUY,0.0030,9190000.000,2024-07-13 06:43:59.379
BTC,SELL,0.0051,9189999.000,2024-07-13 06:44:46.387
BTC,SELL,0.0333,9189999.000,2024-07-13 06:44:46.387
BTC,SELL,0.0026,9189920.000,2024-07-13 06:44:46.387
BTC,BUY,0.0001,9189997.000,2024-07-13 06:45:51.850
BTC,SELL,0.0002,9192319.000,2024-07-13 06:46:59.994
BTC,BUY,0.0054,9192320.000,2024-07-13 06:47:17.417
BTC,SELL,0.0058,9189487.000,2024-07-13 06:47:54.740
BTC,BUY,0.0010,9190200.000,2024-07-13 06:48:05.509
BTC,BUY,0.0050,9190691.000,2024-07-13 06:48:36.100
BTC,BUY,0.0001,9190199.000,2024-07-13 06:49:44.419
BTC,BUY,0.0005,9189700.000,2024-07-13 06:50:03.597
BTC,SELL,0.0020,9186202.000,2024-07-13 06:50:36.898
BTC,SELL,0.0021,9183888.000,2024-07-13 06:50:40.145
BTC,SELL,0.0007,9183787.000,2024-07-13 06:50:40.145
BTC,SELL,0.0011,9183787.000,2024-07-13 06:50:45.479
BTC,BUY,0.0001,9184370.000,2024-07-13 06:51:41.108
BTC,BUY,0.0001,9184900.000,2024-07-13 06:53:37.019
BTC,SELL,0.0001,9183500.000,2024-07-13 06:53:54.038
BTC,BUY,0.0005,9183840.000,2024-07-13 06:56:19.783
BTC,BUY,0.0001,9185960.000,2024-07-13 06:58:24.669
BTC,BUY,0.0006,9186196.000,2024-07-13 06:58:56.175
BTC,SELL,0.0020,9185206.000,2024-07-13 06:59:58.046
BTC,SELL,0.0041,9185400.000,2024-07-13 06:59:58.429
BTC,SELL,0.0001,9185400.000,2024-07-13 07:00:03.972
BTC,BUY,0.0020,9186490.000,2024-07-13 07:00:11.832
BTC,BUY,0.0015,9187019.000,2024-07-13 07:00:43.575
BTC,BUY,0.0010,9187043.000,2024-07-13 07:01:48.033
BTC,BUY,0.0050,9185341.000,2024-07-13 07:02:51.003
BTC,SELL,0.0020,9183550.000,2024-07-13 07:04:09.061
BTC,BUY,0.0001,9183839.000,2024-07-13 07:04:45.594
BTC,BUY,0.0002,9183839.000,2024-07-13 07:04:47.125
BTC,BUY,0.0160,9186490.000,2024-07-13 07:08:24.973
BTC,BUY,0.1500,9187020.000,2024-07-13 07:09:05.290
BTC,BUY,0.0017,9187020.000,2024-07-13 07:09:05.328
BTC,BUY,0.0019,9188080.000,2024-07-13 07:09:13.214
BTC,BUY,0.0005,9188553.000,2024-07-13 07:09:18.377
BTC,BUY,0.0002,9189139.000,2024-07-13 07:09:28.726
BTC,BUY,0.0109,9189669.000,2024-07-13 07:09:45.285
BTC,BUY,0.1000,9191790.000,2024-07-13 07:11:24.972
BTC,SELL,0.0010,9191400.000,2024-07-13 07:11:45.004
BTC,SELL,0.0035,9191800.000,2024-07-13 07:13:41.901
BTC,BUY,0.0005,9192320.000,2024-07-13 07:13:51.530
BTC,BUY,0.0005,9191801.000,2024-07-13 07:14:30.612
BTC,BUY,0.0020,9192320.000,2024-07-13 07:14:44.014
BTC,SELL,0.0001,9193400.000,2024-07-13 07:15:21.463
BTC,SELL,0.0044,9193909.000,2024-07-13 07:16:36.785
BTC,BUY,0.0256,9193400.000,2024-07-13 07:17:08.603
BTC,SELL,0.0100,9193909.000,2024-07-13 07:18:41.051
BTC,SELL,0.0100,9193909.000,2024-07-13 07:18:41.351
BTC,SELL,0.0041,9193909.000,2024-07-13 07:18:41.441
BTC,SELL,0.0100,9193909.000,2024-07-13 07:18:41.622
BTC,SELL,0.0003,9193909.000,2024-07-13 07:18:41.748
BTC,SELL,0.0005,9193000.000,2024-07-13 07:18:41.748
BTC,SELL,0.0050,9190494.000,2024-07-13 07:18:41.748
BTC,SELL,0.0001,9190000.000,2024-07-13 07:18:41.748
BTC,SELL,0.0300,9187453.000,2024-07-13 07:18:41.748
BTC,SELL,0.0183,9186015.000,2024-07-13 07:18:41.748
BTC,SELL,0.0002,9185805.000,2024-07-13 07:18:41.748
BTC,SELL,0.0020,9185805.000,2024-07-13 07:18:41.967
BTC,SELL,0.0025,9185805.000,2024-07-13 07:18:42.376
BTC,BUY,0.0100,9185960.000,2024-07-13 07:22:59.748
BTC,SELL,0.0003,9185805.000,2024-07-13 07:24:07.282
BTC,SELL,0.0155,9185804.000,2024-07-13 07:24:07.282
BTC,SELL,0.0700,9183616.000,2024-07-13 07:24:07.282
BTC,SELL,0.0012,9183550.000,2024-07-13 07:24:07.282
BTC,SELL,0.0026,9183500.000,2024-07-13 07:24:07.282
BTC,SELL,0.0008,9183280.000,2024-07-13 07:24:07.282
BTC,SELL,0.1111,9183221.000,2024-07-13 07:24:07.282
BTC,SELL,0.0050,9182685.000,2024-07-13 07:24:07.282
BTC,SELL,0.0100,9181665.000,2024-07-13 07:24:07.282
BTC,SELL,0.0300,9181664.000,2024-07-13 07:24:07.282
BTC,SELL,0.0009,9180000.000,2024-07-13 07:24:07.282
BTC,SELL,0.0011,9180000.000,2024-07-13 07:24:07.282
BTC,SELL,0.0001,9180000.000,2024-07-13 07:24:07.282
BTC,SELL,0.0002,9180000.000,2024-07-13 07:24:07.282
BTC,SELL,0.0200,9178839.000,2024-07-13 07:24:07.282
BTC,SELL,0.1000,9177990.000,2024-07-13 07:24:07.282
BTC,SELL,0.0100,9177611.000,2024-07-13 07:24:07.282
BTC,SELL,0.0200,9177502.000,2024-07-13 07:24:07.282
BTC,SELL,0.0035,9177480.000,2024-07-13 07:24:07.282
BTC,SELL,0.0004,9176950.000,2024-07-13 07:24:07.282
BTC,SELL,0.0172,9176825.000,2024-07-13 07:24:07.282
BTC,SELL,0.0544,9176043.000,2024-07-13 07:24:07.282
BTC,SELL,0.0129,9174300.000,2024-07-13 07:24:07.282
BTC,SELL,0.0010,9172180.000,2024-07-13 07:24:07.282
BTC,SELL,0.0118,9171761.000,2024-07-13 07:24:07.282
BTC,SELL,0.0003,9178924.000,2024-07-13 07:24:08.470
BTC,SELL,0.0125,9179440.000,2024-07-13 07:24:13.978
BTC,SELL,0.0015,9179411.000,2024-07-13 07:24:13.978
BTC,BUY,0.0001,9190426.000,2024-07-13 07:29:45.117
BTC,BUY,0.0010,9190426.000,2024-07-13 07:37:32.346
BTC,BUY,0.0020,9190426.000,2024-07-13 07:38:04.145
BTC,BUY,0.0062,9190426.000,2024-07-13 07:38:08.556
BTC,SELL,0.0143,9192906.000,2024-07-13 07:40:20.622
BTC,SELL,0.0404,9192135.000,2024-07-13 07:40:20.622
BTC,BUY,0.0010,9191224.000,2024-07-13 07:42:54.723
BTC,BUY,0.0040,9190267.000,2024-07-13 07:46:43.259
BTC,BUY,0.0070,9192319.000,2024-07-13 07:46:43.259
BTC,SELL,0.0021,9190081.000,2024-07-13 07:47:12.217
BTC,BUY,0.0005,9190082.000,2024-07-13 07:47:44.348
BTC,BUY,0.0141,9190082.000,2024-07-13 07:48:16.135
BTC,BUY,0.0066,9190472.000,2024-07-13 07:48:16.135
BTC,BUY,0.0820,9190730.000,2024-07-13 07:48:16.135
BTC,BUY,0.0004,9191260.000,2024-07-13 07:52:25.694
BTC,BUY,0.0020,9191790.000,2024-07-13 07:52:35.016
BTC,SELL,0.0012,9190100.000,2024-07-13 07:55:37.635
BTC,BUY,0.0001,9192440.000,2024-07-13 07:57:35.059
BTC,BUY,0.0001,9194000.000,2024-07-13 07:59:28.585
BTC,BUY,0.0001,9194000.000,2024-07-13 07:59:39.802
BTC,BUY,0.0001,9194000.000,2024-07-13 08:00:03.598
BTC,BUY,0.0097,9194000.000,2024-07-13 08:00:15.147
BTC,BUY,0.0100,9195000.000,2024-07-13 08:00:16.232
BTC,BUY,0.0100,9195000.000,2024-07-13 08:00:16.273
BTC,BUY,0.0002,9195391.000,2024-07-13 08:00:19.204
BTC,SELL,0.0006,9197429.000,2024-07-13 08:00:33.818
BTC,BUY,0.0002,9195954.000,2024-07-13 08:00:50.330
BTC,SELL,0.0158,9194000.000,2024-07-13 08:00:54.029
BTC,BUY,0.0001,9195000.000,2024-07-13 08:01:36.116
BTC,BUY,0.0001,9195999.000,2024-07-13 08:01:54.640
BTC,BUY,0.0012,9195220.000,2024-07-13 08:02:42.114
BTC,SELL,0.0120,9194000.000,2024-07-13 08:02:59.557
BTC,BUY,0.0100,9195894.000,2024-07-13 08:03:06.162
BTC,SELL,0.0010,9194000.000,2024-07-13 08:03:07.136
BTC,SELL,0.0090,9192978.000,2024-07-13 08:03:07.136
BTC,BUY,0.0003,9193734.000,2024-07-13 08:03:35.224
BTC,BUY,0.0054,9194440.000,2024-07-13 08:04:33.273
BTC,BUY,0.0030,9190683.000,2024-07-13 08:05:29.122
BTC,BUY,0.0003,9194328.000,2024-07-13 08:07:20.554
BTC,BUY,0.0001,9194498.000,2024-07-13 08:07:36.149
BTC,BUY,0.0003,9194732.000,2024-07-13 08:07:54.274
BTC,BUY,0.0047,9195522.000,2024-07-13 08:08:19.068
BTC,BUY,0.0122,9195523.000,2024-07-13 08:08:50.717
BTC,BUY,0.0050,9195522.000,2024-07-13 08:09:49.674
BTC,BUY,0.0020,9192042.000,2024-07-13 08:10:07.821
BTC,BUY,0.0001,9193910.000,2024-07-13 08:11:13.556
BTC,BUY,0.0006,9194439.000,2024-07-13 08:13:14.468
BTC,BUY,0.0003,9194781.000,2024-07-13 08:14:32.969
BTC,BUY,0.0020,9194781.000,2024-07-13 08:14:44.449
BTC,BUY,0.0009,9195077.000,2024-07-13 08:16:08.028
BTC,BUY,0.0004,9195368.000,2024-07-13 08:18:22.809
BTC,BUY,0.0009,9195381.000,2024-07-13 08:19:09.265
BTC,BUY,0.0001,9195523.000,2024-07-13 08:19:23.405
BTC,BUY,0.0001,9195523.000,2024-07-13 08:20:34.702
BTC,BUY,0.0010,9195523.000,2024-07-13 08:21:36.617
BTC,BUY,0.0013,9195290.000,2024-07-13 08:22:41.988
BTC,SELL,0.0001,9194400.000,2024-07-13 08:22:52.944
BTC,SELL,0.0006,9194200.000,2024-07-13 08:22:52.944
BTC,SELL,0.0001,9194000.000,2024-07-13 08:22:52.944
BTC,SELL,0.0292,9194000.000,2024-07-13 08:22:52.944
BTC,BUY,0.0001,9195946.000,2024-07-13 08:24:42.697
BTC,BUY,0.0165,9195946.000,2024-07-13 08:24:44.330
BTC,BUY,0.0001,9196000.000,2024-07-13 08:24:44.330
BTC,BUY,0.0190,9197820.000,2024-07-13 08:24:44.330
BTC,BUY,0.0001,9197305.000,2024-07-13 08:26:04.731
BTC,BUY,0.0001,9197337.000,2024-07-13 08:26:36.732
BTC,BUY,0.1000,9195377.000,2024-07-13 08:27:40.167
BTC,BUY,0.0908,9198150.000,2024-07-13 08:27:40.167
BTC,BUY,0.0010,9197508.000,2024-07-13 08:28:28.182
BTC,SELL,0.0047,9195628.000,2024-07-13 08:30:11.682
BTC,BUY,0.0001,9197265.000,2024-07-13 08:31:21.901
BTC,BUY,0.0002,9197294.000,2024-07-13 08:32:07.369
BTC,SELL,0.0010,9195000.000,2024-07-13 08:35:28.614
BTC,SELL,0.0096,9194000.000,2024-07-13 08:35:28.614
BTC,BUY,0.0001,9195364.000,2024-07-13 08:36:00.876
BTC,BUY,0.0007,9194769.000,2024-07-13 08:37:48.423
BTC,SELL,0.0041,9194000.000,2024-07-13 08:39:04.434
BTC,SELL,0.0020,9194000.000,2024-07-13 08:39:05.980
BTC,SELL,0.0100,9194000.000,2024-07-13 08:39:25.203
BTC,SELL,0.0051,9194000.000,2024-07-13 08:39:43.169
BTC,SELL,0.0010,9194000.000,2024-07-13 08:39:43.169
BTC,SELL,0.0010,9194000.000,2024-07-13 08:39:43.169
BTC,SELL,0.0001,9192742.000,2024-07-13 08:39:43.169
BTC,SELL,0.0050,9192477.000,2024-07-13 08:39:43.169
BTC,SELL,0.0100,9191919.000,2024-07-13 08:39:43.169
BTC,SELL,0.0001,9190683.000,2024-07-13 08:39:43.169
BTC,SELL,0.0001,9190683.000,2024-07-13 08:39:43.169
BTC,SELL,0.0100,9190000.000,2024-07-13 08:39:43.169
BTC,SELL,0.0001,9190000.000,2024-07-13 08:39:43.169
BTC,SELL,0.0010,9190000.000,2024-07-13 08:39:43.169
BTC,SELL,0.0005,9190000.000,2024-07-13 08:39:43.169
BTC,SELL,0.0020,9188750.000,2024-07-13 08:39:43.169
BTC,SELL,0.0100,9185666.000,2024-07-13 08:39:43.169
BTC,SELL,0.0540,9185665.000,2024-07-13 08:39:43.169
BTC,SELL,0.0004,9185670.000,2024-07-13 08:39:44.026
BTC,BUY,0.0003,9188576.000,2024-07-13 08:39:51.784
BTC,BUY,0.0006,9188577.000,2024-07-13 08:42:07.236
BTC,BUY,0.0001,9188575.000,2024-07-13 08:42:56.181
BTC,SELL,0.0002,9185858.000,2024-07-13 08:44:38.329
BTC,SELL,0.0007,9185858.000,2024-07-13 08:46:15.017
BTC,BUY,0.0010,9186114.000,2024-07-13 08:46:32.401
BTC,SELL,0.0200,9185858.000,2024-07-13 08:48:17.876
BTC,SELL,0.0018,9185858.000,2024-07-13 08:49:23.459
BTC,SELL,0.0014,9185858.000,2024-07-13 08:51:39.081
BTC,SELL,0.0009,9185858.000,2024-07-13 08:51:46.589
BTC,SELL,0.0001,9180000.000,2024-07-13 08:51:46.589
BTC,SELL,0.0004,9180000.000,2024-07-13 08:51:46.661
BTC,SELL,0.0050,9180000.000,2024-07-13 08:51:46.661
BTC,SELL,0.0010,9180000.000,2024-07-13 08:51:46.661
BTC,SELL,0.0010,9180000.000,2024-07-13 08:51:46.661
BTC,SELL,0.0001,9180000.000,2024-07-13 08:51:46.661
BTC,SELL,0.0010,9179411.000,2024-07-13 08:51:46.661
BTC,SELL,0.0050,9178870.000,2024-07-13 08:51:46.661
BTC,SELL,0.0865,9177421.000,2024-07-13 08:51:46.661
BTC,SELL,0.0006,9177422.000,2024-07-13 08:51:47.022
BTC,SELL,0.0007,9177855.000,2024-07-13 08:51:52.464
BTC,BUY,0.0001,9179070.000,2024-07-13 08:53:04.356
BTC,BUY,0.0005,9178035.000,2024-07-13 08:53:26.581
BTC,BUY,0.0005,9177611.000,2024-07-13 08:53:53.560
BTC,BUY,0.0005,9177611.000,2024-07-13 08:54:04.782
BTC,SELL,0.0001,9177611.000,2024-07-13 08:58:10.030
BTC,SELL,0.0002,9175000.000,2024-07-13 08:58:19.967
BTC,SELL,0.0001,9175000.000,2024-07-13 08:58:19.967
BTC,SELL,0.0011,9173232.000,2024-07-13 08:58:25.183
BTC,SELL,0.0004,9170000.000,2024-07-13 08:58:28.470
BTC,BUY,0.0004,9170001.000,2024-07-13 08:58:44.027
BTC,BUY,0.0010,9170001.000,2024-07-13 08:59:07.709
BTC,SELL,0.0002,9170000.000,2024-07-13 08:59:39.379
BTC,SELL,0.0004,9170000.000,2024-07-13 09:00:15.961
BTC,BUY,0.0010,9170001.000,2024-07-13 09:00:26.099
BTC,SELL,0.0004,9170000.000,2024-07-13 09:00:33.155
BTC,BUY,0.0020,9170931.000,2024-07-13 09:01:09.215
BTC,BUY,0.0001,9171918.000,2024-07-13 09:01:27.692
BTC,BUY,0.0005,9170123.000,2024-07-13 09:03:41.751
BTC,SELL,0.0006,9170000.000,2024-07-13 09:04:31.967
BTC,SELL,0.0001,9170000.000,2024-07-13 09:04:31.967
BTC,BUY,0.0005,9170001.000,2024-07-13 09:04:32.130
BTC,SELL,0.0007,9170000.000,2024-07-13 09:04:37.471
BTC,SELL,0.0003,9170000.000,2024-07-13 09:04:44.455
BTC,SELL,0.0004,9170000.000,2024-07-13 09:04:44.455
BTC,SELL,0.0002,9170000.000,2024-07-13 09:04:44.455
BTC,SELL,0.0010,9170000.000,2024-07-13 09:04:44.455
BTC,SELL,0.0002,9170000.000,2024-07-13 09:04:51.484
BTC,BUY,0.0100,9167042.000,2024-07-13 09:05:59.159
BTC,SELL,0.0005,9171200.000,2024-07-13 09:06:55.889
BTC,BUY,0.0034,9172562.000,2024-07-13 09:10:41.253
BTC,BUY,0.0005,9172561.000,2024-07-13 09:10:44.505
BTC,BUY,0.0001,9172541.000,2024-07-13 09:12:12.651
BTC,SELL,0.0029,9171038.000,2024-07-13 09:14:08.979
BTC,BUY,0.0050,9171175.000,2024-07-13 09:15:03.685
BTC,BUY,0.0034,9171537.000,2024-07-13 09:15:11.891
BTC,BUY,0.0016,9171649.000,2024-07-13 09:15:11.891
BTC,BUY,0.0005,9172179.000,2024-07-13 09:15:20.530
BTC,BUY,0.0003,9172709.000,2024-07-13 09:15:27.242
BTC,BUY,0.0001,9173159.000,2024-07-13 09:15:33.098
BTC,BUY,0.0001,9173159.000,2024-07-13 09:16:57.209
BTC,BUY,0.0002,9173160.000,2024-07-13 09:16:58.086
BTC,BUY,0.0001,9173160.000,2024-07-13 09:18:05.604
BTC,BUY,0.0061,9182779.000,2024-07-13 09:22:11.176
BTC,BUY,0.0001,9182924.000,2024-07-13 09:22:11.554
BTC,BUY,0.0099,9183691.000,2024-07-13 09:22:11.554
BTC,BUY,0.0002,9184167.000,2024-07-13 09:22:11.948
BTC,BUY,0.0198,9184899.000,2024-07-13 09:22:11.948
BTC,BUY,0.0002,9185000.000,2024-07-13 09:22:12.976
BTC,BUY,0.0099,9189040.000,2024-07-13 09:22:13.387
BTC,BUY,0.0023,9190887.000,2024-07-13 09:22:17.570
BTC,BUY,0.0010,9191260.000,2024-07-13 09:22:40.946
BTC,BUY,0.0165,9191944.000,2024-07-13 09:22:40.946
BTC,BUY,0.0008,9194522.000,2024-07-13 09:22:56.958
BTC,BUY,0.0300,9195809.000,2024-07-13 09:23:03.463
BTC,BUY,0.0002,9196881.000,2024-07-13 09:23:12.338
BTC,BUY,0.0048,9197317.000,2024-07-13 09:23:12.338
BTC,BUY,0.0004,9197509.000,2024-07-13 09:23:18.573
BTC,BUY,0.0002,9197406.000,2024-07-13 09:23:25.128
BTC,BUY,0.1000,9200000.000,2024-07-13 09:23:34.936
BTC,BUY,0.0002,9199885.000,2024-07-13 09:24:41.090
BTC,BUY,0.0002,9199885.000,2024-07-13 09:24:41.190
BTC,BUY,0.0001,9199906.000,2024-07-13 09:24:41.755
BTC,BUY,0.0001,9197556.000,2024-07-13 09:25:50.310
BTC,BUY,0.0200,9197555.000,2024-07-13 09:26:15.937
BTC,SELL,0.0003,9193065.000,2024-07-13 09:27:25.174
BTC,BUY,0.0002,9195000.000,2024-07-13 09:27:48.661
BTC,BUY,0.0001,9199000.000,2024-07-13 09:28:34.205
BTC,BUY,0.0100,9199000.000,2024-07-13 09:29:00.342
BTC,BUY,0.0100,9199000.000,2024-07-13 09:29:00.353
BTC,BUY,0.0099,9199000.000,2024-07-13 09:29:00.595
BTC,BUY,0.0191,9199597.000,2024-07-13 09:29:00.595
BTC,BUY,0.0670,9200000.000,2024-07-13 09:29:02.773
BTC,BUY,0.0960,9200000.000,2024-07-13 09:29:03.324
BTC,BUY,0.0100,9200000.000,2024-07-13 09:29:09.660
BTC,BUY,0.0010,9200000.000,2024-07-13 09:29:12.969
BTC,BUY,0.0013,9200000.000,2024-07-13 09:29:37.963
BTC,BUY,0.0001,9200000.000,2024-07-13 09:29:43.097
BTC,BUY,0.0013,9200000.000,2024-07-13 09:29:43.463
BTC,BUY,0.0100,9200000.000,2024-07-13 09:29:52.878
BTC,BUY,0.0012,9200000.000,2024-07-13 09:30:00.967
BTC,BUY,0.0100,9200000.000,2024-07-13 09:30:08.770
BTC,BUY,0.0200,9200000.000,2024-07-13 09:30:09.236
BTC,BUY,0.0400,9200000.000,2024-07-13 09:30:16.023
BTC,BUY,0.0100,9200000.000,2024-07-13 09:30:16.025
BTC,BUY,0.0542,9200000.000,2024-07-13 09:30:16.348
BTC,BUY,0.0400,9200000.000,2024-07-13 09:30:16.549
BTC,BUY,0.0379,9200000.000,2024-07-13 09:30:16.608
BTC,BUY,0.0050,9200000.000,2024-07-13 09:30:16.608
BTC,BUY,0.0001,9200000.000,2024-07-13 09:30:16.608
BTC,BUY,0.0002,9205000.000,2024-07-13 09:30:17.596
BTC,BUY,0.0198,9206365.000,2024-07-13 09:30:17.596
BTC,BUY,0.0002,9206366.000,2024-07-13 09:30:18.473
BTC,BUY,0.0542,9206366.000,2024-07-13 09:30:18.540
BTC,BUY,0.0400,9206366.000,2024-07-13 09:30:18.662
BTC,BUY,0.0004,9208593.000,2024-07-13 09:30:25.759
BTC,BUY,0.0010,9209000.000,2024-07-13 09:30:27.195
BTC,BUY,0.0011,9210000.000,2024-07-13 09:30:29.135
BTC,BUY,0.0004,9210000.000,2024-07-13 09:30:29.135
BTC,BUY,0.0001,9210000.000,2024-07-13 09:30:29.135
BTC,BUY,0.0002,9210000.000,2024-07-13 09:30:29.135
BTC,BUY,0.0002,9211040.000,2024-07-13 09:31:04.023
BTC,SELL,0.0004,9211040.000,2024-07-13 09:31:04.794
BTC,BUY,0.0004,9220000.000,2024-07-13 09:31:06.799
BTC,SELL,0.0120,9218790.000,2024-07-13 09:31:11.643
BTC,BUY,0.0010,9218932.000,2024-07-13 09:31:14.824
BTC,SELL,0.0430,9217144.000,2024-07-13 09:31:22.619
BTC,SELL,0.0099,9219323.000,2024-07-13 09:33:16.630
BTC,BUY,0.0100,9217144.000,2024-07-13 09:33:18.805
BTC,BUY,0.0100,9217144.000,2024-07-13 09:33:28.000
BTC,BUY,0.0377,9217144.000,2024-07-13 09:33:28.248
BTC,BUY,0.0255,9217144.000,2024-07-13 09:33:28.527
BTC,BUY,0.0069,9217144.000,2024-07-13 09:33:29.018
BTC,BUY,0.0007,9220000.000,2024-07-13 09:33:29.020
BTC,BUY,0.0004,9220000.000,2024-07-13 09:33:29.020
BTC,BUY,0.0020,9220000.000,2024-07-13 09:33:29.020
BTC,BUY,0.0010,9220000.000,2024-07-13 09:33:29.020
BTC,BUY,0.0001,9220000.000,2024-07-13 09:33:29.020
BTC,BUY,0.0300,9220000.000,2024-07-13 09:33:29.020
BTC,BUY,0.0004,9220752.000,2024-07-13 09:33:29.020
BTC,BUY,0.0054,9221659.000,2024-07-13 09:33:29.020
BTC,BUY,0.0100,9221659.000,2024-07-13 09:33:30.394
BTC,BUY,0.0125,9227830.000,2024-07-13 09:33:34.476
BTC,BUY,0.0001,9229999.000,2024-07-13 09:33:35.690
BTC,SELL,0.0064,9227807.000,2024-07-13 09:34:24.828
BTC,SELL,0.0036,9227807.000,2024-07-13 09:34:24.866
BTC,SELL,0.0150,9222661.000,2024-07-13 09:34:50.495
BTC,SELL,0.0100,9222656.000,2024-07-13 09:35:15.471
BTC,SELL,0.0013,9220410.000,2024-07-13 09:35:15.471
BTC,SELL,0.0001,9220000.000,2024-07-13 09:35:15.471
BTC,SELL,0.0121,9219920.000,2024-07-13 09:35:15.471
BTC,SELL,0.0165,9219880.000,2024-07-13 09:35:15.471
BTC,SELL,0.0100,9222656.000,2024-07-13 09:35:16.964
BTC,BUY,0.0002,9228421.000,2024-07-13 09:35:21.749
BTC,BUY,0.0001,9227544.000,2024-07-13 09:35:23.200
BTC,SELL,0.1000,9227392.000,2024-07-13 09:35:25.628
BTC,SELL,0.0004,9217760.000,2024-07-13 09:35:26.973
BTC,BUY,0.0001,9220000.000,2024-07-13 09:35:35.940
BTC,BUY,0.0002,9220000.000,2024-07-13 09:35:35.940
BTC,BUY,0.0082,9222656.000,2024-07-13 09:35:35.940
BTC,BUY,0.0100,9222656.000,2024-07-13 09:35:40.843
BTC,SELL,0.0001,9220000.000,2024-07-13 09:36:51.050
BTC,SELL,0.0020,9220000.000,2024-07-13 09:36:51.050
BTC,SELL,0.0100,9217419.000,2024-07-13 09:36:51.050
BTC,SELL,0.0031,9217254.000,2024-07-13 09:36:51.050
BTC,SELL,0.0023,9216700.000,2024-07-13 09:36:51.050
BTC,SELL,0.0325,9215640.000,2024-07-13 09:36:51.050
BTC,BUY,0.0332,9220287.000,2024-07-13 09:37:17.814
BTC,BUY,0.0112,9227759.000,2024-07-13 09:37:24.491
BTC,BUY,0.0001,9228909.000,2024-07-13 09:37:30.251
BTC,BUY,0.0001,9229999.000,2024-07-13 09:38:03.432
BTC,BUY,0.1000,9224818.000,2024-07-13 09:38:24.595
BTC,BUY,0.0521,9224928.000,2024-07-13 09:38:24.595
BTC,BUY,0.0100,9226982.000,2024-07-13 09:38:24.595
BTC,BUY,0.0587,9226982.000,2024-07-13 09:38:24.595
BTC,BUY,0.0025,9228487.000,2024-07-13 09:38:24.595
BTC,BUY,0.0011,9230000.000,2024-07-13 09:38:24.595
BTC,BUY,0.0004,9230000.000,2024-07-13 09:38:24.595
BTC,BUY,0.0234,9230466.000,2024-07-13 09:38:24.595
BTC,BUY,0.0518,9231920.000,2024-07-13 09:38:24.595
BTC,BUY,0.0110,9231789.000,2024-07-13 09:38:29.313
BTC,BUY,0.0090,9232385.000,2024-07-13 09:38:29.313
BTC,BUY,0.0010,9229335.000,2024-07-13 09:39:14.566
BTC,SELL,0.0028,9224385.000,2024-07-13 09:39:33.019
BTC,BUY,0.0001,9226240.000,2024-07-13 09:40:22.617
BTC,BUY,0.0001,9227235.000,2024-07-13 09:40:47.401
BTC,BUY,0.0001,9226512.000,2024-07-13 09:41:22.699
BTC,SELL,0.0004,9222718.000,2024-07-13 09:41:34.194
BTC,BUY,0.0001,9223589.000,2024-07-13 09:41:42.090
BTC,SELL,0.0300,9224014.000,2024-07-13 09:41:52.122
BTC,BUY,0.0001,9224120.000,2024-07-13 09:42:11.961
BTC,BUY,0.0001,9228890.000,2024-07-13 09:42:38.361
BTC,SELL,0.0030,9226822.000,2024-07-13 09:46:08.480
BTC,SELL,0.0020,9226084.000,2024-07-13 09:46:36.903
BTC,SELL,0.0037,9224495.000,2024-07-13 09:46:51.472
BTC,SELL,0.0021,9223053.000,2024-07-13 09:46:56.966
BTC,SELL,0.0539,9223912.000,2024-07-13 09:47:53.631
BTC,SELL,0.0033,9223912.000,2024-07-13 09:47:54.967
BTC,BUY,0.0008,9223678.000,2024-07-13 09:48:52.107
BTC,BUY,0.0001,9225710.000,2024-07-13 09:49:07.985
BTC,BUY,0.0010,9226238.000,2024-07-13 09:49:29.357
BTC,BUY,0.0009,9223147.000,2024-07-13 09:49:49.045
BTC,BUY,0.0007,9223262.000,2024-07-13 09:49:57.061
BTC,BUY,0.0005,9224120.000,2024-07-13 09:50:03.309
BTC,SELL,0.0005,9223048.000,2024-07-13 09:51:19.235
BTC,BUY,0.0001,9228714.000,2024-07-13 09:51:50.042
BTC,BUY,0.0010,9228770.000,2024-07-13 09:52:16.732
BTC,SELL,0.0012,9229791.000,2024-07-13 09:52:22.324
BTC,BUY,0.0001,9230000.000,2024-07-13 09:52:30.922
BTC,BUY,0.0002,9230000.000,2024-07-13 09:52:30.922
BTC,BUY,0.0197,9231892.000,2024-07-13 09:52:30.922
BTC,BUY,0.0001,9232340.000,2024-07-13 09:53:00.904
BTC,BUY,0.0001,9232676.000,2024-07-13 09:53:40.668
BTC,BUY,0.0001,9233785.000,2024-07-13 09:53:40.668
BTC,BUY,0.0198,9237026.000,2024-07-13 09:53:40.668
BTC,SELL,0.0017,9237023.000,2024-07-13 09:53:45.535
BTC,SELL,0.0008,9234642.000,2024-07-13 09:54:09.961
BTC,BUY,0.0450,9234893.000,2024-07-13 09:54:17.276
BTC,BUY,0.0002,9234893.000,2024-07-13 09:54:18.342
BTC,BUY,0.0060,9235250.000,2024-07-13 09:54:27.129
BTC,BUY,0.0025,9236105.000,2024-07-13 09:54:44.666
BTC,SELL,0.0054,9236225.000,2024-07-13 09:54:50.344
BTC,BUY,0.0001,9237308.000,2024-07-13 09:55:04.288
BTC,BUY,0.0003,9237308.000,2024-07-13 09:55:09.308
BTC,BUY,0.0002,9237308.000,2024-07-13 09:55:23.141
BTC,BUY,0.0002,9237309.000,2024-07-13 09:55:36.753
BTC,BUY,0.0002,9237309.000,2024-07-13 09:55:36.753
BTC,BUY,0.0001,9239983.000,2024-07-13 09:55:36.975
BTC,BUY,0.0004,9240000.000,2024-07-13 09:55:36.975
BTC,BUY,0.0011,9240000.000,2024-07-13 09:55:36.975
BTC,BUY,0.0002,9243418.000,2024-07-13 09:55:36.975
BTC,BUY,0.0382,9244654.000,2024-07-13 09:55:36.975
BTC,BUY,0.0010,9246545.000,2024-07-13 09:55:37.217
BTC,BUY,0.0492,9246710.000,2024-07-13 09:55:38.251
BTC,BUY,0.0011,9250000.000,2024-07-13 09:55:38.644
BTC,BUY,0.0004,9250000.000,2024-07-13 09:55:38.644
BTC,BUY,0.0002,9250000.000,2024-07-13 09:55:38.644
BTC,BUY,0.0020,9250000.000,2024-07-13 09:55:38.644
BTC,BUY,0.0100,9250000.000,2024-07-13 09:55:38.644
BTC,BUY,0.0049,9250000.000,2024-07-13 09:55:38.644
BTC,BUY,0.0010,9250000.000,2024-07-13 09:55:38.947
BTC,BUY,0.0041,9250000.000,2024-07-13 09:55:38.951
BTC,BUY,0.0200,9250000.000,2024-07-13 09:55:38.951
BTC,BUY,0.0010,9250000.000,2024-07-13 09:55:38.951
BTC,BUY,0.0020,9250000.000,2024-07-13 09:55:38.951
BTC,BUY,0.0001,9250000.000,2024-07-13 09:55:38.951
BTC,BUY,0.0162,9250853.000,2024-07-13 09:55:38.951
BTC,BUY,0.0220,9251163.000,2024-07-13 09:55:38.951
BTC,SELL,0.0004,9246380.000,2024-07-13 09:55:38.961
BTC,BUY,0.0163,9251163.000,2024-07-13 09:55:38.963
BTC,BUY,0.0617,9251163.000,2024-07-13 09:55:39.002
BTC,BUY,0.0702,9252245.000,2024-07-13 09:55:39.002
BTC,BUY,0.0268,9252245.000,2024-07-13 09:55:39.005
BTC,BUY,0.0001,9252328.000,2024-07-13 09:55:39.170
BTC,BUY,0.0009,9257160.000,2024-07-13 09:55:39.170
BTC,BUY,0.0113,9257160.000,2024-07-13 09:55:39.455
BTC,BUY,0.0177,9257160.000,2024-07-13 09:55:39.537
BTC,BUY,0.0128,9259100.000,2024-07-13 09:55:39.537
BTC,BUY,0.0003,9260000.000,2024-07-13 09:55:39.537
BTC,BUY,0.0001,9260000.000,2024-07-13 09:55:39.537
BTC,BUY,0.0001,9260000.000,2024-07-13 09:55:39.537
BTC,BUY,0.0001,9260000.000,2024-07-13 09:55:39.537
BTC,BUY,0.0011,9260000.000,2024-07-13 09:55:39.537
BTC,BUY,0.0078,9260543.000,2024-07-13 09:55:39.537
BTC,BUY,0.0171,9260543.000,2024-07-13 09:55:39.644
BTC,BUY,0.0001,9260000.000,2024-07-13 09:55:39.990
BTC,BUY,0.0051,9260543.000,2024-07-13 09:55:39.990
BTC,BUY,0.0008,9261019.000,2024-07-13 09:55:39.990
BTC,BUY,0.0050,9261019.000,2024-07-13 09:55:40.005
BTC,BUY,0.0062,9261019.000,2024-07-13 09:55:40.079
BTC,BUY,0.0700,9262809.000,2024-07-13 09:55:40.079
BTC,BUY,0.0001,9264535.000,2024-07-13 09:55:40.079
BTC,BUY,0.0100,9266607.000,2024-07-13 09:55:40.079
BTC,BUY,0.0125,9267520.000,2024-07-13 09:55:40.079
BTC,SELL,0.0010,9258570.000,2024-07-13 09:55:40.615
BTC,BUY,0.0003,9270000.000,2024-07-13 09:55:40.620
BTC,BUY,0.0001,9270000.000,2024-07-13 09:55:40.620
BTC,BUY,0.0011,9270000.000,2024-07-13 09:55:40.620
BTC,BUY,0.0040,9273333.000,2024-07-13 09:55:40.620
BTC,BUY,0.0145,9275706.000,2024-07-13 09:55:40.620
BTC,BUY,0.0048,9260542.000,2024-07-13 09:55:40.896
BTC,SELL,0.0010,9261043.000,2024-07-13 09:55:41.398
BTC,BUY,0.0855,9275706.000,2024-07-13 09:55:41.654
BTC,BUY,0.0001,9277970.000,2024-07-13 09:55:41.654
BTC,BUY,0.0001,9278008.000,2024-07-13 09:55:41.654
BTC,BUY,0.0002,9278934.000,2024-07-13 09:55:41.654
BTC,BUY,0.0003,9280000.000,2024-07-13 09:55:41.654
BTC,BUY,0.0020,9280000.000,2024-07-13 09:55:41.654
BTC,BUY,0.0100,9280000.000,2024-07-13 09:55:41.654
BTC,BUY,0.0001,9280000.000,2024-07-13 09:55:41.654
BTC,BUY,0.0001,9280000.000,2024-07-13 09:55:41.654
BTC,BUY,0.0003,9290000.000,2024-07-13 09:55:41.673
BTC,BUY,0.0007,9290000.000,2024-07-13 09:55:41.673
BTC,SELL,0.0020,9275705.000,2024-07-13 09:55:41.678
BTC,BUY,0.0001,9290000.000,2024-07-13 09:55:41.785
BTC,BUY,0.0001,9290000.000,2024-07-13 09:55:41.785
BTC,BUY,0.0010,9290000.000,2024-07-13 09:55:41.785
BTC,BUY,0.0001,9290000.000,2024-07-13 09:55:41.785
BTC,SELL,0.0040,9275705.000,2024-07-13 09:55:42.547
BTC,BUY,0.0004,9292000.000,2024-07-13 09:55:43.002
BTC,BUY,0.0001,9278079.000,2024-07-13 09:55:43.266
BTC,BUY,0.0016,9278079.000,2024-07-13 09:55:43.470
BTC,SELL,0.0010,9278077.000,2024-07-13 09:55:43.678
BTC,SELL,0.0020,9278077.000,2024-07-13 09:55:44.069
BTC,BUY,0.0900,9278079.000,2024-07-13 09:55:44.286
BTC,SELL,0.0003,9278077.000,2024-07-13 09:55:44.376
BTC,BUY,0.0010,9278079.000,2024-07-13 09:55:44.413
BTC,BUY,0.0040,9278079.000,2024-07-13 09:55:44.635
BTC,SELL,0.0099,9278078.000,2024-07-13 09:55:44.793
BTC,BUY,0.0010,9278079.000,2024-07-13 09:55:45.332
BTC,BUY,0.0020,9278079.000,2024-07-13 09:55:45.524
BTC,BUY,0.0003,9278079.000,2024-07-13 09:55:45.705
BTC,BUY,0.0007,9282843.000,2024-07-13 09:55:45.705
BTC,BUY,0.0037,9278079.000,2024-07-13 09:55:46.379
BTC,SELL,0.0100,9278078.000,2024-07-13 09:55:46.488
BTC,SELL,0.0100,9278078.000,2024-07-13 09:55:46.488
BTC,BUY,0.0006,9278079.000,2024-07-13 09:55:47.822
BTC,BUY,0.0057,9278079.000,2024-07-13 09:55:48.602
BTC,BUY,0.0010,9288378.000,2024-07-13 09:55:49.316
BTC,SELL,0.0050,9282841.000,2024-07-13 09:55:50.258
BTC,SELL,0.0100,9282841.000,2024-07-13 09:55:50.790
BTC,SELL,0.0100,9282841.000,2024-07-13 09:55:52.937
BTC,SELL,0.0303,9282841.000,2024-07-13 09:55:55.812
BTC,SELL,0.0050,9282841.000,2024-07-13 09:55:55.812
BTC,SELL,0.0747,9282812.000,2024-07-13 09:55:55.812
BTC,SELL,0.0253,9282812.000,2024-07-13 09:55:56.062
BTC,SELL,0.0100,9282800.000,2024-07-13 09:55:56.387
BTC,SELL,0.0300,9280360.000,2024-07-13 09:55:58.419
BTC,SELL,0.0416,9280266.000,2024-07-13 09:55:58.783
BTC,SELL,0.0100,9280266.000,2024-07-13 09:55:59.396
BTC,BUY,0.0002,9280267.000,2024-07-13 09:56:00.983
BTC,BUY,0.0097,9280361.000,2024-07-13 09:56:00.983
BTC,SELL,0.0100,9280339.000,2024-07-13 09:56:03.565
BTC,SELL,0.0528,9276461.000,2024-07-13 09:56:05.083
BTC,SELL,0.0100,9276461.000,2024-07-13 09:56:06.602
BTC,SELL,0.0036,9272026.000,2024-07-13 09:56:11.487
BTC,BUY,0.0050,9280055.000,2024-07-13 09:56:23.815
BTC,SELL,0.0008,9274692.000,2024-07-13 09:56:36.478
BTC,BUY,0.0001,9270749.000,2024-07-13 09:56:54.335
BTC,SELL,0.0003,9270748.000,2024-07-13 09:57:04.483
BTC,SELL,0.0001,9270000.000,2024-07-13 09:57:09.117
BTC,SELL,0.0010,9270000.000,2024-07-13 09:57:09.117
BTC,SELL,0.0011,9270000.000,2024-07-13 09:57:09.117
BTC,SELL,0.0032,9265295.000,2024-07-13 09:57:18.786
BTC,SELL,0.0002,9268299.000,2024-07-13 09:57:25.697
BTC,SELL,0.0539,9267107.000,2024-07-13 09:57:28.107
BTC,SELL,0.0970,9260262.000,2024-07-13 09:57:42.420
BTC,SELL,0.0960,9260262.000,2024-07-13 09:57:42.420
BTC,SELL,0.0622,9260258.000,2024-07-13 09:57:42.420
BTC,SELL,0.0448,9260257.000,2024-07-13 09:57:42.420
BTC,BUY,0.0008,9274851.000,2024-07-13 09:57:53.364
BTC,SELL,0.0001,9274130.000,2024-07-13 09:58:06.468
BTC,SELL,0.0004,9274264.000,2024-07-13 09:58:16.473
BTC,BUY,0.0050,9273767.000,2024-07-13 09:58:20.814
BTC,SELL,0.0004,9274223.000,2024-07-13 09:58:21.974
BTC,SELL,0.0100,9272518.000,2024-07-13 09:58:36.788
BTC,SELL,0.0018,9267938.000,2024-07-13 09:58:44.013
BTC,BUY,0.0002,9264120.000,2024-07-13 09:59:02.024
BTC,BUY,0.0028,9269326.000,2024-07-13 09:59:02.024
BTC,SELL,0.0010,9261846.000,2024-07-13 09:59:02.095
BTC,SELL,0.0010,9261846.000,2024-07-13 09:59:02.202
BTC,BUY,0.0001,9270924.000,2024-07-13 09:59:36.460
BTC,BUY,0.0002,9265000.000,2024-07-13 09:59:59.509
BTC,BUY,0.0005,9273940.000,2024-07-13 10:00:02.756
BTC,BUY,0.0002,9275000.000,2024-07-13 10:00:11.878
BTC,SELL,0.0215,9270230.000,2024-07-13 10:00:38.981
BTC,BUY,0.0001,9278151.000,2024-07-13 10:00:47.089
BTC,SELL,0.0100,9278149.000,2024-07-13 10:00:47.324
BTC,SELL,0.0011,9278149.000,2024-07-13 10:00:47.465
BTC,SELL,0.0818,9278149.000,2024-07-13 10:00:47.676
BTC,BUY,0.0032,9278030.000,2024-07-13 10:01:00.406
BTC,BUY,0.0001,9276077.000,2024-07-13 10:01:36.108
BTC,SELL,0.0100,9275578.000,2024-07-13 10:01:38.640
BTC,SELL,0.0200,9275578.000,2024-07-13 10:01:39.134
BTC,BUY,0.0001,9273075.000,2024-07-13 10:02:03.343
BTC,BUY,0.0001,9271912.000,2024-07-13 10:03:29.373
BTC,SELL,0.0200,9275096.000,2024-07-13 10:04:00.596
BTC,SELL,0.0072,9274491.000,2024-07-13 10:04:02.054
BTC,SELL,0.0041,9272340.000,2024-07-13 10:04:07.476
BTC,BUY,0.0001,9270046.000,2024-07-13 10:04:40.027
BTC,SELL,0.0001,9270000.000,2024-07-13 10:05:24.273
BTC,SELL,0.0002,9270000.000,2024-07-13 10:05:24.273
BTC,SELL,0.0050,9265990.000,2024-07-13 10:05:24.273
BTC,SELL,0.0068,9265460.000,2024-07-13 10:05:24.273
BTC,SELL,0.0010,9265460.000,2024-07-13 10:05:24.319
BTC,BUY,0.0001,9271760.000,2024-07-13 10:05:29.047
BTC,SELL,0.0034,9270000.000,2024-07-13 10:05:49.957
BTC,SELL,0.1000,9270954.000,2024-07-13 10:06:13.367
BTC,SELL,0.0004,9270000.000,2024-07-13 10:06:14.968
BTC,SELL,0.0200,9270000.000,2024-07-13 10:07:00.861
BTC,SELL,0.0105,9270000.000,2024-07-13 10:07:44.474
BTC,SELL,0.0001,9270000.000,2024-07-13 10:07:54.120
BTC,SELL,0.0156,9270000.000,2024-07-13 10:07:55.238
BTC,SELL,0.0001,9270000.000,2024-07-13 10:07:55.238
BTC,SELL,0.0143,9270000.000,2024-07-13 10:07:55.238
BTC,SELL,0.0151,9270000.000,2024-07-13 10:08:45.474
BTC,BUY,0.0130,9270010.000,2024-07-13 10:09:28.384
BTC,BUY,0.0002,9270010.000,2024-07-13 10:09:29.610
BTC,BUY,0.0100,9270010.000,2024-07-13 10:09:30.351
BTC,BUY,0.0003,9270010.000,2024-07-13 10:09:32.504
BTC,BUY,0.0011,9270010.000,2024-07-13 10:09:35.164
BTC,BUY,0.0044,9270010.000,2024-07-13 10:09:39.166
BTC,BUY,0.0010,9270010.000,2024-07-13 10:09:43.279
BTC,BUY,0.0020,9280719.000,2024-07-13 10:09:44.714
BTC,BUY,0.0005,9280719.000,2024-07-13 10:10:02.600
BTC,BUY,0.0002,9280719.000,2024-07-13 10:10:20.302
BTC,BUY,0.0027,9280719.000,2024-07-13 10:10:49.229
BTC,BUY,0.0002,9281124.000,2024-07-13 10:10:49.229
BTC,BUY,0.0002,9281170.000,2024-07-13 10:10:49.229
BTC,BUY,0.0469,9286520.000,2024-07-13 10:10:49.229
BTC,BUY,0.0001,9287412.000,2024-07-13 10:11:07.925
BTC,BUY,0.0092,9287412.000,2024-07-13 10:11:09.647
BTC,BUY,0.0200,9287608.000,2024-07-13 10:11:09.647
BTC,BUY,0.0154,9288775.000,2024-07-13 10:11:09.647
BTC,BUY,0.0001,9288950.000,2024-07-13 10:11:15.006
BTC,SELL,0.0300,9286990.000,2024-07-13 10:11:21.726
BTC,SELL,0.0200,9286990.000,2024-07-13 10:11:21.999
BTC,BUY,0.0001,9284330.000,2024-07-13 10:11:29.097
BTC,SELL,0.0001,9280000.000,2024-07-13 10:11:42.360
BTC,SELL,0.0009,9280000.000,2024-07-13 10:11:44.487
BTC,SELL,0.0001,9280000.000,2024-07-13 10:11:44.487
BTC,SELL,0.0049,9280000.000,2024-07-13 10:11:44.487
BTC,BUY,0.0100,9277328.000,2024-07-13 10:11:46.077
BTC,BUY,0.0002,9280000.000,2024-07-13 10:11:46.077
BTC,BUY,0.0089,9280999.000,2024-07-13 10:11:46.077
BTC,BUY,0.0739,9281181.000,2024-07-13 10:11:46.077
BTC,SELL,0.0025,9281440.000,2024-07-13 10:12:15.647
BTC,SELL,0.0165,9281365.000,2024-07-13 10:12:15.647
BTC,BUY,0.0001,9286480.000,2024-07-13 10:12:25.785
BTC,BUY,0.0070,9286180.000,2024-07-13 10:12:34.509
BTC,SELL,0.0001,9285181.000,2024-07-13 10:12:42.157
BTC,SELL,0.0100,9285181.000,2024-07-13 10:12:42.766
BTC,BUY,0.0110,9282575.000,2024-07-13 10:13:10.186
BTC,BUY,0.0001,9282480.000,2024-07-13 10:13:16.147
BTC,BUY,0.0005,9282387.000,2024-07-13 10:13:17.418
BTC,SELL,0.0007,9281181.000,2024-07-13 10:14:10.470
BTC,BUY,0.0006,9282559.000,2024-07-13 10:14:26.695
BTC,BUY,0.0065,9280101.000,2024-07-13 10:17:02.546
BTC,SELL,0.0072,9280100.000,2024-07-13 10:17:54.465
BTC,SELL,0.0021,9280100.000,2024-07-13 10:17:59.100
BTC,SELL,0.0001,9280000.000,2024-07-13 10:19:36.570
BTC,SELL,0.0002,9280000.000,2024-07-13 10:19:36.570
BTC,SELL,0.1111,9279020.000,2024-07-13 10:19:36.570
BTC,BUY,0.0005,9279020.000,2024-07-13 10:20:02.717
BTC,BUY,0.0200,9279356.000,2024-07-13 10:20:13.095
BTC,BUY,0.0948,9279855.000,2024-07-13 10:20:13.095
BTC,BUY,0.0289,9279870.000,2024-07-13 10:20:13.095
BTC,BUY,0.1000,9280301.000,2024-07-13 10:20:13.095
BTC,BUY,0.0300,9280611.000,2024-07-13 10:20:13.095
BTC,BUY,0.0200,9280737.000,2024-07-13 10:20:13.095
BTC,BUY,0.1111,9281175.000,2024-07-13 10:20:13.095
BTC,BUY,0.0052,9281219.000,2024-07-13 10:20:13.095
BTC,SELL,0.0003,9281443.000,2024-07-13 10:20:55.545
BTC,BUY,0.0003,9282559.000,2024-07-13 10:22:14.170
BTC,SELL,0.0050,9282511.000,2024-07-13 10:26:58.361
BTC,BUY,0.0001,9281527.000,2024-07-13 10:28:40.502
BTC,BUY,0.0049,9281971.000,2024-07-13 10:28:40.502
BTC,SELL,0.0100,9281000.000,2024-07-13 10:29:07.954
BTC,SELL,0.0538,9280009.000,2024-07-13 10:29:18.160
BTC,BUY,0.0005,9280001.000,2024-07-13 10:30:02.525
BTC,SELL,0.0001,9280000.000,2024-07-13 10:30:37.223
BTC,SELL,0.0020,9266271.000,2024-07-13 10:31:02.799
BTC,SELL,0.0020,9266048.000,2024-07-13 10:31:08.657
BTC,SELL,0.0009,9266048.000,2024-07-13 10:31:29.468
BTC,SELL,0.0010,9260000.000,2024-07-13 10:31:45.838
BTC,SELL,0.0001,9260000.000,2024-07-13 10:31:52.005
BTC,SELL,0.0035,9260000.000,2024-07-13 10:31:52.005
BTC,SELL,0.0002,9260000.000,2024-07-13 10:31:52.005
BTC,SELL,0.0010,9260000.000,2024-07-13 10:31:52.005
BTC,SELL,0.0100,9259000.000,2024-07-13 10:31:52.005
BTC,SELL,0.1000,9258994.000,2024-07-13 10:31:52.005
BTC,SELL,0.1124,9257594.000,2024-07-13 10:31:52.005
BTC,SELL,0.0300,9256618.000,2024-07-13 10:31:52.005
BTC,SELL,0.0100,9252281.000,2024-07-13 10:31:52.005
BTC,SELL,0.0170,9251301.000,2024-07-13 10:31:52.005
BTC,SELL,0.0004,9250000.000,2024-07-13 10:31:52.005
BTC,SELL,0.0011,9250000.000,2024-07-13 10:31:52.005
BTC,SELL,0.0003,9250000.000,2024-07-13 10:31:52.005
BTC,SELL,0.0010,9250000.000,2024-07-13 10:31:52.005
BTC,SELL,0.0100,9250000.000,2024-07-13 10:31:52.005
BTC,SELL,0.0010,9250000.000,2024-07-13 10:31:52.005
BTC,SELL,0.0001,9250000.000,2024-07-13 10:31:52.005
BTC,SELL,0.0100,9249923.000,2024-07-13 10:31:52.005
BTC,SELL,0.0119,9249030.000,2024-07-13 10:31:52.005
BTC,SELL,0.0002,9258331.000,2024-07-13 10:32:21.647
BTC,SELL,0.0001,9250000.000,2024-07-13 10:32:21.647
BTC,SELL,0.0003,9247777.000,2024-07-13 10:32:21.647
BTC,SELL,0.0002,9250748.000,2024-07-13 10:33:41.198
BTC,SELL,0.0001,9250000.000,2024-07-13 10:33:41.198
BTC,SELL,0.0002,9243232.000,2024-07-13 10:33:41.198
BTC,BUY,0.0020,9251123.000,2024-07-13 10:34:21.224
BTC,BUY,0.0001,9249426.000,2024-07-13 10:34:57.013
BTC,BUY,0.0050,9248103.000,2024-07-13 10:35:04.776
BTC,SELL,0.0069,9255004.000,2024-07-13 10:36:12.793
BTC,SELL,0.0002,9255000.000,2024-07-13 10:36:12.793
BTC,SELL,0.0029,9252943.000,2024-07-13 10:36:12.793
BTC,SELL,0.0200,9252943.000,2024-07-13 10:36:12.797
BTC,SELL,0.0002,9246194.000,2024-07-13 10:37:15.937
BTC,SELL,0.0002,9245000.000,2024-07-13 10:37:36.465
BTC,SELL,0.0198,9244319.000,2024-07-13 10:37:36.465
BTC,SELL,0.0500,9243315.000,2024-07-13 10:37:38.965
BTC,SELL,0.0004,9240000.000,2024-07-13 10:37:42.748
BTC,SELL,0.0001,9240000.000,2024-07-13 10:37:42.748
BTC,BUY,0.0005,9243061.000,2024-07-13 10:38:10.490
BTC,BUY,0.0048,9240001.000,2024-07-13 10:38:32.715
BTC,BUY,0.0152,9242941.000,2024-07-13 10:38:32.715
BTC,SELL,0.0100,9242303.000,2024-07-13 10:40:08.879
BTC,SELL,0.0100,9242303.000,2024-07-13 10:40:09.004
BTC,SELL,0.0100,9242303.000,2024-07-13 10:40:09.422
BTC,SELL,0.0100,9242303.000,2024-07-13 10:40:09.937
BTC,BUY,0.0050,9240365.000,2024-07-13 10:40:16.669
BTC,SELL,0.0100,9240243.000,2024-07-13 10:40:26.150
BTC,SELL,0.0100,9240243.000,2024-07-13 10:40:26.152
BTC,SELL,0.0100,9240093.000,2024-07-13 10:40:35.866
BTC,SELL,0.0010,9240000.000,2024-07-13 10:41:04.127
BTC,SELL,0.0010,9240000.000,2024-07-13 10:41:04.127
BTC,SELL,0.0010,9240000.000,2024-07-13 10:41:04.127
BTC,SELL,0.0002,9240000.000,2024-07-13 10:41:04.127
BTC,SELL,0.0168,9239302.000,2024-07-13 10:41:04.127
BTC,BUY,0.0080,9235001.000,2024-07-13 10:41:28.698
BTC,SELL,0.0100,9235000.000,2024-07-13 10:41:49.039
BTC,SELL,0.0100,9235000.000,2024-07-13 10:41:49.576
BTC,SELL,0.0200,9235000.000,2024-07-13 10:41:50.037
BTC,SELL,0.0050,9235000.000,2024-07-13 10:41:50.075
BTC,SELL,0.0100,9235000.000,2024-07-13 10:41:50.516
BTC,SELL,0.0050,9235000.000,2024-07-13 10:41:50.544
BTC,SELL,0.0100,9235000.000,2024-07-13 10:41:50.648
BTC,BUY,0.0095,9235105.000,2024-07-13 10:42:46.894
BTC,BUY,0.0005,9235105.000,2024-07-13 10:42:46.894
BTC,BUY,0.0054,9236413.000,2024-07-13 10:43:33.992
BTC,BUY,0.0100,9235001.000,2024-07-13 10:44:25.369
BTC,BUY,0.0270,9235001.000,2024-07-13 10:44:25.369
BTC,BUY,0.0090,9235001.000,2024-07-13 10:44:51.398
BTC,SELL,0.0137,9235000.000,2024-07-13 10:45:11.587
BTC,BUY,0.0030,9235001.000,2024-07-13 10:46:33.158
BTC,SELL,0.0020,9235000.000,2024-07-13 10:47:09.029
BTC,SELL,0.0143,9235000.000,2024-07-13 10:47:11.492
BTC,SELL,0.0002,9235000.000,2024-07-13 10:47:11.492
BTC,SELL,0.0012,9234000.000,2024-07-13 10:47:11.492
BTC,SELL,0.0001,9233589.000,2024-07-13 10:47:11.492
BTC,SELL,0.0001,9231515.000,2024-07-13 10:47:11.492
BTC,SELL,0.0004,9230000.000,2024-07-13 10:47:11.492
BTC,SELL,0.0011,9230000.000,2024-07-13 10:47:11.492
BTC,SELL,0.0002,9230000.000,2024-07-13 10:47:11.492
BTC,SELL,0.0180,9229149.000,2024-07-13 10:47:11.492
BTC,BUY,0.0050,9236000.000,2024-07-13 10:50:22.457
BTC,BUY,0.0050,9236000.000,2024-07-13 10:50:22.951
BTC,BUY,0.0300,9236000.000,2024-07-13 10:50:30.097
BTC,BUY,0.0200,9236000.000,2024-07-13 10:50:42.343
BTC,BUY,0.0200,9236000.000,2024-07-13 10:50:46.825
BTC,BUY,0.0200,9236000.000,2024-07-13 10:50:47.409
BTC,BUY,0.0200,9236000.000,2024-07-13 10:50:47.821
BTC,BUY,0.0200,9236000.000,2024-07-13 10:50:47.917
BTC,BUY,0.0200,9236000.000,2024-07-13 10:50:49.339
BTC,BUY,0.0200,9236000.000,2024-07-13 10:50:50.331
BTC,BUY,0.0100,9236000.000,2024-07-13 10:50:50.872
BTC,BUY,0.0200,9236000.000,2024-07-13 10:50:51.350
BTC,BUY,0.0100,9236000.000,2024-07-13 10:50:51.382
BTC,BUY,0.0540,9236000.000,2024-07-13 10:50:51.765
BTC,BUY,0.0210,9236000.000,2024-07-13 10:50:52.432
BTC,BUY,0.0050,9236000.000,2024-07-13 10:50:52.651
BTC,BUY,0.0125,9236756.000,2024-07-13 10:50:53.566
BTC,BUY,0.0001,9240223.000,2024-07-13 10:51:23.664
BTC,SELL,0.0200,9237421.000,2024-07-13 10:51:26.027
BTC,BUY,0.0009,9238518.000,2024-07-13 10:52:08.835
BTC,BUY,0.0001,9238041.000,2024-07-13 10:52:26.162
BTC,BUY,0.0008,9238320.000,2024-07-13 10:52:40.859
BTC,BUY,0.0490,9238226.000,2024-07-13 10:53:08.172
BTC,BUY,0.0100,9238068.000,2024-07-13 10:53:17.848
BTC,BUY,0.0040,9237696.000,2024-07-13 10:53:31.245
BTC,BUY,0.0004,9240117.000,2024-07-13 10:53:53.322
BTC,BUY,0.0001,9240223.000,2024-07-13 10:53:53.322
BTC,BUY,0.0004,9240343.000,2024-07-13 10:53:53.322
BTC,SELL,0.0396,9236430.000,2024-07-13 10:54:01.627
BTC,SELL,0.0594,9236421.000,2024-07-13 10:54:01.627
BTC,BUY,0.0001,9240250.000,2024-07-13 10:54:03.289
BTC,BUY,0.0011,9238253.000,2024-07-13 10:55:04.131
BTC,BUY,0.0489,9239033.000,2024-07-13 10:55:04.131
BTC,BUY,0.0001,9244241.000,2024-07-13 10:55:39.957
BTC,BUY,0.0001,9245149.000,2024-07-13 10:56:13.836
BTC,BUY,0.0001,9246360.000,2024-07-13 10:56:13.836
BTC,BUY,0.0002,9242914.000,2024-07-13 10:56:52.508
BTC,BUY,0.0100,9242001.000,2024-07-13 11:01:40.158
BTC,BUY,0.0100,9242001.000,2024-07-13 11:01:40.158
BTC,BUY,0.0023,9242001.000,2024-07-13 11:01:43.710
BTC,BUY,0.0001,9242001.000,2024-07-13 11:01:46.312
BTC,SELL,0.0001,9236000.000,2024-07-13 11:04:33.129
BTC,SELL,0.0001,9236000.000,2024-07-13 11:04:33.129
BTC,SELL,0.0333,9235610.000,2024-07-13 11:04:33.129
BTC,SELL,0.0100,9235610.000,2024-07-13 11:04:52.030
BTC,SELL,0.0100,9235610.000,2024-07-13 11:04:52.518
BTC,BUY,0.0001,9241306.000,2024-07-13 11:06:29.757
BTC,BUY,0.0004,9241517.000,2024-07-13 11:06:29.757
BTC,SELL,0.0001,9238818.000,2024-07-13 11:06:31.295
BTC,SELL,0.0020,9238818.000,2024-07-13 11:06:31.295
BTC,SELL,0.0100,9237421.000,2024-07-13 11:06:31.295
BTC,SELL,0.0370,9237420.000,2024-07-13 11:06:31.295
BTC,SELL,0.0790,9237410.000,2024-07-13 11:06:31.295
BTC,SELL,0.0050,9237300.000,2024-07-13 11:06:31.295
BTC,SELL,0.0300,9237166.000,2024-07-13 11:06:31.295
BTC,SELL,0.0200,9236199.000,2024-07-13 11:06:31.295
BTC,SELL,0.0169,9235610.000,2024-07-13 11:06:31.295
BTC,BUY,0.0001,9235939.000,2024-07-13 11:08:01.099
BTC,BUY,0.0002,9235611.000,2024-07-13 11:09:00.653
BTC,BUY,0.0010,9235611.000,2024-07-13 11:09:36.111
BTC,BUY,0.0010,9235658.000,2024-07-13 11:12:45.612
BTC,BUY,0.0038,9235659.000,2024-07-13 11:16:20.442
BTC,BUY,0.0062,9235663.000,2024-07-13 11:16:20.442
BTC,BUY,0.0005,9235665.000,2024-07-13 11:18:00.969
BTC,SELL,0.0078,9235659.000,2024-07-13 11:18:34.662
BTC,SELL,0.1100,9235658.000,2024-07-13 11:18:34.662
BTC,SELL,0.0198,9235610.000,2024-07-13 11:18:34.662
BTC,SELL,0.0374,9233227.000,2024-07-13 11:18:34.662
BTC,SELL,0.0126,9233227.000,2024-07-13 11:20:42.096
BTC,SELL,0.0100,9230837.000,2024-07-13 11:20:42.096
BTC,SELL,0.0200,9230836.000,2024-07-13 11:20:42.096
BTC,SELL,0.0002,9230000.000,2024-07-13 11:20:42.096
BTC,SELL,0.0001,9230000.000,2024-07-13 11:20:42.096
BTC,SELL,0.0010,9230000.000,2024-07-13 11:20:42.096
BTC,SELL,0.0097,9229323.000,2024-07-13 11:20:42.096
BTC,SELL,0.0004,9229309.000,2024-07-13 11:20:42.096
BTC,SELL,0.0200,9230178.000,2024-07-13 11:24:08.561
BTC,SELL,0.0541,9230176.000,2024-07-13 11:24:08.561
BTC,SELL,0.0200,9229739.000,2024-07-13 11:24:08.561
BTC,SELL,0.0007,9229309.000,2024-07-13 11:24:08.561
BTC,BUY,0.0010,9229309.000,2024-07-13 11:24:58.925
BTC,BUY,0.0042,9229309.000,2024-07-13 11:25:12.376
BTC,BUY,0.0135,9241079.000,2024-07-13 11:27:06.553
BTC,BUY,0.0100,9242229.000,2024-07-13 11:27:06.553
BTC,BUY,0.0700,9242749.000,2024-07-13 11:27:06.553
BTC,BUY,0.0065,9242922.000,2024-07-13 11:27:06.553
BTC,BUY,0.0100,9243201.000,2024-07-13 11:27:08.996
BTC,BUY,0.0100,9243202.000,2024-07-13 11:27:08.996
BTC,BUY,0.0300,9243374.000,2024-07-13 11:27:08.996
BTC,BUY,0.0490,9243840.000,2024-07-13 11:27:47.908
BTC,BUY,0.0001,9245266.000,2024-07-13 11:28:22.366
BTC,BUY,0.0039,9245359.000,2024-07-13 11:28:22.366
BTC,SELL,0.0300,9240084.000,2024-07-13 11:28:22.842
BTC,BUY,0.0008,9248657.000,2024-07-13 11:28:35.699
BTC,BUY,0.0001,9249640.000,2024-07-13 11:28:49.328
BTC,SELL,0.0113,9249887.000,2024-07-13 11:28:52.221
BTC,BUY,0.0020,9250000.000,2024-07-13 11:29:20.618
BTC,SELL,0.0010,9248500.000,2024-07-13 11:29:41.156
BTC,SELL,0.0010,9248490.000,2024-07-13 11:29:58.487
BTC,SELL,0.0010,9248490.000,2024-07-13 11:30:04.884
BTC,SELL,0.0010,9248621.000,2024-07-13 11:30:12.923
BTC,SELL,0.0010,9248621.000,2024-07-13 11:30:18.675
BTC,BUY,0.0001,9248766.000,2024-07-13 11:30:35.423
BTC,BUY,0.0001,9249045.000,2024-07-13 11:30:43.802
BTC,BUY,0.0030,9250000.000,2024-07-13 11:30:56.551
BTC,BUY,0.0002,9250000.000,2024-07-13 11:30:56.551
BTC,BUY,0.0007,9252812.000,2024-07-13 11:31:05.757
BTC,BUY,0.0001,9253091.000,2024-07-13 11:31:05.757
BTC,BUY,0.0238,9253094.000,2024-07-13 11:31:05.757
BTC,BUY,0.0002,9254005.000,2024-07-13 11:35:13.899
BTC,BUY,0.0001,9254932.000,2024-07-13 11:35:13.899
BTC,BUY,0.0097,9257130.000,2024-07-13 11:35:13.899
BTC,SELL,0.0020,9254693.000,2024-07-13 11:36:15.926
BTC,BUY,0.0100,9254694.000,2024-07-13 11:36:18.584
BTC,BUY,0.0030,9251944.000,2024-07-13 11:36:49.358
BTC,SELL,0.0010,9254087.000,2024-07-13 11:37:03.081
BTC,SELL,0.0001,9251051.000,2024-07-13 11:37:54.175
BTC,SELL,0.0016,9252880.000,2024-07-13 11:38:49.503
BTC,SELL,0.0001,9253147.000,2024-07-13 11:39:18.456
BTC,SELL,0.0010,9254120.000,2024-07-13 11:42:37.885
BTC,BUY,0.0292,9255298.000,2024-07-13 11:46:11.981
BTC,BUY,0.0004,9255663.000,2024-07-13 11:46:11.981
BTC,BUY,0.0004,9257083.000,2024-07-13 11:46:11.981
BTC,BUY,0.0029,9255439.000,2024-07-13 11:46:30.073
BTC,BUY,0.0001,9256867.000,2024-07-13 11:46:49.913
BTC,BUY,0.0117,9256960.000,2024-07-13 11:46:49.913
BTC,BUY,0.0182,9256960.000,2024-07-13 11:46:49.913
BTC,BUY,0.0231,9257084.000,2024-07-13 11:48:02.542
BTC,BUY,0.0004,9257941.000,2024-07-13 11:48:02.542
BTC,BUY,0.0797,9258183.000,2024-07-13 11:48:02.542
BTC,BUY,0.0001,9258083.000,2024-07-13 11:48:15.160
BTC,SELL,0.0001,9254954.000,2024-07-13 11:49:24.433
BTC,BUY,0.0027,9255153.000,2024-07-13 11:50:17.981
BTC,BUY,0.0050,9256450.000,2024-07-13 11:50:21.233
BTC,SELL,0.0136,9257159.000,2024-07-13 11:51:48.154
BTC,SELL,0.0864,9257158.000,2024-07-13 11:51:48.154
BTC,BUY,0.0001,9259060.000,2024-07-13 11:52:08.297
BTC,BUY,0.0002,9259072.000,2024-07-13 11:53:26.514
BTC,BUY,0.0001,9260000.000,2024-07-13 11:54:58.834
BTC,SELL,0.0050,9259999.000,2024-07-13 11:55:47.920
BTC,SELL,0.0030,9259999.000,2024-07-13 11:55:52.699
BTC,BUY,0.0001,9260000.000,2024-07-13 11:56:01.221
BTC,BUY,0.0001,9259114.000,2024-07-13 11:59:54.612
BTC,BUY,0.0006,9259114.000,2024-07-13 11:59:57.507
BTC,BUY,0.0200,9259578.000,2024-07-13 11:59:57.507
BTC,BUY,0.0094,9259579.000,2024-07-13 11:59:57.507
BTC,BUY,0.0300,9259630.000,2024-07-13 12:00:10.159
BTC,BUY,0.0098,9260000.000,2024-07-13 12:00:21.541
BTC,BUY,0.0011,9260000.000,2024-07-13 12:00:21.541
BTC,BUY,0.0001,9260000.000,2024-07-13 12:00:21.541
BTC,BUY,0.0002,9260000.000,2024-07-13 12:00:21.541
BTC,BUY,0.0188,9260335.000,2024-07-13 12:00:21.541
BTC,SELL,0.0003,9258772.000,2024-07-13 12:01:40.799
BTC,SELL,0.0006,9255000.000,2024-07-13 12:01:40.799
BTC,SELL,0.0001,9254795.000,2024-07-13 12:01:40.799
BTC,SELL,0.0100,9254121.000,2024-07-13 12:01:40.799
BTC,SELL,0.0050,9254120.000,2024-07-13 12:01:40.799
BTC,SELL,0.0003,9254000.000,2024-07-13 12:01:40.799
BTC,SELL,0.0376,9252777.000,2024-07-13 12:01:40.799
BTC,BUY,0.0050,9252779.000,2024-07-13 12:02:01.177
BTC,BUY,0.0025,9254119.000,2024-07-13 12:02:23.994
BTC,BUY,0.0001,9258854.000,2024-07-13 12:02:56.985
BTC,BUY,0.0299,9259607.000,2024-07-13 12:02:56.985
BTC,BUY,0.0050,9258701.000,2024-07-13 12:03:02.967
BTC,BUY,0.0004,9258761.000,2024-07-13 12:03:02.967
BTC,BUY,0.0001,9260000.000,2024-07-13 12:03:02.967
BTC,BUY,0.0165,9260010.000,2024-07-13 12:03:02.967
BTC,SELL,0.0001,9250000.000,2024-07-13 12:05:42.260
BTC,SELL,0.0050,9248815.000,2024-07-13 12:05:42.260
BTC,SELL,0.0001,9248000.000,2024-07-13 12:05:42.260
BTC,SELL,0.0102,9247203.000,2024-07-13 12:05:42.260
BTC,BUY,0.0020,9247439.000,2024-07-13 12:06:08.357
BTC,BUY,0.0002,9250185.000,2024-07-13 12:06:58.241
BTC,BUY,0.0050,9250590.000,2024-07-13 12:07:00.849
BTC,BUY,0.0001,9251099.000,2024-07-13 12:07:46.197
BTC,BUY,0.0079,9250996.000,2024-07-13 12:08:05.707
BTC,BUY,0.0001,9250997.000,2024-07-13 12:08:05.707
BTC,BUY,0.0220,9251100.000,2024-07-13 12:08:05.707
BTC,BUY,0.0010,9250997.000,2024-07-13 12:09:20.165
BTC,BUY,0.0015,9245595.000,2024-07-13 12:11:13.590
BTC,SELL,0.0165,9244170.000,2024-07-13 12:11:15.578
BTC,SELL,0.1000,9244033.000,2024-07-13 12:11:15.578
BTC,SELL,0.0299,9243230.000,2024-07-13 12:11:15.578
BTC,SELL,0.0285,9240004.000,2024-07-13 12:11:15.578
BTC,SELL,0.0001,9240000.000,2024-07-13 12:11:15.578
BTC,SELL,0.0010,9240000.000,2024-07-13 12:11:15.578
BTC,SELL,0.0001,9240000.000,2024-07-13 12:11:15.578
BTC,SELL,0.0002,9239914.000,2024-07-13 12:11:15.578
BTC,SELL,0.0300,9239106.000,2024-07-13 12:11:15.578
BTC,SELL,0.0300,9238757.000,2024-07-13 12:11:15.578
BTC,SELL,0.0100,9231921.000,2024-07-13 12:11:15.578
BTC,SELL,0.0109,9231920.000,2024-07-13 12:11:15.578
BTC,SELL,0.0541,9231869.000,2024-07-13 12:11:15.578
BTC,SELL,0.0100,9230758.000,2024-07-13 12:11:15.578
BTC,SELL,0.0011,9230000.000,2024-07-13 12:11:15.578
BTC,BUY,0.0590,9230000.000,2024-07-13 12:11:16.180
BTC,BUY,0.0122,9230000.000,2024-07-13 12:11:16.214
BTC,BUY,0.0460,9230000.000,2024-07-13 12:11:16.253
BTC,BUY,0.0034,9230000.000,2024-07-13 12:11:17.173
BTC,BUY,0.0100,9230000.000,2024-07-13 12:11:19.244
BTC,BUY,0.0045,9230000.000,2024-07-13 12:11:19.636
BTC,BUY,0.0010,9230000.000,2024-07-13 12:11:20.213
BTC,BUY,0.0100,9230000.000,2024-07-13 12:11:21.084
BTC,BUY,0.0200,9230000.000,2024-07-13 12:11:22.124
BTC,BUY,0.0100,9230000.000,2024-07-13 12:11:22.255
BTC,BUY,0.0100,9230000.000,2024-07-13 12:11:22.678
BTC,BUY,0.0100,9230000.000,2024-07-13 12:11:22.687
BTC,BUY,0.0100,9230000.000,2024-07-13 12:11:23.435
BTC,BUY,0.0100,9230000.000,2024-07-13 12:11:24.716
BTC,SELL,0.0022,9229999.000,2024-07-13 12:11:25.032
BTC,BUY,0.0100,9230000.000,2024-07-13 12:11:27.373
BTC,BUY,0.0004,9230000.000,2024-07-13 12:11:30.892
BTC,BUY,0.0100,9230000.000,2024-07-13 12:11:32.621
BTC,BUY,0.0001,9239884.000,2024-07-13 12:11:41.768
BTC,SELL,0.0002,9239883.000,2024-07-13 12:11:46.597
BTC,SELL,0.0008,9239229.000,2024-07-13 12:11:46.597
BTC,BUY,0.0073,9240000.000,2024-07-13 12:12:23.990
BTC,SELL,0.0010,9239229.000,2024-07-13 12:12:25.481
BTC,BUY,0.0001,9239999.000,2024-07-13 12:13:02.519
BTC,BUY,0.0020,9240000.000,2024-07-13 12:13:39.080
BTC,BUY,0.0001,9240000.000,2024-07-13 12:17:03.036
BTC,SELL,0.0102,9239998.000,2024-07-13 12:17:03.739
BTC,SELL,0.0101,9236046.000,2024-07-13 12:17:03.739
BTC,SELL,0.0050,9236045.000,2024-07-13 12:17:03.739
BTC,SELL,0.0100,9236000.000,2024-07-13 12:17:03.739
BTC,SELL,0.0068,9235218.000,2024-07-13 12:17:03.739
BTC,SELL,0.0200,9235099.000,2024-07-13 12:17:03.739
BTC,SELL,0.0002,9235000.000,2024-07-13 12:17:03.739
BTC,SELL,0.5000,9232070.000,2024-07-13 12:17:03.739
BTC,SELL,0.5000,9231540.000,2024-07-13 12:17:03.739
BTC,SELL,0.0400,9230481.000,2024-07-13 12:17:03.739
BTC,SELL,0.3094,9230480.000,2024-07-13 12:17:03.739
BTC,SELL,0.0002,9235196.000,2024-07-13 12:17:22.683
BTC,BUY,0.0102,9241712.000,2024-07-13 12:18:24.712
BTC,BUY,0.0300,9241713.000,2024-07-13 12:18:24.712
BTC,BUY,0.0687,9243137.000,2024-07-13 12:18:24.712
BTC,BUY,0.0111,9243629.000,2024-07-13 12:18:24.712
BTC,BUY,0.0100,9243953.000,2024-07-13 12:19:15.672
BTC,BUY,0.0033,9243953.000,2024-07-13 12:20:30.122
BTC,BUY,0.0050,9246123.000,2024-07-13 12:21:24.156
BTC,BUY,0.0477,9246500.000,2024-07-13 12:21:24.156
BTC,BUY,0.0273,9246500.000,2024-07-13 12:21:24.156
BTC,BUY,0.0125,9247840.000,2024-07-13 12:21:24.809
BTC,BUY,0.0289,9249129.000,2024-07-13 12:21:26.367
BTC,BUY,0.0045,9249523.000,2024-07-13 12:21:26.367
BTC,BUY,0.0003,9256350.000,2024-07-13 12:21:35.841
BTC,BUY,0.0004,9257000.000,2024-07-13 12:21:48.577
BTC,BUY,0.0146,9259000.000,2024-07-13 12:22:16.198
BTC,BUY,0.0011,9260000.000,2024-07-13 12:22:16.198
BTC,BUY,0.0001,9260000.000,2024-07-13 12:22:16.198
BTC,BUY,0.0025,9261370.000,2024-07-13 12:22:16.198
BTC,BUY,0.0964,9264115.000,2024-07-13 12:22:16.198
BTC,BUY,0.0253,9264145.000,2024-07-13 12:22:16.198
BTC,SELL,0.0800,9263782.000,2024-07-13 12:22:18.344
BTC,BUY,0.0001,9267557.000,2024-07-13 12:22:55.211
BTC,BUY,0.0002,9270000.000,2024-07-13 12:22:55.211
BTC,BUY,0.0200,9269906.000,2024-07-13 12:23:00.045
BTC,BUY,0.0005,9267978.000,2024-07-13 12:23:16.164
BTC,BUY,0.0004,9267707.000,2024-07-13 12:23:24.337
BTC,BUY,0.0130,9267770.000,2024-07-13 12:23:24.337
BTC,BUY,0.0162,9268901.000,2024-07-13 12:23:24.337
BTC,BUY,0.0154,9268902.000,2024-07-13 12:23:24.337
BTC,BUY,0.0004,9265761.000,2024-07-13 12:23:27.993
BTC,BUY,0.0002,9265761.000,2024-07-13 12:23:30.792
BTC,BUY,0.0001,9266541.000,2024-07-13 12:23:30.792
BTC,BUY,0.0001,9265761.000,2024-07-13 12:24:16.324
BTC,BUY,0.0001,9265761.000,2024-07-13 12:24:17.839
BTC,BUY,0.0078,9266085.000,2024-07-13 12:24:17.839
BTC,BUY,0.0002,9265761.000,2024-07-13 12:24:37.517
BTC,BUY,0.0005,9265761.000,2024-07-13 12:24:38.102
BTC,SELL,0.0032,9265760.000,2024-07-13 12:24:38.929
BTC,SELL,0.0068,9265224.000,2024-07-13 12:24:38.929
BTC,BUY,0.0003,9264884.000,2024-07-13 12:24:51.356
BTC,BUY,0.0002,9265000.000,2024-07-13 12:27:56.752
BTC,BUY,0.0098,9268250.000,2024-07-13 12:27:56.752
BTC,BUY,0.0002,9268090.000,2024-07-13 12:28:06.884
BTC,BUY,0.0002,9268787.000,2024-07-13 12:29:53.600
BTC,BUY,0.0002,9268787.000,2024-07-13 12:29:53.710
BTC,SELL,0.0010,9268090.000,2024-07-13 12:30:11.177
BTC,SELL,0.0007,9268031.000,2024-07-13 12:31:24.618
BTC,SELL,0.0002,9268011.000,2024-07-13 12:31:24.618
BTC,SELL,0.0001,9268000.000,2024-07-13 12:31:24.618
BTC,SELL,0.0124,9268000.000,2024-07-13 12:35:04.806
BTC,SELL,0.0413,9267921.000,2024-07-13 12:35:04.806
BTC,BUY,0.0009,9270000.000,2024-07-13 12:38:10.958
BTC,BUY,0.0004,9270000.000,2024-07-13 12:38:10.958
BTC,BUY,0.0001,9270000.000,2024-07-13 12:38:10.958
BTC,BUY,0.0001,9271112.000,2024-07-13 12:38:10.958
BTC,BUY,0.0005,9271122.000,2024-07-13 12:38:10.958
BTC,BUY,0.0002,9275000.000,2024-07-13 12:39:06.150
BTC,BUY,0.0413,9276000.000,2024-07-13 12:39:06.150
BTC,BUY,0.0002,9276001.000,2024-07-13 12:39:06.150
BTC,BUY,0.0063,9278765.000,2024-07-13 12:39:06.150
BTC,BUY,0.0050,9278770.000,2024-07-13 12:39:44.859
