symbol,side,size,price,timestamp
BTC,BUY,0.0039,9355950.000,2024-07-06 21:00:03.756
BTC,BUY,0.0002,9357095.000,2024-07-06 21:00:18.381
BTC,BUY,0.0002,9357270.000,2024-07-06 21:00:25.897
BTC,BUY,0.0010,9357270.000,2024-07-06 21:00:26.078
BTC,BUY,0.0002,9357125.000,2024-07-06 21:00:27.816
BTC,BUY,0.0001,9360470.000,2024-07-06 21:00:49.222
BTC,BUY,0.0001,9364195.000,2024-07-06 21:00:59.770
BTC,BUY,0.0002,9365000.000,2024-07-06 21:01:28.354
BTC,BUY,0.0002,9366346.000,2024-07-06 21:01:28.354
BTC,BUY,0.0486,9369820.000,2024-07-06 21:01:28.354
BTC,BUY,0.0001,9369585.000,2024-07-06 21:01:43.740
BTC,BUY,0.0038,9369585.000,2024-07-06 21:01:48.917
BTC,BUY,0.0007,9371526.000,2024-07-06 21:01:48.917
BTC,BUY,0.0005,9374578.000,2024-07-06 21:01:58.185
BTC,BUY,0.0001,9374581.000,2024-07-06 21:02:07.046
BTC,BUY,0.0020,9375000.000,2024-07-06 21:02:16.748
BTC,BUY,0.0010,9378888.000,2024-07-06 21:02:16.748
BTC,BUY,0.0700,9384249.000,2024-07-06 21:03:02.195
BTC,BUY,0.0165,9385717.000,2024-07-06 21:03:02.195
BTC,BUY,0.0010,9388888.000,2024-07-06 21:03:02.195
BTC,BUY,0.0126,9389381.000,2024-07-06 21:03:02.195
BTC,BUY,0.0300,9389460.000,2024-07-06 21:03:02.195
BTC,BUY,0.0003,9390000.000,2024-07-06 21:03:02.195
BTC,BUY,0.0008,9390000.000,2024-07-06 21:03:02.195
BTC,BUY,0.0001,9390000.000,2024-07-06 21:03:02.195
BTC,BUY,0.0006,9390000.000,2024-07-06 21:03:02.195
BTC,SELL,0.0100,9390000.000,2024-07-06 21:03:07.760
BTC,SELL,0.0100,9390000.000,2024-07-06 21:03:07.762
BTC,SELL,0.0050,9390000.000,2024-07-06 21:03:07.802
BTC,SELL,0.0363,9390000.000,2024-07-06 21:03:07.886
BTC,SELL,0.0050,9390000.000,2024-07-06 21:03:08.317
BTC,SELL,0.0199,9390000.000,2024-07-06 21:03:08.725
BTC,SELL,0.0200,9390000.000,2024-07-06 21:03:08.780
BTC,SELL,0.0050,9390000.000,2024-07-06 21:03:08.822
BTC,SELL,0.0739,9390000.000,2024-07-06 21:03:17.293
BTC,SELL,0.0124,9390000.000,2024-07-06 21:03:22.459
BTC,SELL,0.0124,9385000.000,2024-07-06 21:03:49.728
BTC,SELL,0.0124,9385000.000,2024-07-06 21:03:52.845
BTC,SELL,0.0124,9385000.000,2024-07-06 21:03:56.852
BTC,SELL,0.0199,9385000.000,2024-07-06 21:04:00.970
BTC,SELL,0.0020,9385000.000,2024-07-06 21:04:23.057
BTC,BUY,0.0002,9385001.000,2024-07-06 21:04:32.432
BTC,BUY,0.0002,9388238.000,2024-07-06 21:04:43.987
BTC,BUY,0.0001,9390142.000,2024-07-06 21:04:57.538
BTC,BUY,0.0001,9390142.000,2024-07-06 21:04:57.574
BTC,BUY,0.0020,9393000.000,2024-07-06 21:04:57.574
BTC,BUY,0.0121,9393840.000,2024-07-06 21:04:57.574
BTC,BUY,0.0700,9393918.000,2024-07-06 21:04:57.574
BTC,BUY,0.0010,9393999.000,2024-07-06 21:04:57.574
BTC,BUY,0.0010,9394509.000,2024-07-06 21:04:57.574
BTC,BUY,0.0002,9395000.000,2024-07-06 21:04:57.574
BTC,BUY,0.0010,9398888.000,2024-07-06 21:04:57.574
BTC,BUY,0.0050,9399000.000,2024-07-06 21:04:57.574
BTC,BUY,0.0020,9399000.000,2024-07-06 21:04:57.574
BTC,BUY,0.0050,9399000.000,2024-07-06 21:04:57.574
BTC,BUY,0.0100,9399500.000,2024-07-06 21:04:57.574
BTC,BUY,0.1000,9399550.000,2024-07-06 21:04:57.574
BTC,BUY,0.0003,9400000.000,2024-07-06 21:04:57.574
BTC,BUY,0.0003,9400000.000,2024-07-06 21:04:57.574
BTC,BUY,0.0020,9400000.000,2024-07-06 21:04:57.574
BTC,BUY,0.0424,9400000.000,2024-07-06 21:04:57.574
BTC,BUY,0.0076,9400000.000,2024-07-06 21:04:57.574
BTC,BUY,0.0050,9400000.000,2024-07-06 21:04:57.574
BTC,BUY,0.0010,9400000.000,2024-07-06 21:04:57.574
BTC,BUY,0.0016,9400000.000,2024-07-06 21:04:57.574
BTC,BUY,0.0001,9400000.000,2024-07-06 21:04:57.574
BTC,BUY,0.0050,9400000.000,2024-07-06 21:04:57.574
BTC,BUY,0.0100,9400000.000,2024-07-06 21:04:57.574
BTC,BUY,0.0050,9400000.000,2024-07-06 21:04:57.574
BTC,BUY,0.0010,9400000.000,2024-07-06 21:04:57.574
BTC,BUY,0.0001,9400000.000,2024-07-06 21:04:57.574
BTC,BUY,0.0050,9400000.000,2024-07-06 21:04:57.574
BTC,BUY,0.0050,9400000.000,2024-07-06 21:04:57.574
BTC,BUY,0.0100,9400000.000,2024-07-06 21:04:57.574
BTC,BUY,0.0005,9400000.000,2024-07-06 21:04:57.574
BTC,BUY,0.0003,9400000.000,2024-07-06 21:04:57.574
BTC,BUY,0.0001,9400000.000,2024-07-06 21:04:57.574
BTC,BUY,0.0010,9400000.000,2024-07-06 21:04:57.574
BTC,BUY,0.0162,9400000.000,2024-07-06 21:04:57.574
BTC,BUY,0.0100,9400000.000,2024-07-06 21:04:57.574
BTC,BUY,0.0611,9400080.000,2024-07-06 21:04:57.574
BTC,BUY,0.0001,9400080.000,2024-07-06 21:04:57.687
BTC,BUY,0.0001,9399540.000,2024-07-06 21:05:09.407
BTC,BUY,0.0001,9398045.000,2024-07-06 21:05:36.133
BTC,BUY,0.0189,9397904.000,2024-07-06 21:05:38.046
BTC,BUY,0.0311,9398000.000,2024-07-06 21:05:38.046
BTC,BUY,0.0100,9397900.000,2024-07-06 21:05:46.864
BTC,BUY,0.0900,9397750.000,2024-07-06 21:05:55.410
BTC,BUY,0.0185,9397750.000,2024-07-06 21:05:55.410
BTC,BUY,0.0004,9397750.000,2024-07-06 21:06:00.819
BTC,SELL,0.0125,9393760.000,2024-07-06 21:06:01.375
BTC,SELL,0.0300,9393707.000,2024-07-06 21:06:01.375
BTC,SELL,0.0075,9391311.000,2024-07-06 21:06:01.375
BTC,BUY,0.0001,9392960.000,2024-07-06 21:06:11.911
BTC,BUY,0.0030,9392720.000,2024-07-06 21:06:16.505
BTC,BUY,0.0010,9392350.000,2024-07-06 21:06:24.762
BTC,BUY,0.0001,9393198.000,2024-07-06 21:06:33.810
BTC,SELL,0.0136,9386863.000,2024-07-06 21:06:39.496
BTC,SELL,0.0002,9386900.000,2024-07-06 21:06:42.212
BTC,BUY,0.0500,9393195.000,2024-07-06 21:06:42.816
BTC,BUY,0.0002,9391400.000,2024-07-06 21:07:04.015
BTC,BUY,0.0001,9393039.000,2024-07-06 21:07:17.247
BTC,SELL,0.0016,9383804.000,2024-07-06 21:07:18.610
BTC,SELL,0.0004,9378535.000,2024-07-06 21:07:20.559
BTC,SELL,0.0160,9385040.000,2024-07-06 21:07:45.878
BTC,SELL,0.0124,9385040.000,2024-07-06 21:07:59.502
BTC,SELL,0.0100,9385040.000,2024-07-06 21:08:01.118
BTC,SELL,0.0050,9385040.000,2024-07-06 21:08:19.028
BTC,SELL,0.0050,9385040.000,2024-07-06 21:08:19.539
BTC,SELL,0.0020,9385040.000,2024-07-06 21:08:22.711
BTC,SELL,0.0050,9385040.000,2024-07-06 21:08:24.122
BTC,SELL,0.0141,9385040.000,2024-07-06 21:08:24.416
BTC,SELL,0.0141,9385040.000,2024-07-06 21:08:24.505
BTC,SELL,0.0050,9385040.000,2024-07-06 21:08:24.645
BTC,SELL,0.0100,9385040.000,2024-07-06 21:08:25.032
BTC,SELL,0.0006,9385040.000,2024-07-06 21:08:25.468
BTC,BUY,0.0374,9385041.000,2024-07-06 21:08:46.617
BTC,BUY,0.0006,9385041.000,2024-07-06 21:09:06.435
BTC,BUY,0.0001,9385041.000,2024-07-06 21:09:28.512
BTC,SELL,0.0008,9385040.000,2024-07-06 21:10:45.064
BTC,SELL,0.0012,9383710.000,2024-07-06 21:10:45.064
BTC,BUY,0.0001,9384700.000,2024-07-06 21:10:58.252
BTC,BUY,0.0100,9384650.000,2024-07-06 21:11:00.725
BTC,SELL,0.0005,9380000.000,2024-07-06 21:11:20.554
BTC,SELL,0.0020,9380000.000,2024-07-06 21:12:20.687
BTC,SELL,0.0106,9380000.000,2024-07-06 21:12:21.811
BTC,SELL,0.0020,9380000.000,2024-07-06 21:12:33.668
BTC,SELL,0.0020,9380000.000,2024-07-06 21:12:54.367
BTC,BUY,0.0001,9380001.000,2024-07-06 21:12:56.758
BTC,BUY,0.0001,9380001.000,2024-07-06 21:13:20.894
BTC,BUY,0.0015,9380001.000,2024-07-06 21:13:27.720
BTC,BUY,0.0100,9380001.000,2024-07-06 21:14:19.136
BTC,BUY,0.0883,9380001.000,2024-07-06 21:14:40.015
BTC,BUY,0.0117,9380001.000,2024-07-06 21:14:40.015
BTC,SELL,0.0020,9380000.000,2024-07-06 21:15:11.727
BTC,SELL,0.0008,9380000.000,2024-07-06 21:15:20.836
BTC,SELL,0.0001,9380000.000,2024-07-06 21:15:36.452
BTC,SELL,0.0001,9380000.000,2024-07-06 21:15:36.452
BTC,SELL,0.0002,9380000.000,2024-07-06 21:15:36.452
BTC,SELL,0.0050,9372753.000,2024-07-06 21:15:41.441
BTC,SELL,0.0050,9372753.000,2024-07-06 21:15:41.967
BTC,SELL,0.0020,9372753.000,2024-07-06 21:15:42.076
BTC,SELL,0.0050,9372753.000,2024-07-06 21:15:42.478
BTC,SELL,0.0125,9372753.000,2024-07-06 21:15:42.662
BTC,SELL,0.0150,9372753.000,2024-07-06 21:15:42.945
BTC,SELL,0.0118,9372753.000,2024-07-06 21:15:43.567
BTC,SELL,0.0261,9372753.000,2024-07-06 21:15:43.955
BTC,SELL,0.0100,9372753.000,2024-07-06 21:15:44.395
BTC,SELL,0.0050,9372753.000,2024-07-06 21:15:44.449
BTC,SELL,0.0112,9372753.000,2024-07-06 21:15:44.455
BTC,SELL,0.0200,9372753.000,2024-07-06 21:15:44.546
BTC,SELL,0.0060,9372753.000,2024-07-06 21:15:44.673
BTC,SELL,0.0050,9372753.000,2024-07-06 21:15:45.017
BTC,SELL,0.0041,9372753.000,2024-07-06 21:15:45.155
BTC,SELL,0.0050,9370000.000,2024-07-06 21:15:46.017
BTC,SELL,0.0020,9370000.000,2024-07-06 21:15:51.058
BTC,SELL,0.0001,9370000.000,2024-07-06 21:15:55.403
BTC,SELL,0.0020,9370000.000,2024-07-06 21:16:27.944
BTC,SELL,0.0002,9370000.000,2024-07-06 21:16:28.355
BTC,SELL,0.0007,9370000.000,2024-07-06 21:16:31.454
BTC,SELL,0.0003,9360000.000,2024-07-06 21:16:56.446
BTC,SELL,0.0196,9358049.000,2024-07-06 21:16:56.446
BTC,SELL,0.0124,9353030.000,2024-07-06 21:18:24.622
BTC,SELL,0.0085,9353030.000,2024-07-06 21:18:35.233
BTC,BUY,0.0010,9353031.000,2024-07-06 21:18:58.023
BTC,BUY,0.0008,9353031.000,2024-07-06 21:19:03.762
BTC,BUY,0.0001,9353031.000,2024-07-06 21:19:16.360
BTC,BUY,0.0600,9353031.000,2024-07-06 21:19:23.936
BTC,BUY,0.0005,9353031.000,2024-07-06 21:20:02.516
BTC,BUY,0.0005,9353031.000,2024-07-06 21:20:25.734
BTC,SELL,0.0083,9353030.000,2024-07-06 21:20:45.586
BTC,SELL,0.0001,9353030.000,2024-07-06 21:20:45.586
BTC,SELL,0.0021,9353030.000,2024-07-06 21:20:45.586
BTC,SELL,0.0003,9352650.000,2024-07-06 21:20:45.586
BTC,SELL,0.0003,9350000.000,2024-07-06 21:20:45.586
BTC,SELL,0.0003,9350000.000,2024-07-06 21:20:45.586
BTC,SELL,0.0004,9350000.000,2024-07-06 21:20:45.586
BTC,BUY,0.0094,9352480.000,2024-07-06 21:20:56.691
BTC,BUY,0.0206,9352549.000,2024-07-06 21:20:56.691
BTC,SELL,0.0002,9352349.000,2024-07-06 21:22:05.243
BTC,SELL,0.0002,9359848.000,2024-07-06 21:23:26.980
BTC,BUY,0.0001,9357200.000,2024-07-06 21:24:57.915
BTC,BUY,0.0001,9355001.000,2024-07-06 21:25:31.711
BTC,BUY,0.0005,9355001.000,2024-07-06 21:26:20.387
BTC,SELL,0.0002,9355000.000,2024-07-06 21:26:59.815
BTC,SELL,0.0001,9351414.000,2024-07-06 21:26:59.815
BTC,SELL,0.0096,9350000.000,2024-07-06 21:26:59.815
BTC,SELL,0.0018,9345770.000,2024-07-06 21:26:59.815
BTC,SELL,0.0155,9345645.000,2024-07-06 21:26:59.815
BTC,SELL,0.0100,9344618.000,2024-07-06 21:26:59.815
BTC,SELL,0.0628,9344618.000,2024-07-06 21:26:59.815
BTC,SELL,0.0500,9345005.000,2024-07-06 21:27:05.735
BTC,SELL,0.0500,9345371.000,2024-07-06 21:27:37.387
BTC,BUY,0.0010,9346879.000,2024-07-06 21:28:06.106
BTC,BUY,0.0002,9348545.000,2024-07-06 21:29:14.977
BTC,SELL,0.0450,9345225.000,2024-07-06 21:30:01.495
BTC,SELL,0.0548,9345175.000,2024-07-06 21:30:01.495
BTC,BUY,0.0015,9346100.000,2024-07-06 21:30:32.703
BTC,BUY,0.0020,9343759.000,2024-07-06 21:32:19.895
BTC,BUY,0.0004,9343759.000,2024-07-06 21:33:21.230
BTC,BUY,0.0090,9348449.000,2024-07-06 21:34:34.999
BTC,BUY,0.0284,9348450.000,2024-07-06 21:34:34.999
BTC,SELL,0.0050,9349525.000,2024-07-06 21:35:36.739
BTC,BUY,0.0200,9345800.000,2024-07-06 21:37:50.570
BTC,BUY,0.0100,9352099.000,2024-07-06 21:39:09.328
BTC,BUY,0.0050,9349350.000,2024-07-06 21:42:04.081
BTC,BUY,0.0100,9348800.000,2024-07-06 21:42:50.084
BTC,BUY,0.0030,9345001.000,2024-07-06 21:43:31.082
BTC,SELL,0.0002,9345000.000,2024-07-06 21:48:06.114
BTC,SELL,0.0001,9343758.000,2024-07-06 21:48:06.114
BTC,SELL,0.0020,9340000.000,2024-07-06 21:48:06.114
BTC,SELL,0.0003,9340000.000,2024-07-06 21:48:06.114
BTC,SELL,0.0050,9339506.000,2024-07-06 21:48:06.114
BTC,SELL,0.0424,9337004.000,2024-07-06 21:48:06.114
BTC,SELL,0.0001,9337004.000,2024-07-06 21:48:06.184
BTC,BUY,0.0001,9341450.000,2024-07-06 21:48:45.313
BTC,SELL,0.0100,9337361.000,2024-07-06 21:49:40.128
BTC,BUY,0.0100,9337001.000,2024-07-06 21:53:47.101
BTC,BUY,0.0050,9342688.000,2024-07-06 21:54:21.182
BTC,SELL,0.0002,9339890.000,2024-07-06 21:54:37.500
BTC,BUY,0.0001,9339010.000,2024-07-06 21:56:29.525
BTC,BUY,0.0001,9339010.000,2024-07-06 21:56:32.190
BTC,SELL,0.0010,9339004.000,2024-07-06 21:56:46.181
BTC,SELL,0.0002,9339329.000,2024-07-06 21:56:55.534
BTC,BUY,0.0006,9339376.000,2024-07-06 21:58:28.685
BTC,BUY,0.0005,9339376.000,2024-07-06 21:58:57.852
BTC,BUY,0.0089,9339376.000,2024-07-06 21:59:19.542
BTC,BUY,0.1000,9339376.000,2024-07-06 21:59:19.542
BTC,BUY,0.0731,9339376.000,2024-07-06 21:59:19.542
BTC,BUY,0.0009,9339376.000,2024-07-06 22:00:03.332
BTC,BUY,0.0001,9339376.000,2024-07-06 22:00:07.474
BTC,BUY,0.0010,9339376.000,2024-07-06 22:00:11.592
BTC,BUY,0.0001,9339376.000,2024-07-06 22:00:12.883
BTC,BUY,0.0001,9342400.000,2024-07-06 22:00:41.605
BTC,BUY,0.0001,9344712.000,2024-07-06 22:00:43.472
BTC,BUY,0.0001,9344700.000,2024-07-06 22:00:43.657
BTC,BUY,0.0004,9339376.000,2024-07-06 22:00:55.430
BTC,BUY,0.0010,9339376.000,2024-07-06 22:00:55.988
BTC,BUY,0.0003,9339376.000,2024-07-06 22:00:58.771
BTC,BUY,0.0001,9339376.000,2024-07-06 22:01:00.778
BTC,BUY,0.0082,9339376.000,2024-07-06 22:01:01.833
BTC,BUY,0.0018,9341376.000,2024-07-06 22:01:01.833
BTC,BUY,0.0010,9341377.000,2024-07-06 22:01:03.626
BTC,BUY,0.0001,9341377.000,2024-07-06 22:01:04.473
BTC,BUY,0.0700,9346792.000,2024-07-06 22:03:27.537
BTC,BUY,0.0039,9348152.000,2024-07-06 22:03:27.537
BTC,BUY,0.0011,9348409.000,2024-07-06 22:03:27.537
BTC,BUY,0.0002,9348565.000,2024-07-06 22:03:27.537
BTC,BUY,0.0248,9349740.000,2024-07-06 22:03:27.537
BTC,BUY,0.0001,9348150.000,2024-07-06 22:03:40.513
BTC,SELL,0.0250,9343500.000,2024-07-06 22:04:44.116
BTC,BUY,0.0003,9346049.000,2024-07-06 22:05:48.035
BTC,BUY,0.0700,9352199.000,2024-07-06 22:08:04.788
BTC,BUY,0.0300,9352200.000,2024-07-06 22:08:04.788
BTC,BUY,0.0001,9352586.000,2024-07-06 22:09:38.992
BTC,BUY,0.0001,9354712.000,2024-07-06 22:10:37.340
BTC,BUY,0.0001,9356389.000,2024-07-06 22:10:45.694
BTC,SELL,0.0010,9358050.000,2024-07-06 22:10:47.612
BTC,BUY,0.0010,9364694.000,2024-07-06 22:10:51.606
BTC,BUY,0.0002,9366227.000,2024-07-06 22:11:19.872
BTC,BUY,0.0087,9368769.000,2024-07-06 22:11:19.872
BTC,BUY,0.0001,9368414.000,2024-07-06 22:11:25.103
BTC,BUY,0.0629,9367954.000,2024-07-06 22:11:30.898
BTC,BUY,0.1000,9368050.000,2024-07-06 22:11:30.898
BTC,BUY,0.1000,9368050.000,2024-07-06 22:11:30.898
BTC,BUY,0.0700,9368149.000,2024-07-06 22:11:30.898
BTC,BUY,0.0841,9368160.000,2024-07-06 22:11:30.898
BTC,BUY,0.0002,9366800.000,2024-07-06 22:12:08.784
BTC,SELL,0.0100,9359650.000,2024-07-06 22:13:07.425
BTC,BUY,0.0002,9360000.000,2024-07-06 22:14:20.893
BTC,BUY,0.0008,9362052.000,2024-07-06 22:14:20.893
BTC,BUY,0.0300,9362060.000,2024-07-06 22:14:20.893
BTC,BUY,0.0111,9362340.000,2024-07-06 22:14:20.893
BTC,BUY,0.0079,9362515.000,2024-07-06 22:14:20.893
BTC,BUY,0.0003,9361350.000,2024-07-06 22:15:00.047
BTC,BUY,0.0200,9362950.000,2024-07-06 22:15:38.537
BTC,BUY,0.0001,9361351.000,2024-07-06 22:16:08.626
BTC,SELL,0.0100,9361350.000,2024-07-06 22:16:48.281
BTC,SELL,0.0409,9360692.000,2024-07-06 22:16:48.281
BTC,SELL,0.0010,9361850.000,2024-07-06 22:18:13.925
BTC,BUY,0.0005,9363000.000,2024-07-06 22:18:21.308
BTC,BUY,0.0002,9365000.000,2024-07-06 22:18:23.330
BTC,BUY,0.0001,9370881.000,2024-07-06 22:18:23.330
BTC,BUY,0.0097,9373946.000,2024-07-06 22:18:23.330
BTC,SELL,0.0001,9367759.000,2024-07-06 22:19:02.682
BTC,SELL,0.0586,9367050.000,2024-07-06 22:22:20.937
BTC,BUY,0.0002,9371250.000,2024-07-06 22:22:31.396
BTC,BUY,0.0020,9371300.000,2024-07-06 22:23:46.370
BTC,SELL,0.0005,9367000.000,2024-07-06 22:26:48.695
BTC,SELL,0.1068,9367000.000,2024-07-06 22:26:48.695
BTC,SELL,0.0500,9366660.000,2024-07-06 22:26:48.695
BTC,SELL,0.0527,9366645.000,2024-07-06 22:26:48.695
BTC,SELL,0.0300,9362819.000,2024-07-06 22:27:38.224
BTC,SELL,0.0700,9361686.000,2024-07-06 22:27:38.224
BTC,SELL,0.0100,9360176.000,2024-07-06 22:27:38.224
BTC,SELL,0.0100,9360173.000,2024-07-06 22:27:38.224
BTC,SELL,0.0125,9360080.000,2024-07-06 22:27:38.224
BTC,SELL,0.0300,9360047.000,2024-07-06 22:27:38.224
BTC,SELL,0.0100,9359914.000,2024-07-06 22:27:38.224
BTC,SELL,0.0290,9358287.000,2024-07-06 22:27:38.224
BTC,SELL,0.0002,9355000.000,2024-07-06 22:27:38.224
BTC,SELL,0.0050,9352966.000,2024-07-06 22:27:38.224
BTC,SELL,0.0001,9350000.000,2024-07-06 22:27:38.224
BTC,SELL,0.0001,9350000.000,2024-07-06 22:27:38.224
BTC,SELL,0.0109,9349875.000,2024-07-06 22:27:38.224
BTC,SELL,0.0003,9345901.000,2024-07-06 22:27:38.224
BTC,SELL,0.0001,9343971.000,2024-07-06 22:27:38.224
BTC,SELL,0.0007,9341377.000,2024-07-06 22:27:38.224
BTC,SELL,0.0032,9341377.000,2024-07-06 22:27:38.224
BTC,SELL,0.0022,9339375.000,2024-07-06 22:27:38.224
BTC,SELL,0.0005,9339375.000,2024-07-06 22:27:38.224
BTC,SELL,0.0700,9338001.000,2024-07-06 22:27:38.224
BTC,SELL,0.0002,9338000.000,2024-07-06 22:27:38.224
BTC,SELL,0.0001,9337000.000,2024-07-06 22:27:38.224
BTC,SELL,0.0049,9336620.000,2024-07-06 22:27:38.224
BTC,SELL,0.0010,9360435.000,2024-07-06 22:27:47.261
BTC,BUY,0.0100,9360442.000,2024-07-06 22:27:51.057
BTC,BUY,0.0001,9360443.000,2024-07-06 22:28:10.359
BTC,BUY,0.0001,9360443.000,2024-07-06 22:28:20.801
BTC,BUY,0.0050,9359051.000,2024-07-06 22:28:55.786
BTC,BUY,0.0040,9359082.000,2024-07-06 22:28:55.786
BTC,BUY,0.0010,9359050.000,2024-07-06 22:29:03.820
BTC,BUY,0.0005,9359050.000,2024-07-06 22:29:12.326
BTC,BUY,0.0002,9357201.000,2024-07-06 22:29:19.796
BTC,BUY,0.0200,9357201.000,2024-07-06 22:30:53.588
BTC,BUY,0.0001,9361903.000,2024-07-06 22:31:20.198
BTC,SELL,0.0080,9362691.000,2024-07-06 22:33:15.080
BTC,SELL,0.0070,9362691.000,2024-07-06 22:33:15.080
BTC,BUY,0.0001,9362696.000,2024-07-06 22:35:12.921
BTC,BUY,0.0010,9363680.000,2024-07-06 22:38:07.796
BTC,BUY,0.0001,9364750.000,2024-07-06 22:39:05.352
BTC,SELL,0.0011,9364749.000,2024-07-06 22:39:57.533
BTC,BUY,0.0020,9364750.000,2024-07-06 22:40:02.216
BTC,SELL,0.0006,9364749.000,2024-07-06 22:42:28.974
BTC,SELL,0.0002,9361700.000,2024-07-06 22:45:39.859
BTC,BUY,0.0110,9364750.000,2024-07-06 22:45:55.642
BTC,BUY,0.0100,9364750.000,2024-07-06 22:47:11.846
BTC,BUY,0.0001,9364750.000,2024-07-06 22:48:10.907
BTC,BUY,0.0005,9364750.000,2024-07-06 22:48:58.270
BTC,BUY,0.0001,9364750.000,2024-07-06 22:50:08.702
BTC,SELL,0.0200,9364500.000,2024-07-06 22:51:31.142
BTC,SELL,0.0050,9362372.000,2024-07-06 22:51:31.142
BTC,BUY,0.0100,9364750.000,2024-07-06 22:53:25.676
BTC,SELL,0.0002,9364749.000,2024-07-06 22:54:37.629
BTC,BUY,0.0200,9364750.000,2024-07-06 22:55:14.119
BTC,BUY,0.0100,9364750.000,2024-07-06 22:55:14.121
BTC,BUY,0.0050,9364750.000,2024-07-06 22:55:14.210
BTC,BUY,0.0312,9364750.000,2024-07-06 22:55:14.244
BTC,BUY,0.0069,9364750.000,2024-07-06 22:55:14.244
BTC,BUY,0.0067,9364750.000,2024-07-06 22:55:14.519
BTC,BUY,0.0064,9364750.000,2024-07-06 22:55:14.543
BTC,BUY,0.0200,9364750.000,2024-07-06 22:55:14.543
BTC,BUY,0.0015,9364999.000,2024-07-06 22:55:14.543
BTC,BUY,0.0002,9365000.000,2024-07-06 22:55:14.543
BTC,BUY,0.0050,9366040.000,2024-07-06 22:55:14.543
BTC,BUY,0.0005,9370000.000,2024-07-06 22:55:14.543
BTC,BUY,0.0313,9370492.000,2024-07-06 22:55:14.543
BTC,BUY,0.0602,9370525.000,2024-07-06 22:55:14.543
BTC,BUY,0.0259,9370811.000,2024-07-06 22:55:14.543
BTC,BUY,0.0095,9371000.000,2024-07-06 22:55:14.543
BTC,BUY,0.0065,9371300.000,2024-07-06 22:55:14.543
BTC,BUY,0.0001,9373137.000,2024-07-06 22:57:01.196
BTC,BUY,0.0001,9373606.000,2024-07-06 22:57:01.196
BTC,BUY,0.0002,9375000.000,2024-07-06 22:57:01.196
BTC,BUY,0.0001,9375987.000,2024-07-06 22:57:01.196
BTC,BUY,0.0001,9375987.000,2024-07-06 22:57:01.196
BTC,BUY,0.0115,9378480.000,2024-07-06 22:57:01.196
BTC,BUY,0.0700,9378558.000,2024-07-06 22:57:01.196
BTC,BUY,0.0299,9378688.000,2024-07-06 22:57:01.196
BTC,BUY,0.0020,9378888.000,2024-07-06 22:57:01.196
BTC,BUY,0.0860,9378980.000,2024-07-06 22:57:01.196
BTC,BUY,0.0028,9379440.000,2024-07-06 22:57:11.519
BTC,BUY,0.0003,9380000.000,2024-07-06 22:57:11.519
BTC,SELL,0.0010,9380000.000,2024-07-06 22:57:22.729
BTC,SELL,0.0010,9380000.000,2024-07-06 22:57:32.675
BTC,SELL,0.0003,9380000.000,2024-07-06 22:57:34.517
BTC,BUY,0.0001,9380001.000,2024-07-06 22:57:53.673
BTC,BUY,0.0099,9380001.000,2024-07-06 22:58:06.166
BTC,BUY,0.0001,9380001.000,2024-07-06 22:58:06.166
BTC,BUY,0.0001,9383300.000,2024-07-06 22:58:27.908
BTC,SELL,0.0012,9380000.000,2024-07-06 22:59:07.619
BTC,BUY,0.0002,9380776.000,2024-07-06 23:00:26.239
BTC,BUY,0.0003,9381550.000,2024-07-06 23:00:56.950
BTC,BUY,0.0250,9383500.000,2024-07-06 23:01:01.166
BTC,BUY,0.0250,9383500.000,2024-07-06 23:01:01.166
BTC,BUY,0.0002,9383999.000,2024-07-06 23:02:11.940
BTC,BUY,0.0011,9383999.000,2024-07-06 23:05:12.304
BTC,BUY,0.0300,9384948.000,2024-07-06 23:05:12.304
BTC,BUY,0.0002,9385000.000,2024-07-06 23:05:12.304
BTC,BUY,0.0059,9388876.000,2024-07-06 23:05:12.304
BTC,BUY,0.0015,9388888.000,2024-07-06 23:05:12.304
BTC,BUY,0.0113,9389097.000,2024-07-06 23:05:12.304
BTC,SELL,0.0050,9383141.000,2024-07-06 23:05:13.327
BTC,SELL,0.0050,9381209.000,2024-07-06 23:05:13.327
BTC,BUY,0.0100,9389050.000,2024-07-06 23:05:17.310
BTC,BUY,0.0001,9389050.000,2024-07-06 23:05:52.400
BTC,BUY,0.0500,9386100.000,2024-07-06 23:06:51.537
BTC,SELL,0.0500,9382000.000,2024-07-06 23:06:53.550
BTC,SELL,0.0010,9382200.000,2024-07-06 23:07:22.810
BTC,SELL,0.0010,9382500.000,2024-07-06 23:07:32.755
BTC,BUY,0.0003,9390000.000,2024-07-06 23:07:50.311
BTC,BUY,0.0027,9390421.000,2024-07-06 23:07:50.311
BTC,BUY,0.0002,9391256.000,2024-07-06 23:07:58.014
BTC,BUY,0.0008,9391558.000,2024-07-06 23:07:58.014
BTC,SELL,0.0010,9383850.000,2024-07-06 23:08:10.661
BTC,BUY,0.0003,9391650.000,2024-07-06 23:09:25.688
BTC,BUY,0.0001,9395000.000,2024-07-06 23:10:10.388
BTC,BUY,0.0003,9395093.000,2024-07-06 23:10:10.388
BTC,BUY,0.0001,9399950.000,2024-07-06 23:11:28.278
BTC,BUY,0.0100,9395001.000,2024-07-06 23:11:46.111
BTC,BUY,0.0073,9399756.000,2024-07-06 23:11:46.111
BTC,BUY,0.0003,9400000.000,2024-07-06 23:11:46.111
BTC,BUY,0.0039,9400000.000,2024-07-06 23:11:46.111
BTC,BUY,0.0003,9400000.000,2024-07-06 23:11:46.111
BTC,BUY,0.0100,9400000.000,2024-07-06 23:11:46.111
BTC,BUY,0.0050,9400000.000,2024-07-06 23:11:46.111
BTC,SELL,0.0094,9400000.000,2024-07-06 23:11:49.273
BTC,SELL,0.0010,9400000.000,2024-07-06 23:12:22.624
BTC,SELL,0.0028,9400000.000,2024-07-06 23:12:25.967
BTC,SELL,0.0146,9400000.000,2024-07-06 23:12:25.967
BTC,SELL,0.0010,9400000.000,2024-07-06 23:12:32.788
BTC,SELL,0.0050,9400000.000,2024-07-06 23:12:32.791
BTC,SELL,0.0124,9400000.000,2024-07-06 23:12:34.001
BTC,SELL,0.0050,9400000.000,2024-07-06 23:12:34.840
BTC,SELL,0.0050,9400000.000,2024-07-06 23:12:35.372
BTC,SELL,0.0050,9400000.000,2024-07-06 23:12:35.866
BTC,SELL,0.1000,9400000.000,2024-07-06 23:12:36.087
BTC,SELL,0.0076,9400000.000,2024-07-06 23:12:36.130
BTC,SELL,0.0050,9400000.000,2024-07-06 23:12:36.394
BTC,SELL,0.0050,9400000.000,2024-07-06 23:12:37.420
BTC,SELL,0.0010,9400000.000,2024-07-06 23:12:42.721
BTC,SELL,0.0200,9400000.000,2024-07-06 23:12:45.734
BTC,SELL,0.0050,9400000.000,2024-07-06 23:12:46.549
BTC,SELL,0.0100,9400000.000,2024-07-06 23:12:49.910
BTC,SELL,0.0200,9400000.000,2024-07-06 23:12:51.027
BTC,SELL,0.0076,9400000.000,2024-07-06 23:12:51.083
BTC,SELL,0.0010,9400000.000,2024-07-06 23:12:52.737
BTC,SELL,0.0050,9400000.000,2024-07-06 23:12:54.677
BTC,SELL,0.0124,9400000.000,2024-07-06 23:12:56.997
BTC,SELL,0.0010,9400000.000,2024-07-06 23:13:02.717
BTC,SELL,0.0100,9400000.000,2024-07-06 23:13:03.474
BTC,SELL,0.0124,9400000.000,2024-07-06 23:13:13.711
BTC,SELL,0.0124,9400000.000,2024-07-06 23:13:26.929
BTC,SELL,0.0124,9400000.000,2024-07-06 23:13:29.893
BTC,SELL,0.0050,9400000.000,2024-07-06 23:13:36.790
BTC,SELL,0.0050,9400000.000,2024-07-06 23:13:37.276
BTC,SELL,0.0050,9400000.000,2024-07-06 23:13:38.292
BTC,SELL,0.0050,9400000.000,2024-07-06 23:13:38.793
BTC,SELL,0.0050,9400000.000,2024-07-06 23:13:39.305
BTC,BUY,0.0100,9400001.000,2024-07-06 23:13:39.595
BTC,BUY,0.0100,9400001.000,2024-07-06 23:13:39.595
BTC,BUY,0.0090,9400001.000,2024-07-06 23:13:39.595
BTC,SELL,0.0050,9400000.000,2024-07-06 23:13:45.512
BTC,SELL,0.0050,9400000.000,2024-07-06 23:13:45.907
BTC,SELL,0.0050,9400000.000,2024-07-06 23:13:46.408
BTC,SELL,0.0050,9400000.000,2024-07-06 23:13:47.418
BTC,SELL,0.0124,9400000.000,2024-07-06 23:13:47.771
BTC,SELL,0.0050,9400000.000,2024-07-06 23:13:48.925
BTC,SELL,0.0140,9400000.000,2024-07-06 23:13:53.357
BTC,SELL,0.0050,9400000.000,2024-07-06 23:13:53.518
BTC,SELL,0.0333,9400000.000,2024-07-06 23:13:54.504
BTC,SELL,0.0050,9400000.000,2024-07-06 23:13:54.533
BTC,SELL,0.0050,9400000.000,2024-07-06 23:13:55.034
BTC,SELL,0.0050,9400000.000,2024-07-06 23:13:55.562
BTC,SELL,0.0090,9400000.000,2024-07-06 23:13:55.871
BTC,SELL,0.0050,9400000.000,2024-07-06 23:13:56.544
BTC,SELL,0.0093,9400000.000,2024-07-06 23:13:56.921
BTC,SELL,0.0050,9400000.000,2024-07-06 23:13:57.567
BTC,SELL,0.0050,9400000.000,2024-07-06 23:13:58.622
BTC,SELL,0.0050,9400000.000,2024-07-06 23:13:59.627
BTC,SELL,0.0050,9400000.000,2024-07-06 23:14:00.636
BTC,SELL,0.0204,9400000.000,2024-07-06 23:14:00.921
BTC,SELL,0.0050,9400000.000,2024-07-06 23:14:02.164
BTC,SELL,0.0159,9400000.000,2024-07-06 23:14:04.467
BTC,SELL,0.0124,9400000.000,2024-07-06 23:14:06.094
BTC,SELL,0.0010,9400000.000,2024-07-06 23:14:32.706
BTC,SELL,0.0589,9400000.000,2024-07-06 23:14:49.145
BTC,SELL,0.0619,9400000.000,2024-07-06 23:14:58.406
BTC,SELL,0.0569,9400000.000,2024-07-06 23:15:04.341
BTC,SELL,0.0259,9400000.000,2024-07-06 23:15:13.558
BTC,SELL,0.0175,9400000.000,2024-07-06 23:15:47.265
BTC,SELL,0.0125,9400000.000,2024-07-06 23:15:47.315
BTC,SELL,0.0020,9400000.000,2024-07-06 23:15:47.825
BTC,SELL,0.0519,9400000.000,2024-07-06 23:15:48.944
BTC,SELL,0.0020,9400000.000,2024-07-06 23:16:14.974
BTC,SELL,0.0063,9400000.000,2024-07-06 23:16:15.097
BTC,SELL,0.0011,9400000.000,2024-07-06 23:16:15.328
BTC,BUY,0.0020,9400001.000,2024-07-06 23:16:23.402
BTC,BUY,0.0010,9400001.000,2024-07-06 23:16:39.506
BTC,SELL,0.0020,9400000.000,2024-07-06 23:16:40.009
BTC,SELL,0.0031,9400000.000,2024-07-06 23:16:40.419
BTC,SELL,0.0005,9400000.000,2024-07-06 23:16:40.756
BTC,SELL,0.0124,9400000.000,2024-07-06 23:17:06.961
BTC,SELL,0.0124,9400000.000,2024-07-06 23:17:10.880
BTC,SELL,0.0112,9400000.000,2024-07-06 23:17:15.158
BTC,SELL,0.0016,9400000.000,2024-07-06 23:18:05.390
BTC,SELL,0.0020,9400000.000,2024-07-06 23:18:05.997
BTC,SELL,0.0125,9400000.000,2024-07-06 23:18:23.599
BTC,BUY,0.0001,9400001.000,2024-07-06 23:19:20.317
BTC,BUY,0.0030,9400001.000,2024-07-06 23:19:20.994
BTC,BUY,0.0002,9400001.000,2024-07-06 23:19:20.994
BTC,BUY,0.0054,9400101.000,2024-07-06 23:19:20.994
BTC,BUY,0.0014,9405000.000,2024-07-06 23:19:20.994
BTC,BUY,0.0003,9405000.000,2024-07-06 23:19:21.378
BTC,BUY,0.0010,9405965.000,2024-07-06 23:19:21.378
BTC,BUY,0.0050,9409401.000,2024-07-06 23:19:22.346
BTC,SELL,0.0060,9409400.000,2024-07-06 23:19:22.428
BTC,BUY,0.0018,9409800.000,2024-07-06 23:19:41.233
BTC,BUY,0.0003,9410000.000,2024-07-06 23:19:41.233
BTC,BUY,0.0001,9410000.000,2024-07-06 23:19:41.233
BTC,BUY,0.0021,9410000.000,2024-07-06 23:19:41.233
BTC,BUY,0.0137,9410000.000,2024-07-06 23:19:41.233
BTC,BUY,0.0060,9410000.000,2024-07-06 23:19:42.433
BTC,BUY,0.0050,9410000.000,2024-07-06 23:19:42.659
BTC,BUY,0.0050,9410000.000,2024-07-06 23:19:43.146
BTC,BUY,0.0050,9410000.000,2024-07-06 23:19:43.673
BTC,BUY,0.0100,9410000.000,2024-07-06 23:19:43.927
BTC,BUY,0.0100,9410000.000,2024-07-06 23:19:44.411
BTC,BUY,0.0050,9410000.000,2024-07-06 23:19:44.542
BTC,BUY,0.0100,9410000.000,2024-07-06 23:19:44.751
BTC,BUY,0.0303,9410000.000,2024-07-06 23:19:45.079
BTC,BUY,0.0002,9410000.000,2024-07-06 23:19:45.079
BTC,SELL,0.0100,9417419.000,2024-07-06 23:19:47.348
BTC,BUY,0.0010,9417420.000,2024-07-06 23:19:48.145
BTC,BUY,0.0002,9418600.000,2024-07-06 23:19:48.145
BTC,BUY,0.0003,9420000.000,2024-07-06 23:19:48.145
BTC,BUY,0.0010,9420000.000,2024-07-06 23:19:48.145
BTC,BUY,0.0001,9420000.000,2024-07-06 23:19:48.145
BTC,BUY,0.0074,9422094.000,2024-07-06 23:19:48.145
BTC,BUY,0.0006,9419765.000,2024-07-06 23:19:53.756
BTC,BUY,0.0047,9420254.000,2024-07-06 23:20:00.212
BTC,BUY,0.0299,9420865.000,2024-07-06 23:20:00.212
BTC,BUY,0.0010,9428876.000,2024-07-06 23:20:00.212
BTC,BUY,0.0020,9428888.000,2024-07-06 23:20:00.212
BTC,BUY,0.0003,9429986.000,2024-07-06 23:20:00.212
BTC,BUY,0.0003,9430000.000,2024-07-06 23:20:00.212
BTC,BUY,0.0020,9430000.000,2024-07-06 23:20:00.212
BTC,BUY,0.0001,9430000.000,2024-07-06 23:20:00.212
BTC,BUY,0.0100,9430000.000,2024-07-06 23:20:00.212
BTC,SELL,0.0236,9430000.000,2024-07-06 23:20:00.759
BTC,SELL,0.0050,9430000.000,2024-07-06 23:20:00.971
BTC,SELL,0.0099,9430000.000,2024-07-06 23:20:01.013
BTC,SELL,0.0195,9430000.000,2024-07-06 23:20:01.286
BTC,SELL,0.0060,9430000.000,2024-07-06 23:20:01.289
BTC,SELL,0.0050,9430000.000,2024-07-06 23:20:01.448
BTC,SELL,0.0020,9430000.000,2024-07-06 23:20:01.523
BTC,SELL,0.0124,9430000.000,2024-07-06 23:20:01.805
BTC,SELL,0.0011,9430000.000,2024-07-06 23:20:01.814
BTC,SELL,0.0050,9430000.000,2024-07-06 23:20:03.361
BTC,SELL,0.0089,9430000.000,2024-07-06 23:20:03.362
BTC,SELL,0.0151,9430000.000,2024-07-06 23:20:03.415
BTC,BUY,0.0005,9430001.000,2024-07-06 23:20:03.417
BTC,SELL,0.0031,9430000.000,2024-07-06 23:20:03.530
BTC,SELL,0.0019,9420252.000,2024-07-06 23:20:03.530
BTC,BUY,0.0053,9425600.000,2024-07-06 23:20:03.899
BTC,SELL,0.0151,9417604.000,2024-07-06 23:20:04.637
BTC,SELL,0.0049,9417604.000,2024-07-06 23:20:04.637
BTC,BUY,0.0003,9429989.000,2024-07-06 23:20:09.863
BTC,BUY,0.0050,9429989.000,2024-07-06 23:20:10.665
BTC,BUY,0.0011,9429989.000,2024-07-06 23:20:10.803
BTC,SELL,0.0002,9429988.000,2024-07-06 23:20:12.050
BTC,BUY,0.0001,9429989.000,2024-07-06 23:20:15.997
BTC,SELL,0.0020,9425783.000,2024-07-06 23:20:18.008
BTC,SELL,0.0004,9425709.000,2024-07-06 23:20:23.175
BTC,BUY,0.0002,9420350.000,2024-07-06 23:20:32.322
BTC,BUY,0.0001,9425707.000,2024-07-06 23:20:32.322
BTC,BUY,0.0050,9420350.000,2024-07-06 23:20:45.126
BTC,BUY,0.0050,9420350.000,2024-07-06 23:20:45.460
BTC,BUY,0.0002,9420350.000,2024-07-06 23:20:45.460
BTC,BUY,0.0008,9428374.000,2024-07-06 23:20:45.460
BTC,BUY,0.0001,9430013.000,2024-07-06 23:20:49.635
BTC,BUY,0.0009,9433329.000,2024-07-06 23:20:49.635
BTC,BUY,0.0030,9433333.000,2024-07-06 23:20:55.821
BTC,BUY,0.0039,9438886.000,2024-07-06 23:20:55.821
BTC,BUY,0.0105,9438887.000,2024-07-06 23:20:55.821
BTC,BUY,0.0020,9438888.000,2024-07-06 23:20:55.821
BTC,BUY,0.0003,9440000.000,2024-07-06 23:20:55.821
BTC,BUY,0.0001,9440000.000,2024-07-06 23:20:55.821
BTC,BUY,0.0010,9440332.000,2024-07-06 23:20:55.821
BTC,BUY,0.0011,9440856.000,2024-07-06 23:20:55.821
BTC,BUY,0.0081,9443000.000,2024-07-06 23:20:55.821
BTC,BUY,0.0200,9443000.000,2024-07-06 23:21:01.337
BTC,BUY,0.0125,9442960.000,2024-07-06 23:21:11.511
BTC,BUY,0.0175,9443000.000,2024-07-06 23:21:11.511
BTC,SELL,0.0100,9433040.000,2024-07-06 23:21:21.082
BTC,BUY,0.0001,9433041.000,2024-07-06 23:21:28.107
BTC,BUY,0.0002,9431989.000,2024-07-06 23:21:33.310
BTC,BUY,0.0001,9433069.000,2024-07-06 23:21:33.310
BTC,BUY,0.0097,9442960.000,2024-07-06 23:21:33.310
BTC,BUY,0.0028,9442960.000,2024-07-06 23:21:33.671
BTC,BUY,0.0072,9443000.000,2024-07-06 23:21:33.671
BTC,BUY,0.0010,9443000.000,2024-07-06 23:21:49.650
BTC,BUY,0.0002,9440000.000,2024-07-06 23:21:54.181
BTC,BUY,0.0462,9443000.000,2024-07-06 23:21:54.181
BTC,SELL,0.0036,9443000.000,2024-07-06 23:21:55.214
BTC,BUY,0.0010,9443000.000,2024-07-06 23:22:04.245
BTC,SELL,0.0020,9428240.000,2024-07-06 23:22:11.776
BTC,SELL,0.0002,9425000.000,2024-07-06 23:22:29.551
BTC,SELL,0.0298,9419281.000,2024-07-06 23:22:29.551
BTC,SELL,0.0001,9419400.000,2024-07-06 23:22:31.675
BTC,SELL,0.0019,9419450.000,2024-07-06 23:22:34.011
BTC,BUY,0.0010,9424787.000,2024-07-06 23:22:57.365
BTC,BUY,0.0100,9439324.000,2024-07-06 23:23:51.119
BTC,BUY,0.0001,9439204.000,2024-07-06 23:24:17.659
BTC,BUY,0.0005,9439096.000,2024-07-06 23:24:32.962
BTC,SELL,0.0050,9438043.000,2024-07-06 23:24:45.970
BTC,SELL,0.0150,9438043.000,2024-07-06 23:24:46.258
BTC,SELL,0.0050,9438043.000,2024-07-06 23:24:46.882
BTC,SELL,0.0224,9438043.000,2024-07-06 23:24:46.947
BTC,SELL,0.0050,9438043.000,2024-07-06 23:24:47.503
BTC,SELL,0.0124,9438043.000,2024-07-06 23:24:47.818
BTC,SELL,0.0107,9438043.000,2024-07-06 23:24:47.891
BTC,SELL,0.0100,9438043.000,2024-07-06 23:24:48.431
BTC,SELL,0.0200,9438043.000,2024-07-06 23:24:48.512
BTC,SELL,0.0020,9438043.000,2024-07-06 23:24:48.698
BTC,SELL,0.0114,9438043.000,2024-07-06 23:24:48.780
BTC,SELL,0.0060,9438043.000,2024-07-06 23:24:48.861
BTC,SELL,0.0200,9438043.000,2024-07-06 23:24:49.711
BTC,SELL,0.0008,9438043.000,2024-07-06 23:24:50.109
BTC,SELL,0.0200,9438043.000,2024-07-06 23:24:50.111
BTC,SELL,0.0171,9438043.000,2024-07-06 23:24:51.531
BTC,SELL,0.0172,9438043.000,2024-07-06 23:24:53.585
BTC,SELL,0.0028,9428641.000,2024-07-06 23:24:53.585
BTC,BUY,0.0001,9436642.000,2024-07-06 23:25:27.153
BTC,SELL,0.0100,9429565.000,2024-07-06 23:25:27.194
BTC,BUY,0.0001,9436634.000,2024-07-06 23:25:35.094
BTC,SELL,0.0005,9429440.000,2024-07-06 23:25:43.140
BTC,SELL,0.0049,9429362.000,2024-07-06 23:25:43.140
BTC,BUY,0.0120,9436617.000,2024-07-06 23:25:51.916
BTC,SELL,0.0001,9430001.000,2024-07-06 23:26:03.380
BTC,SELL,0.0125,9430080.000,2024-07-06 23:26:04.043
BTC,SELL,0.0975,9430002.000,2024-07-06 23:26:04.043
BTC,SELL,0.0100,9430000.000,2024-07-06 23:26:04.043
BTC,SELL,0.0010,9430000.000,2024-07-06 23:26:04.276
BTC,SELL,0.0010,9429193.000,2024-07-06 23:26:04.276
BTC,SELL,0.0005,9429361.000,2024-07-06 23:26:20.611
BTC,BUY,0.0001,9435998.000,2024-07-06 23:27:07.313
BTC,BUY,0.0001,9435999.000,2024-07-06 23:27:11.039
BTC,SELL,0.0095,9433921.000,2024-07-06 23:27:14.681
BTC,SELL,0.0105,9433920.000,2024-07-06 23:27:14.681
BTC,SELL,0.0100,9433815.000,2024-07-06 23:27:16.069
BTC,BUY,0.0001,9435985.000,2024-07-06 23:27:31.518
BTC,BUY,0.0001,9435965.000,2024-07-06 23:27:46.479
BTC,BUY,0.0099,9435946.000,2024-07-06 23:28:05.263
BTC,BUY,0.0001,9435946.000,2024-07-06 23:28:05.263
BTC,BUY,0.0001,9436138.000,2024-07-06 23:28:31.674
BTC,SELL,0.0001,9427251.000,2024-07-06 23:28:39.986
BTC,SELL,0.0004,9427210.000,2024-07-06 23:28:40.826
BTC,BUY,0.0003,9435836.000,2024-07-06 23:28:53.437
BTC,SELL,0.0099,9427211.000,2024-07-06 23:28:54.008
BTC,SELL,0.0001,9427210.000,2024-07-06 23:28:54.008
BTC,BUY,0.0001,9435835.000,2024-07-06 23:28:54.401
BTC,BUY,0.0005,9435832.000,2024-07-06 23:28:59.334
BTC,SELL,0.0001,9426915.000,2024-07-06 23:29:10.747
BTC,SELL,0.0001,9426187.000,2024-07-06 23:29:14.004
BTC,BUY,0.0001,9435331.000,2024-07-06 23:29:15.834
BTC,BUY,0.0001,9434646.000,2024-07-06 23:29:27.514
BTC,BUY,0.0005,9433342.000,2024-07-06 23:30:02.962
BTC,BUY,0.0001,9433331.000,2024-07-06 23:30:14.307
BTC,BUY,0.0005,9433330.000,2024-07-06 23:30:15.361
BTC,BUY,0.0005,9435945.000,2024-07-06 23:31:00.502
BTC,BUY,0.0001,9435945.000,2024-07-06 23:31:03.421
BTC,SELL,0.0017,9430001.000,2024-07-06 23:32:08.237
BTC,SELL,0.0003,9430000.000,2024-07-06 23:32:08.237
BTC,SELL,0.0002,9430000.000,2024-07-06 23:32:09.101
BTC,BUY,0.0125,9435680.000,2024-07-06 23:32:11.728
BTC,BUY,0.0100,9435757.000,2024-07-06 23:32:11.728
BTC,BUY,0.0075,9435758.000,2024-07-06 23:32:11.728
BTC,SELL,0.0020,9430000.000,2024-07-06 23:32:29.823
BTC,SELL,0.0020,9430000.000,2024-07-06 23:32:40.909
BTC,SELL,0.0005,9430000.000,2024-07-06 23:32:48.810
BTC,SELL,0.0005,9420803.000,2024-07-06 23:32:48.810
BTC,SELL,0.0020,9420803.000,2024-07-06 23:32:49.537
BTC,BUY,0.0075,9429998.000,2024-07-06 23:32:52.084
BTC,BUY,0.0025,9430001.000,2024-07-06 23:32:52.084
BTC,BUY,0.0020,9434797.000,2024-07-06 23:33:07.828
BTC,SELL,0.0001,9430000.000,2024-07-06 23:33:19.743
BTC,BUY,0.0001,9434702.000,2024-07-06 23:33:19.931
BTC,SELL,0.0088,9427536.000,2024-07-06 23:33:24.305
BTC,BUY,0.0001,9435554.000,2024-07-06 23:33:56.186
BTC,SELL,0.0002,9427500.000,2024-07-06 23:34:19.236
BTC,SELL,0.0018,9427500.000,2024-07-06 23:34:20.482
BTC,BUY,0.0001,9427500.000,2024-07-06 23:34:27.524
BTC,BUY,0.0002,9427405.000,2024-07-06 23:34:44.661
BTC,BUY,0.0020,9427405.000,2024-07-06 23:34:46.279
BTC,BUY,0.0001,9427500.000,2024-07-06 23:34:55.603
BTC,SELL,0.0020,9419000.000,2024-07-06 23:35:09.005
BTC,BUY,0.0001,9427400.000,2024-07-06 23:35:11.229
BTC,BUY,0.0001,9427399.000,2024-07-06 23:35:12.936
BTC,BUY,0.0001,9419001.000,2024-07-06 23:35:24.606
BTC,SELL,0.0124,9419000.000,2024-07-06 23:35:27.759
BTC,SELL,0.0020,9419000.000,2024-07-06 23:35:35.629
BTC,SELL,0.0013,9419000.000,2024-07-06 23:35:42.915
BTC,SELL,0.0005,9419000.000,2024-07-06 23:35:44.740
BTC,SELL,0.0018,9419000.000,2024-07-06 23:35:46.231
BTC,SELL,0.0001,9419000.000,2024-07-06 23:35:46.231
BTC,SELL,0.0005,9418900.000,2024-07-06 23:35:48.360
BTC,BUY,0.0001,9419001.000,2024-07-06 23:35:49.654
BTC,SELL,0.0002,9415000.000,2024-07-06 23:35:53.398
BTC,SELL,0.0020,9408400.000,2024-07-06 23:35:53.398
BTC,SELL,0.0031,9408323.000,2024-07-06 23:35:53.398
BTC,BUY,0.0001,9416500.000,2024-07-06 23:36:11.910
BTC,BUY,0.0001,9410001.000,2024-07-06 23:36:19.077
BTC,BUY,0.0002,9413764.000,2024-07-06 23:36:31.184
BTC,BUY,0.0001,9413764.000,2024-07-06 23:36:32.576
BTC,SELL,0.0002,9410000.000,2024-07-06 23:36:47.539
BTC,SELL,0.0100,9405202.000,2024-07-06 23:36:47.539
BTC,SELL,0.0198,9405202.000,2024-07-06 23:36:47.539
BTC,BUY,0.0001,9409343.000,2024-07-06 23:37:26.283
BTC,BUY,0.0018,9409341.000,2024-07-06 23:37:28.612
BTC,SELL,0.0020,9401601.000,2024-07-06 23:37:29.302
BTC,BUY,0.0198,9409340.000,2024-07-06 23:37:30.009
BTC,BUY,0.0102,9409550.000,2024-07-06 23:37:30.009
BTC,BUY,0.0101,9409547.000,2024-07-06 23:37:35.219
BTC,BUY,0.0398,9409550.000,2024-07-06 23:37:35.219
BTC,BUY,0.0001,9410954.000,2024-07-06 23:37:35.219
BTC,BUY,0.0050,9410690.000,2024-07-06 23:37:45.291
BTC,BUY,0.0001,9401553.000,2024-07-06 23:37:56.373
BTC,SELL,0.0001,9400819.000,2024-07-06 23:38:05.703
BTC,SELL,0.0019,9400819.000,2024-07-06 23:38:18.367
BTC,BUY,0.0001,9401553.000,2024-07-06 23:38:28.825
BTC,BUY,0.0002,9401553.000,2024-07-06 23:38:36.842
BTC,BUY,0.0001,9401553.000,2024-07-06 23:38:39.892
BTC,BUY,0.0001,9401553.000,2024-07-06 23:38:51.291
BTC,BUY,0.0001,9401553.000,2024-07-06 23:39:03.295
BTC,BUY,0.0004,9401553.000,2024-07-06 23:39:06.258
BTC,BUY,0.0296,9407030.000,2024-07-06 23:39:06.258
BTC,BUY,0.0001,9406935.000,2024-07-06 23:39:27.972
BTC,SELL,0.0020,9401574.000,2024-07-06 23:39:28.320
BTC,BUY,0.0100,9406898.000,2024-07-06 23:39:37.679
BTC,BUY,0.0100,9409330.000,2024-07-06 23:39:44.215
BTC,BUY,0.0100,9409330.000,2024-07-06 23:39:48.973
BTC,BUY,0.0040,9414556.000,2024-07-06 23:40:01.253
BTC,BUY,0.0110,9414640.000,2024-07-06 23:40:01.253
BTC,BUY,0.0005,9414640.000,2024-07-06 23:40:02.813
BTC,SELL,0.0020,9400008.000,2024-07-06 23:40:48.648
BTC,BUY,0.0050,9410385.000,2024-07-06 23:40:51.641
BTC,BUY,0.0054,9412388.000,2024-07-06 23:40:51.641
BTC,BUY,0.0099,9412389.000,2024-07-06 23:40:51.641
BTC,SELL,0.0020,9400008.000,2024-07-06 23:41:12.051
BTC,SELL,0.0096,9400008.000,2024-07-06 23:41:12.550
BTC,SELL,0.0054,9400001.000,2024-07-06 23:41:12.550
BTC,SELL,0.0113,9400000.000,2024-07-06 23:41:12.550
BTC,SELL,0.0005,9400000.000,2024-07-06 23:41:17.253
BTC,SELL,0.0129,9400000.000,2024-07-06 23:41:18.123
BTC,BUY,0.0001,9400008.000,2024-07-06 23:41:27.258
BTC,BUY,0.0001,9400009.000,2024-07-06 23:41:38.293
BTC,SELL,0.0023,9400000.000,2024-07-06 23:41:51.021
BTC,SELL,0.0003,9400000.000,2024-07-06 23:41:51.021
BTC,SELL,0.0098,9400000.000,2024-07-06 23:41:51.021
BTC,BUY,0.0120,9400008.000,2024-07-06 23:41:57.431
BTC,BUY,0.0001,9400008.000,2024-07-06 23:41:58.660
BTC,SELL,0.0002,9400000.000,2024-07-06 23:42:00.463
BTC,SELL,0.0001,9400000.000,2024-07-06 23:42:14.691
BTC,SELL,0.0001,9400000.000,2024-07-06 23:42:14.691
BTC,SELL,0.0005,9398000.000,2024-07-06 23:42:18.990
BTC,SELL,0.0001,9398000.000,2024-07-06 23:42:18.990
BTC,SELL,0.0002,9395000.000,2024-07-06 23:42:18.990
BTC,SELL,0.0012,9392765.000,2024-07-06 23:42:18.990
BTC,BUY,0.0001,9391676.000,2024-07-06 23:42:35.464
BTC,SELL,0.0020,9396650.000,2024-07-06 23:43:12.712
BTC,BUY,0.0001,9396958.000,2024-07-06 23:43:21.135
BTC,BUY,0.0010,9396651.000,2024-07-06 23:43:48.415
BTC,SELL,0.0002,9396650.000,2024-07-06 23:43:51.660
BTC,SELL,0.0001,9396650.000,2024-07-06 23:44:01.431
BTC,SELL,0.0018,9394541.000,2024-07-06 23:44:08.342
BTC,SELL,0.0100,9391012.000,2024-07-06 23:44:08.342
BTC,SELL,0.0101,9391011.000,2024-07-06 23:44:08.342
BTC,SELL,0.0144,9390011.000,2024-07-06 23:44:08.342
BTC,SELL,0.0001,9390000.000,2024-07-06 23:44:08.342
BTC,SELL,0.0001,9390000.000,2024-07-06 23:44:08.342
BTC,SELL,0.0003,9390000.000,2024-07-06 23:44:08.342
BTC,SELL,0.0002,9390000.000,2024-07-06 23:44:08.342
BTC,SELL,0.0100,9388888.000,2024-07-06 23:44:08.342
BTC,SELL,0.0100,9386590.000,2024-07-06 23:44:08.342
BTC,SELL,0.0100,9385821.000,2024-07-06 23:44:08.342
BTC,SELL,0.0700,9385372.000,2024-07-06 23:44:08.342
BTC,SELL,0.0300,9385371.000,2024-07-06 23:44:08.342
BTC,SELL,0.0300,9385003.000,2024-07-06 23:44:08.342
BTC,SELL,0.0002,9380000.000,2024-07-06 23:44:08.342
BTC,SELL,0.0003,9380000.000,2024-07-06 23:44:08.342
BTC,SELL,0.0011,9380000.000,2024-07-06 23:44:08.342
BTC,SELL,0.0125,9380000.000,2024-07-06 23:44:08.342
BTC,SELL,0.0400,9379975.000,2024-07-06 23:44:08.342
BTC,SELL,0.0400,9378898.000,2024-07-06 23:44:08.342
BTC,SELL,0.0533,9375751.000,2024-07-06 23:44:08.342
BTC,SELL,0.0127,9372646.000,2024-07-06 23:44:08.342
BTC,SELL,0.0003,9370000.000,2024-07-06 23:44:08.342
BTC,SELL,0.0001,9370000.000,2024-07-06 23:44:08.342
BTC,SELL,0.0925,9363510.000,2024-07-06 23:44:08.342
BTC,SELL,0.0010,9363510.000,2024-07-06 23:44:08.435
BTC,SELL,0.0200,9363510.000,2024-07-06 23:44:08.457
BTC,BUY,0.0100,9363673.000,2024-07-06 23:44:08.704
BTC,BUY,0.0050,9363673.000,2024-07-06 23:44:08.759
BTC,BUY,0.0850,9363673.000,2024-07-06 23:44:08.822
BTC,BUY,0.0300,9396628.000,2024-07-06 23:44:08.953
BTC,BUY,0.0200,9396957.000,2024-07-06 23:44:08.953
BTC,SELL,0.0020,9363672.000,2024-07-06 23:44:08.955
BTC,BUY,0.0300,9391005.000,2024-07-06 23:44:09.154
BTC,BUY,0.0100,9395093.000,2024-07-06 23:44:09.154
BTC,BUY,0.0200,9395093.000,2024-07-06 23:44:09.269
BTC,BUY,0.0060,9396957.000,2024-07-06 23:44:09.385
BTC,SELL,0.0060,9390044.000,2024-07-06 23:44:11.181
BTC,SELL,0.0200,9390044.000,2024-07-06 23:44:11.516
BTC,SELL,0.0013,9390044.000,2024-07-06 23:44:12.724
BTC,BUY,0.0100,9390045.000,2024-07-06 23:44:23.965
BTC,SELL,0.0020,9390044.000,2024-07-06 23:44:49.673
BTC,SELL,0.0287,9390044.000,2024-07-06 23:45:57.242
BTC,SELL,0.0020,9390044.000,2024-07-06 23:45:57.242
BTC,SELL,0.0166,9390015.000,2024-07-06 23:45:57.242
BTC,BUY,0.0011,9389400.000,2024-07-06 23:46:25.078
BTC,SELL,0.0020,9388990.000,2024-07-06 23:46:35.012
BTC,BUY,0.0001,9389520.000,2024-07-06 23:46:50.199
BTC,BUY,0.0001,9390044.000,2024-07-06 23:47:04.525
BTC,BUY,0.0003,9389700.000,2024-07-06 23:48:09.539
BTC,SELL,0.0760,9385405.000,2024-07-06 23:49:43.972
BTC,SELL,0.0040,9385370.000,2024-07-06 23:49:43.972
BTC,SELL,0.0910,9385130.000,2024-07-06 23:50:04.857
BTC,SELL,0.0090,9382083.000,2024-07-06 23:50:04.857
BTC,BUY,0.0001,9386966.000,2024-07-06 23:50:09.049
BTC,BUY,0.0001,9386800.000,2024-07-06 23:51:03.263
BTC,BUY,0.0098,9386968.000,2024-07-06 23:51:27.001
BTC,BUY,0.0200,9386969.000,2024-07-06 23:51:27.001
BTC,BUY,0.0530,9389462.000,2024-07-06 23:51:27.001
BTC,BUY,0.0172,9389466.000,2024-07-06 23:51:27.001
BTC,SELL,0.0100,9393614.000,2024-07-06 23:53:53.643
BTC,SELL,0.0100,9389954.000,2024-07-06 23:53:53.643
BTC,SELL,0.0700,9389954.000,2024-07-06 23:53:53.643
BTC,SELL,0.0200,9389701.000,2024-07-06 23:53:53.643
BTC,SELL,0.0100,9388731.000,2024-07-06 23:53:53.643
BTC,SELL,0.0200,9387905.000,2024-07-06 23:53:53.643
BTC,SELL,0.0532,9386712.000,2024-07-06 23:53:53.643
BTC,SELL,0.0300,9385950.000,2024-07-06 23:53:53.643
BTC,SELL,0.0300,9385319.000,2024-07-06 23:53:53.643
BTC,SELL,0.0050,9384981.000,2024-07-06 23:53:53.643
BTC,SELL,0.0125,9380160.000,2024-07-06 23:53:53.643
BTC,SELL,0.0400,9380131.000,2024-07-06 23:53:53.643
BTC,SELL,0.0100,9380000.000,2024-07-06 23:53:53.643
BTC,SELL,0.0002,9380000.000,2024-07-06 23:53:53.643
BTC,SELL,0.0089,9379144.000,2024-07-06 23:53:53.643
BTC,SELL,0.0400,9377977.000,2024-07-06 23:53:53.643
BTC,SELL,0.0302,9368815.000,2024-07-06 23:53:53.643
BTC,BUY,0.0050,9368828.000,2024-07-06 23:53:54.311
BTC,BUY,0.0950,9368828.000,2024-07-06 23:53:54.324
BTC,BUY,0.0170,9378197.000,2024-07-06 23:53:54.529
BTC,BUY,0.0300,9396295.000,2024-07-06 23:53:54.529
BTC,BUY,0.0008,9396958.000,2024-07-06 23:53:54.529
BTC,BUY,0.0022,9396960.000,2024-07-06 23:53:54.529
BTC,BUY,0.0400,9396899.000,2024-07-06 23:53:54.733
BTC,BUY,0.0009,9396880.000,2024-07-06 23:53:55.062
BTC,BUY,0.0300,9396899.000,2024-07-06 23:53:55.062
BTC,BUY,0.0191,9396960.000,2024-07-06 23:53:55.062
BTC,BUY,0.0060,9396959.000,2024-07-06 23:53:55.917
BTC,BUY,0.0005,9394959.000,2024-07-06 23:54:07.516
BTC,BUY,0.0005,9394960.000,2024-07-06 23:54:10.346
BTC,BUY,0.0002,9396880.000,2024-07-06 23:56:25.583
BTC,BUY,0.0035,9398229.000,2024-07-06 23:56:44.890
BTC,BUY,0.0002,9398230.000,2024-07-06 23:56:44.980
BTC,BUY,0.0112,9399961.000,2024-07-06 23:56:50.734
BTC,BUY,0.0100,9400000.000,2024-07-06 23:56:57.203
BTC,BUY,0.0002,9400000.000,2024-07-06 23:57:01.066
BTC,BUY,0.0100,9400823.000,2024-07-06 23:57:02.603
BTC,BUY,0.0011,9402905.000,2024-07-06 23:57:26.560
BTC,BUY,0.0001,9405280.000,2024-07-06 23:57:43.503
BTC,BUY,0.0001,9405770.000,2024-07-06 23:58:14.646
BTC,SELL,0.0100,9406028.000,2024-07-06 23:59:36.310
BTC,SELL,0.0006,9404178.000,2024-07-06 23:59:50.497
BTC,SELL,0.0153,9400180.000,2024-07-06 23:59:50.497
BTC,BUY,0.0181,9402456.000,2024-07-07 00:00:06.416
BTC,BUY,0.0010,9402913.000,2024-07-07 00:00:10.225
BTC,BUY,0.0050,9404201.000,2024-07-07 00:00:12.481
BTC,BUY,0.0050,9404201.000,2024-07-07 00:00:17.886
BTC,BUY,0.0128,9405697.000,2024-07-07 00:00:17.886
BTC,SELL,0.0219,9401100.000,2024-07-07 00:00:42.255
BTC,BUY,0.0005,9400251.000,2024-07-07 00:00:46.635
BTC,SELL,0.0300,9400250.000,2024-07-07 00:00:47.555
BTC,BUY,0.0014,9400251.000,2024-07-07 00:00:58.367
BTC,BUY,0.0050,9400201.000,2024-07-07 00:01:31.876
BTC,BUY,0.0080,9400239.000,2024-07-07 00:01:31.876
BTC,SELL,0.0001,9400200.000,2024-07-07 00:02:34.748
BTC,SELL,0.0019,9397063.000,2024-07-07 00:02:34.748
BTC,BUY,0.0001,9397064.000,2024-07-07 00:03:11.901
BTC,SELL,0.0020,9397063.000,2024-07-07 00:03:17.865
BTC,SELL,0.0006,9397020.000,2024-07-07 00:03:20.344
BTC,BUY,0.0010,9391374.000,2024-07-07 00:03:26.168
BTC,BUY,0.0001,9391374.000,2024-07-07 00:03:28.580
BTC,BUY,0.0005,9390201.000,2024-07-07 00:03:46.181
BTC,BUY,0.0050,9390200.000,2024-07-07 00:03:48.485
BTC,BUY,0.0071,9390201.000,2024-07-07 00:04:02.746
BTC,BUY,0.0114,9390217.000,2024-07-07 00:04:02.746
BTC,BUY,0.0080,9391374.000,2024-07-07 00:04:03.367
BTC,BUY,0.0050,9391734.000,2024-07-07 00:04:03.367
BTC,BUY,0.0001,9394771.000,2024-07-07 00:04:21.738
BTC,BUY,0.0002,9397902.000,2024-07-07 00:04:35.620
BTC,BUY,0.0001,9397901.000,2024-07-07 00:05:04.528
BTC,BUY,0.0053,9397902.000,2024-07-07 00:05:41.446
BTC,SELL,0.0004,9397901.000,2024-07-07 00:05:47.011
BTC,SELL,0.0016,9393745.000,2024-07-07 00:05:47.011
BTC,BUY,0.0200,9397902.000,2024-07-07 00:05:50.536
BTC,BUY,0.0060,9397902.000,2024-07-07 00:05:50.536
BTC,BUY,0.0050,9407345.000,2024-07-07 00:06:01.693
BTC,BUY,0.0125,9408100.000,2024-07-07 00:06:02.187
BTC,BUY,0.0050,9408100.000,2024-07-07 00:06:02.195
BTC,BUY,0.0030,9407956.000,2024-07-07 00:06:08.143
BTC,SELL,0.0010,9404800.000,2024-07-07 00:06:34.475
BTC,BUY,0.0005,9401551.000,2024-07-07 00:07:17.486
BTC,SELL,0.0040,9400301.000,2024-07-07 00:07:35.266
BTC,SELL,0.0020,9393650.000,2024-07-07 00:08:30.026
BTC,SELL,0.0090,9393650.000,2024-07-07 00:08:34.475
BTC,SELL,0.0410,9390993.000,2024-07-07 00:08:34.475
BTC,SELL,0.0002,9390000.000,2024-07-07 00:09:04.426
BTC,SELL,0.0098,9386356.000,2024-07-07 00:09:04.426
BTC,SELL,0.0020,9385101.000,2024-07-07 00:09:47.761
BTC,BUY,0.0002,9391600.000,2024-07-07 00:09:52.757
BTC,BUY,0.0001,9391119.000,2024-07-07 00:10:33.165
BTC,SELL,0.0010,9386000.000,2024-07-07 00:10:38.160
BTC,SELL,0.0010,9385000.000,2024-07-07 00:10:38.160
BTC,SELL,0.0010,9385000.000,2024-07-07 00:10:40.729
BTC,SELL,0.0001,9385000.000,2024-07-07 00:11:25.792
BTC,SELL,0.0020,9385000.000,2024-07-07 00:11:27.911
BTC,SELL,0.0009,9385000.000,2024-07-07 00:11:56.961
BTC,SELL,0.0011,9381904.000,2024-07-07 00:11:56.961
BTC,SELL,0.0016,9380002.000,2024-07-07 00:11:59.733
BTC,SELL,0.0100,9380002.000,2024-07-07 00:12:00.742
BTC,SELL,0.0020,9380000.000,2024-07-07 00:12:12.661
BTC,SELL,0.0045,9375247.000,2024-07-07 00:12:14.299
BTC,SELL,0.0019,9375800.000,2024-07-07 00:12:22.920
BTC,SELL,0.0001,9376423.000,2024-07-07 00:12:56.631
BTC,BUY,0.0011,9379566.000,2024-07-07 00:13:53.524
BTC,BUY,0.0002,9380001.000,2024-07-07 00:14:47.094
BTC,BUY,0.0004,9380001.000,2024-07-07 00:14:52.646
BTC,BUY,0.0001,9380001.000,2024-07-07 00:14:54.781
BTC,BUY,0.0020,9381000.000,2024-07-07 00:16:23.639
BTC,BUY,0.0080,9381000.000,2024-07-07 00:17:23.562
BTC,BUY,0.0100,9389325.000,2024-07-07 00:17:41.629
BTC,SELL,0.0100,9385438.000,2024-07-07 00:18:03.144
BTC,SELL,0.0001,9381604.000,2024-07-07 00:19:06.445
BTC,SELL,0.0003,9382346.000,2024-07-07 00:19:48.019
BTC,SELL,0.0017,9380018.000,2024-07-07 00:19:48.019
BTC,BUY,0.0100,9380001.000,2024-07-07 00:20:23.836
BTC,SELL,0.0001,9380000.000,2024-07-07 00:20:43.825
BTC,SELL,0.0002,9380000.000,2024-07-07 00:20:43.825
BTC,SELL,0.0103,9379439.000,2024-07-07 00:20:43.825
BTC,SELL,0.0016,9374984.000,2024-07-07 00:20:43.825
BTC,BUY,0.0005,9382720.000,2024-07-07 00:21:20.499
BTC,BUY,0.0005,9378301.000,2024-07-07 00:21:33.505
BTC,SELL,0.0100,9378300.000,2024-07-07 00:21:36.276
BTC,SELL,0.0100,9378300.000,2024-07-07 00:21:40.836
BTC,SELL,0.0100,9375800.000,2024-07-07 00:21:48.976
BTC,SELL,0.0001,9375950.000,2024-07-07 00:21:52.993
BTC,BUY,0.0015,9376001.000,2024-07-07 00:22:06.306
BTC,SELL,0.0100,9376000.000,2024-07-07 00:22:06.990
BTC,SELL,0.0100,9376000.000,2024-07-07 00:22:07.493
BTC,SELL,0.0001,9374960.000,2024-07-07 00:22:08.903
BTC,SELL,0.0018,9374130.000,2024-07-07 00:22:08.903
BTC,BUY,0.0014,9377359.000,2024-07-07 00:23:30.571
BTC,BUY,0.0002,9377360.000,2024-07-07 00:23:33.869
BTC,BUY,0.0010,9384240.000,2024-07-07 00:25:12.099
BTC,SELL,0.0070,9377508.000,2024-07-07 00:26:09.090
BTC,BUY,0.0011,9380240.000,2024-07-07 00:26:11.924
BTC,BUY,0.0025,9382960.000,2024-07-07 00:26:51.848
BTC,BUY,0.0035,9386480.000,2024-07-07 00:27:14.897
BTC,BUY,0.0001,9382080.000,2024-07-07 00:28:30.551
BTC,SELL,0.0130,9378905.000,2024-07-07 00:28:32.872
BTC,SELL,0.0570,9375918.000,2024-07-07 00:28:32.872
BTC,BUY,0.0005,9381759.000,2024-07-07 00:28:39.354
BTC,BUY,0.0029,9385120.000,2024-07-07 00:29:25.879
BTC,BUY,0.0071,9385167.000,2024-07-07 00:29:25.879
BTC,BUY,0.0150,9385085.000,2024-07-07 00:30:19.765
BTC,SELL,0.0100,9390100.000,2024-07-07 00:31:24.422
BTC,BUY,0.0001,9391000.000,2024-07-07 00:31:25.596
BTC,BUY,0.0070,9382640.000,2024-07-07 00:33:06.607
BTC,BUY,0.0005,9383949.000,2024-07-07 00:33:30.317
BTC,BUY,0.0005,9383350.000,2024-07-07 00:33:37.879
BTC,BUY,0.0050,9384798.000,2024-07-07 00:34:26.718
BTC,BUY,0.0001,9382800.000,2024-07-07 00:35:40.217
BTC,BUY,0.0050,9378172.000,2024-07-07 00:36:40.836
BTC,BUY,0.0137,9378550.000,2024-07-07 00:36:40.836
BTC,BUY,0.0300,9377801.000,2024-07-07 00:37:10.360
BTC,BUY,0.0157,9377801.000,2024-07-07 00:37:12.788
BTC,BUY,0.0200,9377802.000,2024-07-07 00:37:12.788
BTC,BUY,0.0300,9377938.000,2024-07-07 00:37:12.788
BTC,BUY,0.0374,9378620.000,2024-07-07 00:37:12.788
BTC,SELL,0.0006,9378048.000,2024-07-07 00:38:22.225
BTC,SELL,0.0072,9373450.000,2024-07-07 00:38:27.733
BTC,BUY,0.0045,9377110.000,2024-07-07 00:38:34.044
BTC,SELL,0.0020,9372700.000,2024-07-07 00:38:50.108
BTC,SELL,0.0050,9371350.000,2024-07-07 00:38:53.184
BTC,BUY,0.0006,9375696.000,2024-07-07 00:39:04.750
BTC,BUY,0.0900,9375700.000,2024-07-07 00:39:08.716
BTC,SELL,0.0030,9372627.000,2024-07-07 00:39:33.337
BTC,SELL,0.0015,9371102.000,2024-07-07 00:39:33.337
BTC,BUY,0.0111,9372300.000,2024-07-07 00:40:24.688
BTC,SELL,0.0007,9371102.000,2024-07-07 00:40:31.229
BTC,SELL,0.0300,9366598.000,2024-07-07 00:40:31.229
BTC,SELL,0.0961,9366406.000,2024-07-07 00:40:31.229
BTC,SELL,0.0050,9365009.000,2024-07-07 00:40:31.229
BTC,SELL,0.0682,9365005.000,2024-07-07 00:40:31.229
BTC,SELL,0.0010,9365005.000,2024-07-07 00:40:31.320
BTC,SELL,0.0008,9365005.000,2024-07-07 00:40:31.410
BTC,SELL,0.0002,9365001.000,2024-07-07 00:40:31.410
BTC,SELL,0.1000,9365200.000,2024-07-07 00:40:52.127
BTC,SELL,0.1000,9365200.000,2024-07-07 00:40:52.127
BTC,BUY,0.0035,9370001.000,2024-07-07 00:41:15.666
BTC,BUY,0.0002,9372690.000,2024-07-07 00:41:37.392
BTC,BUY,0.0001,9373554.000,2024-07-07 00:41:37.392
BTC,SELL,0.0001,9373600.000,2024-07-07 00:41:56.169
BTC,SELL,0.0002,9373393.000,2024-07-07 00:42:18.972
BTC,BUY,0.0060,9376647.000,2024-07-07 00:42:40.350
BTC,BUY,0.0010,9375685.000,2024-07-07 00:46:24.460
BTC,BUY,0.0001,9376675.000,2024-07-07 00:46:54.724
BTC,SELL,0.0054,9372039.000,2024-07-07 00:48:06.933
BTC,SELL,0.0046,9372039.000,2024-07-07 00:48:06.933
BTC,SELL,0.0002,9370000.000,2024-07-07 00:48:41.626
BTC,SELL,0.0008,9365000.000,2024-07-07 00:48:41.626
BTC,SELL,0.0010,9365000.000,2024-07-07 00:48:41.721
BTC,BUY,0.0002,9370001.000,2024-07-07 00:48:42.073
BTC,BUY,0.0049,9368713.000,2024-07-07 00:49:04.400
BTC,SELL,0.0026,9368713.000,2024-07-07 00:51:36.821
BTC,SELL,0.0159,9366050.000,2024-07-07 00:51:42.726
BTC,SELL,0.0011,9366000.000,2024-07-07 00:52:13.501
BTC,SELL,0.0082,9365000.000,2024-07-07 00:52:13.501
BTC,SELL,0.0006,9365000.000,2024-07-07 00:52:13.501
BTC,SELL,0.0101,9363603.000,2024-07-07 00:52:13.501
BTC,BUY,0.0002,9363604.000,2024-07-07 00:52:15.192
BTC,SELL,0.0100,9362634.000,2024-07-07 00:52:21.304
BTC,SELL,0.0020,9362900.000,2024-07-07 00:52:35.773
BTC,SELL,0.0100,9361050.000,2024-07-07 00:52:40.925
BTC,SELL,0.0003,9360000.000,2024-07-07 00:53:00.216
BTC,SELL,0.0001,9360000.000,2024-07-07 00:53:00.216
BTC,SELL,0.0016,9360000.000,2024-07-07 00:53:00.216
BTC,BUY,0.0009,9360068.000,2024-07-07 00:53:01.325
BTC,SELL,0.0020,9360000.000,2024-07-07 00:53:40.212
BTC,SELL,0.0064,9360000.000,2024-07-07 00:53:53.767
BTC,SELL,0.0002,9360000.000,2024-07-07 00:53:53.767
BTC,SELL,0.0010,9358030.000,2024-07-07 00:53:56.971
BTC,SELL,0.0010,9358025.000,2024-07-07 00:53:56.971
BTC,SELL,0.0019,9358000.000,2024-07-07 00:54:20.805
BTC,SELL,0.0001,9355385.000,2024-07-07 00:54:20.805
BTC,SELL,0.0004,9355385.000,2024-07-07 00:54:23.207
BTC,SELL,0.0029,9355385.000,2024-07-07 00:54:23.207
BTC,SELL,0.0600,9355385.000,2024-07-07 00:54:34.301
BTC,SELL,0.0020,9355166.000,2024-07-07 00:55:11.631
BTC,SELL,0.0040,9356600.000,2024-07-07 00:56:07.046
BTC,SELL,0.0100,9355005.000,2024-07-07 00:57:28.037
BTC,SELL,0.0010,9355000.000,2024-07-07 00:57:37.060
BTC,SELL,0.0002,9355000.000,2024-07-07 00:57:37.060
BTC,SELL,0.0002,9355000.000,2024-07-07 00:57:37.060
BTC,SELL,0.0001,9352840.000,2024-07-07 00:57:37.060
BTC,SELL,0.0430,9352415.000,2024-07-07 00:57:37.060
BTC,SELL,0.0700,9351019.000,2024-07-07 00:57:37.060
BTC,SELL,0.0300,9351009.000,2024-07-07 00:57:37.060
BTC,SELL,0.0001,9350523.000,2024-07-07 00:57:37.060
BTC,SELL,0.1000,9350001.000,2024-07-07 00:57:37.060
BTC,SELL,0.0010,9350000.000,2024-07-07 00:57:37.060
BTC,SELL,0.0003,9350000.000,2024-07-07 00:57:37.060
BTC,SELL,0.0003,9350000.000,2024-07-07 00:57:37.060
BTC,SELL,0.0100,9350000.000,2024-07-07 00:57:37.060
BTC,SELL,0.0001,9350000.000,2024-07-07 00:57:37.060
BTC,SELL,0.0001,9350000.000,2024-07-07 00:57:37.060
BTC,SELL,0.0010,9350000.000,2024-07-07 00:57:37.060
BTC,SELL,0.0001,9350000.000,2024-07-07 00:57:37.060
BTC,SELL,0.0100,9346028.000,2024-07-07 00:57:37.060
BTC,SELL,0.0171,9346027.000,2024-07-07 00:57:37.060
BTC,SELL,0.0049,9345794.000,2024-07-07 00:57:37.060
BTC,SELL,0.0200,9344887.000,2024-07-07 00:57:37.060
BTC,SELL,0.0125,9340720.000,2024-07-07 00:57:37.060
BTC,SELL,0.0535,9340693.000,2024-07-07 00:57:37.060
BTC,SELL,0.0295,9340468.000,2024-07-07 00:57:37.060
BTC,BUY,0.0001,9349922.000,2024-07-07 00:57:42.526
BTC,BUY,0.0040,9346889.000,2024-07-07 00:58:35.838
BTC,BUY,0.0002,9346889.000,2024-07-07 00:58:41.544
BTC,BUY,0.0057,9347875.000,2024-07-07 00:59:01.803
BTC,BUY,0.0059,9347876.000,2024-07-07 00:59:01.803
BTC,BUY,0.0200,9351627.000,2024-07-07 00:59:02.894
BTC,BUY,0.0001,9351628.000,2024-07-07 01:00:20.842
BTC,SELL,0.0020,9351627.000,2024-07-07 01:00:21.614
BTC,SELL,0.0026,9351627.000,2024-07-07 01:00:26.028
BTC,SELL,0.0074,9351627.000,2024-07-07 01:00:26.028
BTC,SELL,0.0100,9351627.000,2024-07-07 01:00:26.962
BTC,SELL,0.0100,9351627.000,2024-07-07 01:00:27.845
BTC,BUY,0.0001,9351651.000,2024-07-07 01:01:45.175
BTC,BUY,0.0050,9351651.000,2024-07-07 01:01:55.649
BTC,SELL,0.0100,9354050.000,2024-07-07 01:03:09.702
BTC,SELL,0.0100,9353400.000,2024-07-07 01:04:06.027
BTC,BUY,0.0424,9353401.000,2024-07-07 01:05:04.959
BTC,BUY,0.0061,9354051.000,2024-07-07 01:05:04.959
BTC,BUY,0.0050,9354431.000,2024-07-07 01:05:04.959
BTC,BUY,0.0200,9354885.000,2024-07-07 01:05:04.959
BTC,BUY,0.0961,9355233.000,2024-07-07 01:05:04.959
BTC,BUY,0.0300,9355265.000,2024-07-07 01:05:04.959
BTC,BUY,0.0101,9356422.000,2024-07-07 01:05:04.959
BTC,BUY,0.0700,9357710.000,2024-07-07 01:05:04.959
BTC,BUY,0.0102,9357711.000,2024-07-07 01:05:04.959
BTC,BUY,0.0055,9358160.000,2024-07-07 01:05:04.959
BTC,BUY,0.0546,9358260.000,2024-07-07 01:05:04.959
BTC,SELL,0.0020,9348444.000,2024-07-07 01:05:14.673
BTC,SELL,0.0020,9345200.000,2024-07-07 01:05:31.788
BTC,BUY,0.0120,9348526.000,2024-07-07 01:05:34.091
BTC,BUY,0.0580,9348617.000,2024-07-07 01:05:34.091
BTC,BUY,0.0050,9347373.000,2024-07-07 01:06:04.824
BTC,BUY,0.0010,9347685.000,2024-07-07 01:06:04.824
BTC,SELL,0.0001,9345050.000,2024-07-07 01:06:07.060
BTC,SELL,0.0001,9345050.000,2024-07-07 01:06:20.557
BTC,SELL,0.0700,9345051.000,2024-07-07 01:06:29.756
BTC,SELL,0.0999,9345050.000,2024-07-07 01:06:29.756
BTC,SELL,0.1000,9345050.000,2024-07-07 01:06:29.756
BTC,SELL,0.0953,9345019.000,2024-07-07 01:06:29.756
BTC,SELL,0.0002,9345000.000,2024-07-07 01:06:29.756
BTC,SELL,0.0300,9344789.000,2024-07-07 01:06:29.756
BTC,SELL,0.0050,9344096.000,2024-07-07 01:06:29.756
BTC,SELL,0.0300,9342925.000,2024-07-07 01:06:29.756
BTC,SELL,0.0100,9340001.000,2024-07-07 01:06:29.756
BTC,SELL,0.0003,9340000.000,2024-07-07 01:06:29.756
BTC,SELL,0.0010,9340000.000,2024-07-07 01:06:29.756
BTC,SELL,0.0100,9336697.000,2024-07-07 01:06:29.756
BTC,SELL,0.0001,9336194.000,2024-07-07 01:06:29.756
BTC,SELL,0.0200,9336040.000,2024-07-07 01:06:29.756
BTC,SELL,0.0200,9335537.000,2024-07-07 01:06:29.756
BTC,SELL,0.0001,9334836.000,2024-07-07 01:06:29.756
BTC,SELL,0.0041,9334229.000,2024-07-07 01:06:29.756
BTC,SELL,0.0040,9343214.000,2024-07-07 01:06:33.631
BTC,SELL,0.0001,9343700.000,2024-07-07 01:06:44.122
BTC,SELL,0.0001,9342800.000,2024-07-07 01:06:57.727
BTC,SELL,0.0100,9335401.000,2024-07-07 01:07:06.597
BTC,SELL,0.0500,9335515.000,2024-07-07 01:07:08.005
BTC,BUY,0.0002,9344654.000,2024-07-07 01:07:20.897
BTC,SELL,0.0001,9337150.000,2024-07-07 01:07:47.469
BTC,SELL,0.1000,9339600.000,2024-07-07 01:08:59.039
BTC,SELL,0.0250,9339600.000,2024-07-07 01:08:59.039
BTC,SELL,0.0700,9339559.000,2024-07-07 01:08:59.039
BTC,SELL,0.0050,9339555.000,2024-07-07 01:08:59.039
BTC,BUY,0.0001,9344533.000,2024-07-07 01:09:04.142
BTC,BUY,0.0099,9346700.000,2024-07-07 01:10:05.729
BTC,BUY,0.0700,9346700.000,2024-07-07 01:10:05.729
BTC,BUY,0.0540,9346703.000,2024-07-07 01:10:05.729
BTC,BUY,0.0200,9346708.000,2024-07-07 01:10:05.729
BTC,BUY,0.0953,9347026.000,2024-07-07 01:10:05.729
BTC,BUY,0.0708,9347645.000,2024-07-07 01:10:05.729
BTC,BUY,0.0050,9347653.000,2024-07-07 01:11:20.272
BTC,BUY,0.0010,9349999.000,2024-07-07 01:12:29.765
BTC,BUY,0.0001,9349841.000,2024-07-07 01:13:24.235
BTC,BUY,0.0089,9349999.000,2024-07-07 01:13:28.561
BTC,BUY,0.0131,9350000.000,2024-07-07 01:13:28.561
BTC,BUY,0.0010,9350000.000,2024-07-07 01:14:43.312
BTC,BUY,0.0002,9350000.000,2024-07-07 01:15:08.622
BTC,BUY,0.0001,9350000.000,2024-07-07 01:15:37.240
BTC,BUY,0.0005,9350000.000,2024-07-07 01:16:20.536
BTC,BUY,0.0011,9349991.000,2024-07-07 01:16:50.834
BTC,SELL,0.0001,9349999.000,2024-07-07 01:17:34.868
BTC,BUY,0.0011,9350000.000,2024-07-07 01:17:40.830
BTC,BUY,0.0067,9350000.000,2024-07-07 01:17:43.654
BTC,SELL,0.0001,9355745.000,2024-07-07 01:18:08.027
BTC,BUY,0.0002,9355746.000,2024-07-07 01:18:08.287
BTC,BUY,0.0001,9359835.000,2024-07-07 01:18:12.779
BTC,SELL,0.0001,9361140.000,2024-07-07 01:18:23.455
BTC,SELL,0.0001,9360560.000,2024-07-07 01:18:32.442
BTC,SELL,0.0001,9359650.000,2024-07-07 01:18:47.288
BTC,SELL,0.0005,9349943.000,2024-07-07 01:19:18.990
BTC,SELL,0.0332,9350185.000,2024-07-07 01:19:20.892
BTC,BUY,0.0040,9355407.000,2024-07-07 01:20:43.586
BTC,SELL,0.0005,9351937.000,2024-07-07 01:21:40.945
BTC,SELL,0.0200,9344000.000,2024-07-07 01:23:39.946
BTC,SELL,0.0001,9344550.000,2024-07-07 01:23:49.888
BTC,SELL,0.0012,9344600.000,2024-07-07 01:23:55.247
BTC,BUY,0.0008,9343795.000,2024-07-07 01:24:33.775
BTC,SELL,0.0100,9342000.000,2024-07-07 01:24:46.658
BTC,SELL,0.0040,9342000.000,2024-07-07 01:24:46.658
BTC,SELL,0.0027,9337650.000,2024-07-07 01:24:52.382
BTC,BUY,0.0001,9341662.000,2024-07-07 01:25:04.883
BTC,BUY,0.0299,9341662.000,2024-07-07 01:25:26.711
BTC,SELL,0.0020,9341662.000,2024-07-07 01:25:37.811
BTC,SELL,0.0002,9341662.000,2024-07-07 01:25:59.040
BTC,SELL,0.0020,9336954.000,2024-07-07 01:25:59.040
BTC,BUY,0.0002,9342000.000,2024-07-07 01:26:24.506
BTC,BUY,0.0200,9342000.000,2024-07-07 01:26:38.849
BTC,BUY,0.0300,9342001.000,2024-07-07 01:26:38.849
BTC,BUY,0.0231,9342675.000,2024-07-07 01:26:38.849
BTC,BUY,0.0269,9342685.000,2024-07-07 01:26:38.849
BTC,BUY,0.0005,9343160.000,2024-07-07 01:26:45.146
BTC,SELL,0.0002,9343800.000,2024-07-07 01:27:22.280
BTC,SELL,0.0010,9344500.000,2024-07-07 01:27:59.478
BTC,BUY,0.0001,9350786.000,2024-07-07 01:29:13.252
BTC,BUY,0.0001,9350786.000,2024-07-07 01:30:11.267
BTC,BUY,0.0035,9350786.000,2024-07-07 01:30:48.865
BTC,SELL,0.0500,9348900.000,2024-07-07 01:30:55.241
BTC,SELL,0.0700,9348851.000,2024-07-07 01:30:55.241
BTC,SELL,0.0953,9348401.000,2024-07-07 01:30:55.241
BTC,SELL,0.0780,9348255.000,2024-07-07 01:30:55.241
BTC,SELL,0.0950,9348250.000,2024-07-07 01:30:55.241
BTC,SELL,0.0300,9348052.000,2024-07-07 01:30:55.241
BTC,SELL,0.0077,9347195.000,2024-07-07 01:30:55.241
BTC,SELL,0.0053,9343501.000,2024-07-07 01:33:04.695
BTC,BUY,0.0001,9349623.000,2024-07-07 01:33:21.731
BTC,BUY,0.0001,9349779.000,2024-07-07 01:34:31.423
BTC,SELL,0.0100,9345602.000,2024-07-07 01:35:21.746
BTC,BUY,0.0051,9345975.000,2024-07-07 01:36:03.383
BTC,BUY,0.0003,9345976.000,2024-07-07 01:36:03.383
BTC,BUY,0.0011,9348958.000,2024-07-07 01:36:28.118
BTC,SELL,0.0028,9345751.000,2024-07-07 01:37:11.871
BTC,BUY,0.0002,9349994.000,2024-07-07 01:37:23.069
BTC,BUY,0.0010,9348729.000,2024-07-07 01:39:00.749
BTC,BUY,0.0021,9348709.000,2024-07-07 01:39:21.424
BTC,SELL,0.0050,9345000.000,2024-07-07 01:40:33.116
BTC,SELL,0.0050,9340014.000,2024-07-07 01:40:33.116
BTC,BUY,0.0040,9345223.000,2024-07-07 01:41:04.392
BTC,SELL,0.0041,9342650.000,2024-07-07 01:42:40.236
BTC,SELL,0.0050,9341717.000,2024-07-07 01:42:40.236
BTC,SELL,0.0700,9341716.000,2024-07-07 01:42:40.236
BTC,SELL,0.0500,9341710.000,2024-07-07 01:42:40.236
BTC,SELL,0.0100,9341624.000,2024-07-07 01:42:40.236
BTC,SELL,0.0050,9341004.000,2024-07-07 01:42:40.236
BTC,SELL,0.0001,9340000.000,2024-07-07 01:42:40.236
BTC,SELL,0.0535,9338288.000,2024-07-07 01:42:40.236
BTC,SELL,0.0023,9335000.000,2024-07-07 01:42:40.236
BTC,SELL,0.0007,9343438.000,2024-07-07 01:42:41.183
BTC,SELL,0.0100,9344505.000,2024-07-07 01:42:54.154
BTC,SELL,0.0700,9344504.000,2024-07-07 01:42:54.154
BTC,SELL,0.0080,9344502.000,2024-07-07 01:42:54.154
BTC,SELL,0.0010,9348014.000,2024-07-07 01:43:12.792
BTC,SELL,0.0003,9348014.000,2024-07-07 01:43:22.696
BTC,SELL,0.0007,9348014.000,2024-07-07 01:43:22.696
BTC,BUY,0.0001,9349993.000,2024-07-07 01:44:30.004
BTC,BUY,0.0002,9349992.000,2024-07-07 01:45:06.764
BTC,BUY,0.0012,9349993.000,2024-07-07 01:45:27.265
BTC,BUY,0.0050,9350000.000,2024-07-07 01:45:33.903
BTC,BUY,0.0050,9350000.000,2024-07-07 01:45:34.411
BTC,BUY,0.0098,9349999.000,2024-07-07 01:45:36.191
BTC,BUY,0.0402,9350000.000,2024-07-07 01:45:36.191
BTC,BUY,0.0050,9350000.000,2024-07-07 01:45:36.513
BTC,BUY,0.0050,9350000.000,2024-07-07 01:45:37.012
BTC,BUY,0.0050,9350000.000,2024-07-07 01:45:37.484
BTC,BUY,0.0050,9350000.000,2024-07-07 01:45:39.012
BTC,BUY,0.0050,9350000.000,2024-07-07 01:45:40.025
BTC,BUY,0.0050,9350000.000,2024-07-07 01:45:40.536
BTC,BUY,0.0100,9350000.000,2024-07-07 01:45:42.395
BTC,BUY,0.0050,9350000.000,2024-07-07 01:45:49.208
BTC,BUY,0.0050,9350000.000,2024-07-07 01:45:49.732
BTC,BUY,0.0050,9350000.000,2024-07-07 01:45:50.766
BTC,BUY,0.0050,9350000.000,2024-07-07 01:45:52.769
BTC,BUY,0.0200,9350000.000,2024-07-07 01:45:53.003
BTC,BUY,0.0050,9350000.000,2024-07-07 01:45:54.287
BTC,BUY,0.0050,9350000.000,2024-07-07 01:45:55.319
BTC,BUY,0.0050,9350000.000,2024-07-07 01:45:57.303
BTC,BUY,0.0050,9350000.000,2024-07-07 01:45:58.863
BTC,BUY,0.0050,9350000.000,2024-07-07 01:45:59.436
BTC,BUY,0.0050,9350000.000,2024-07-07 01:46:00.352
BTC,BUY,0.0050,9350000.000,2024-07-07 01:46:01.392
BTC,BUY,0.0050,9350000.000,2024-07-07 01:46:02.442
BTC,BUY,0.0050,9350000.000,2024-07-07 01:46:03.420
BTC,BUY,0.0200,9350000.000,2024-07-07 01:46:03.696
BTC,BUY,0.0050,9350000.000,2024-07-07 01:46:04.432
BTC,BUY,0.0050,9350000.000,2024-07-07 01:46:05.452
BTC,BUY,0.0050,9350000.000,2024-07-07 01:46:06.461
BTC,BUY,0.0137,9350000.000,2024-07-07 01:46:07.323
BTC,BUY,0.0063,9350786.000,2024-07-07 01:46:07.323
BTC,BUY,0.0002,9352871.000,2024-07-07 01:46:07.323
BTC,BUY,0.0100,9356092.000,2024-07-07 01:46:07.323
BTC,BUY,0.0050,9356093.000,2024-07-07 01:46:07.323
BTC,BUY,0.0001,9356965.000,2024-07-07 01:46:07.323
BTC,BUY,0.0515,9358100.000,2024-07-07 01:46:07.323
BTC,BUY,0.0132,9358828.000,2024-07-07 01:46:07.323
BTC,SELL,0.0005,9360000.000,2024-07-07 01:47:11.808
BTC,BUY,0.0006,9360348.000,2024-07-07 01:47:39.491
BTC,BUY,0.0010,9360348.000,2024-07-07 01:48:07.098
BTC,BUY,0.0001,9361000.000,2024-07-07 01:48:12.264
BTC,SELL,0.0050,9360660.000,2024-07-07 01:48:29.004
BTC,BUY,0.0054,9361000.000,2024-07-07 01:51:25.201
BTC,BUY,0.0002,9362872.000,2024-07-07 01:51:25.201
BTC,BUY,0.0044,9364567.000,2024-07-07 01:51:25.201
BTC,BUY,0.0002,9371892.000,2024-07-07 01:52:16.265
BTC,BUY,0.0050,9379970.000,2024-07-07 01:54:11.403
BTC,BUY,0.0050,9379970.000,2024-07-07 01:54:11.900
BTC,BUY,0.0050,9379993.000,2024-07-07 01:54:12.399
BTC,BUY,0.0003,9380000.000,2024-07-07 01:54:12.885
BTC,BUY,0.0001,9383138.000,2024-07-07 01:54:18.723
BTC,BUY,0.0003,9390000.000,2024-07-07 01:55:24.323
BTC,BUY,0.0001,9396059.000,2024-07-07 01:55:28.312
BTC,BUY,0.0091,9399999.000,2024-07-07 01:55:28.312
BTC,BUY,0.0003,9400000.000,2024-07-07 01:55:28.312
BTC,BUY,0.0003,9400000.000,2024-07-07 01:55:28.312
BTC,BUY,0.0102,9400000.000,2024-07-07 01:55:28.312
BTC,BUY,0.0050,9400000.000,2024-07-07 01:55:28.997
BTC,BUY,0.0400,9400000.000,2024-07-07 01:55:29.001
BTC,BUY,0.0400,9400000.000,2024-07-07 01:55:29.520
BTC,BUY,0.0200,9400000.000,2024-07-07 01:55:29.524
BTC,BUY,0.0050,9400000.000,2024-07-07 01:55:29.528
BTC,BUY,0.0100,9400000.000,2024-07-07 01:55:30.012
BTC,BUY,0.0001,9400000.000,2024-07-07 01:55:56.926
BTC,SELL,0.0010,9399280.000,2024-07-07 01:56:12.647
BTC,BUY,0.0002,9399281.000,2024-07-07 01:56:16.803
BTC,BUY,0.0008,9400000.000,2024-07-07 01:56:16.803
BTC,SELL,0.0021,9391127.000,2024-07-07 01:56:25.784
BTC,BUY,0.0002,9390001.000,2024-07-07 01:56:38.966
BTC,BUY,0.0020,9398189.000,2024-07-07 01:56:38.966
BTC,BUY,0.0002,9390001.000,2024-07-07 01:57:24.498
BTC,SELL,0.0001,9390000.000,2024-07-07 01:57:42.326
BTC,SELL,0.0049,9382961.000,2024-07-07 01:57:42.326
BTC,SELL,0.0059,9380948.000,2024-07-07 01:58:04.381
BTC,SELL,0.0002,9380950.000,2024-07-07 01:58:06.959
BTC,BUY,0.0001,9380445.000,2024-07-07 01:59:46.478
BTC,BUY,0.0001,9380316.000,2024-07-07 01:59:49.453
BTC,SELL,0.0010,9381076.000,2024-07-07 02:02:42.773
BTC,BUY,0.0002,9386161.000,2024-07-07 02:04:04.491
BTC,BUY,0.0038,9391549.000,2024-07-07 02:04:04.491
BTC,SELL,0.0008,9389999.000,2024-07-07 02:04:11.299
BTC,SELL,0.0020,9391570.000,2024-07-07 02:04:35.582
BTC,BUY,0.0010,9390309.000,2024-07-07 02:05:02.023
BTC,SELL,0.0010,9389181.000,2024-07-07 02:05:03.111
BTC,SELL,0.0010,9389073.000,2024-07-07 02:05:12.732
BTC,SELL,0.0010,9389073.000,2024-07-07 02:05:32.669
BTC,SELL,0.0032,9389073.000,2024-07-07 02:05:57.766
BTC,SELL,0.0468,9389073.000,2024-07-07 02:05:57.766
BTC,BUY,0.0050,9389074.000,2024-07-07 02:05:59.115
BTC,SELL,0.0010,9391571.000,2024-07-07 02:06:32.730
BTC,SELL,0.0010,9391571.000,2024-07-07 02:06:42.698
BTC,SELL,0.0010,9391571.000,2024-07-07 02:06:52.651
BTC,SELL,0.0010,9391571.000,2024-07-07 02:07:12.668
BTC,BUY,0.0002,9391572.000,2024-07-07 02:08:03.815
BTC,BUY,0.0048,9391572.000,2024-07-07 02:08:03.815
BTC,BUY,0.0002,9395000.000,2024-07-07 02:08:32.306
BTC,BUY,0.0013,9396135.000,2024-07-07 02:08:34.264
BTC,BUY,0.0098,9396135.000,2024-07-07 02:09:02.866
BTC,SELL,0.0010,9396133.000,2024-07-07 02:09:32.684
BTC,BUY,0.0050,9396134.000,2024-07-07 02:10:53.300
BTC,BUY,0.0050,9396135.000,2024-07-07 02:10:55.840
BTC,BUY,0.0050,9396135.000,2024-07-07 02:10:56.284
BTC,BUY,0.0050,9396135.000,2024-07-07 02:10:57.321
BTC,BUY,0.0050,9396135.000,2024-07-07 02:10:58.324
BTC,BUY,0.0050,9396135.000,2024-07-07 02:10:59.346
BTC,BUY,0.0050,9396135.000,2024-07-07 02:11:00.871
BTC,BUY,0.0015,9396135.000,2024-07-07 02:11:16.324
BTC,BUY,0.0074,9396135.000,2024-07-07 02:11:22.623
BTC,BUY,0.0050,9400000.000,2024-07-07 02:11:23.181
BTC,BUY,0.0050,9400000.000,2024-07-07 02:11:47.913
BTC,BUY,0.0002,9400000.000,2024-07-07 02:11:47.913
BTC,SELL,0.0001,9400000.000,2024-07-07 02:11:48.244
BTC,BUY,0.0001,9404025.000,2024-07-07 02:11:50.214
BTC,SELL,0.0050,9406834.000,2024-07-07 02:12:11.265
BTC,SELL,0.0027,9400000.000,2024-07-07 02:12:12.771
BTC,SELL,0.0023,9396135.000,2024-07-07 02:12:18.237
BTC,SELL,0.0020,9396133.000,2024-07-07 02:12:36.971
BTC,BUY,0.0060,9396134.000,2024-07-07 02:12:53.732
BTC,SELL,0.0080,9396133.000,2024-07-07 02:13:28.076
BTC,SELL,0.0070,9390480.000,2024-07-07 02:13:28.076
BTC,BUY,0.0050,9396134.000,2024-07-07 02:13:59.592
BTC,BUY,0.0050,9396134.000,2024-07-07 02:14:00.099
BTC,BUY,0.0050,9396134.000,2024-07-07 02:14:00.594
BTC,BUY,0.0026,9396134.000,2024-07-07 02:14:08.744
BTC,BUY,0.0024,9396134.000,2024-07-07 02:14:12.264
BTC,BUY,0.0026,9396134.000,2024-07-07 02:14:12.264
BTC,SELL,0.0040,9396434.000,2024-07-07 02:14:29.775
BTC,SELL,0.0015,9396141.000,2024-07-07 02:14:29.775
BTC,BUY,0.0500,9403085.000,2024-07-07 02:14:52.289
BTC,BUY,0.0100,9402409.000,2024-07-07 02:15:50.880
BTC,SELL,0.0100,9402959.000,2024-07-07 02:16:39.119
BTC,BUY,0.0041,9393456.000,2024-07-07 02:17:27.821
BTC,BUY,0.0005,9396258.000,2024-07-07 02:18:45.914
BTC,BUY,0.0050,9398651.000,2024-07-07 02:18:57.239
BTC,SELL,0.0010,9405246.000,2024-07-07 02:19:27.854
BTC,BUY,0.0002,9410000.000,2024-07-07 02:19:52.354
BTC,BUY,0.0001,9410000.000,2024-07-07 02:19:57.621
BTC,BUY,0.0040,9414430.000,2024-07-07 02:19:58.969
BTC,BUY,0.0008,9415000.000,2024-07-07 02:20:53.159
BTC,SELL,0.0199,9403281.000,2024-07-07 02:21:27.273
BTC,SELL,0.0490,9403263.000,2024-07-07 02:21:27.273
BTC,SELL,0.0050,9398918.000,2024-07-07 02:21:27.273
BTC,SELL,0.0100,9398013.000,2024-07-07 02:21:27.273
BTC,SELL,0.0100,9398012.000,2024-07-07 02:21:27.273
BTC,SELL,0.0061,9397138.000,2024-07-07 02:21:27.273
BTC,SELL,0.0002,9399997.000,2024-07-07 02:23:07.736
BTC,BUY,0.0050,9399998.000,2024-07-07 02:23:08.117
BTC,BUY,0.0012,9401513.000,2024-07-07 02:23:09.312
BTC,SELL,0.0010,9403029.000,2024-07-07 02:23:12.056
BTC,SELL,0.0055,9401736.000,2024-07-07 02:24:42.981
BTC,SELL,0.0005,9390001.000,2024-07-07 02:26:20.912
BTC,SELL,0.0057,9387742.000,2024-07-07 02:26:44.001
BTC,SELL,0.0001,9387741.000,2024-07-07 02:26:44.001
BTC,BUY,0.0030,9380317.000,2024-07-07 02:26:45.662
BTC,BUY,0.0013,9380317.000,2024-07-07 02:27:01.108
BTC,BUY,0.0050,9380317.000,2024-07-07 02:27:01.163
BTC,BUY,0.0037,9380317.000,2024-07-07 02:27:05.853
BTC,BUY,0.0044,9383991.000,2024-07-07 02:27:10.227
BTC,BUY,0.0005,9384054.000,2024-07-07 02:27:25.765
BTC,BUY,0.0013,9384054.000,2024-07-07 02:27:26.230
BTC,SELL,0.0050,9390683.000,2024-07-07 02:28:52.855
BTC,BUY,0.0001,9387376.000,2024-07-07 02:31:27.484
BTC,BUY,0.0040,9384001.000,2024-07-07 02:32:28.819
BTC,BUY,0.0004,9384001.000,2024-07-07 02:32:29.137
BTC,BUY,0.0050,9380317.000,2024-07-07 02:32:40.046
BTC,BUY,0.0002,9383369.000,2024-07-07 02:32:43.073
BTC,BUY,0.0002,9386714.000,2024-07-07 02:33:15.558
BTC,BUY,0.0003,9386714.000,2024-07-07 02:33:24.828
BTC,SELL,0.0001,9380316.000,2024-07-07 02:33:41.304
BTC,SELL,0.0030,9380315.000,2024-07-07 02:33:55.290
BTC,BUY,0.0005,9380316.000,2024-07-07 02:34:00.321
BTC,BUY,0.0050,9380316.000,2024-07-07 02:34:08.815
BTC,BUY,0.0050,9380316.000,2024-07-07 02:34:10.339
BTC,BUY,0.0050,9380316.000,2024-07-07 02:34:11.336
BTC,BUY,0.0050,9380316.000,2024-07-07 02:34:12.371
BTC,BUY,0.0050,9380316.000,2024-07-07 02:34:13.347
BTC,BUY,0.0050,9380316.000,2024-07-07 02:34:14.362
BTC,BUY,0.0050,9380316.000,2024-07-07 02:34:15.910
BTC,BUY,0.0050,9380316.000,2024-07-07 02:34:16.379
BTC,BUY,0.0050,9380316.000,2024-07-07 02:34:17.914
BTC,BUY,0.0050,9380316.000,2024-07-07 02:34:18.416
BTC,BUY,0.0050,9380316.000,2024-07-07 02:34:19.423
BTC,BUY,0.0050,9380316.000,2024-07-07 02:34:20.441
BTC,BUY,0.0464,9380316.000,2024-07-07 02:34:45.643
BTC,BUY,0.0001,9385236.000,2024-07-07 02:35:19.845
BTC,BUY,0.0001,9384070.000,2024-07-07 02:35:25.773
BTC,SELL,0.0002,9388018.000,2024-07-07 02:37:19.638
BTC,SELL,0.0008,9384000.000,2024-07-07 02:37:19.638
BTC,BUY,0.0006,9386421.000,2024-07-07 02:37:22.308
BTC,SELL,0.0002,9384000.000,2024-07-07 02:37:27.066
BTC,BUY,0.0088,9388407.000,2024-07-07 02:38:37.561
BTC,BUY,0.0046,9388408.000,2024-07-07 02:38:37.561
BTC,BUY,0.0166,9391175.000,2024-07-07 02:38:37.561
BTC,BUY,0.0035,9391915.000,2024-07-07 02:38:38.228
BTC,BUY,0.0490,9391909.000,2024-07-07 02:38:56.702
BTC,BUY,0.0021,9390797.000,2024-07-07 02:39:39.486
BTC,BUY,0.0001,9395330.000,2024-07-07 02:40:45.003
BTC,BUY,0.0499,9398625.000,2024-07-07 02:40:45.003
BTC,BUY,0.0002,9398639.000,2024-07-07 02:42:27.396
BTC,BUY,0.0001,9398640.000,2024-07-07 02:44:43.336
BTC,BUY,0.0399,9399299.000,2024-07-07 02:44:43.336
BTC,BUY,0.0005,9399299.000,2024-07-07 02:45:24.822
BTC,SELL,0.0110,9394879.000,2024-07-07 02:45:58.262
BTC,BUY,0.0001,9399285.000,2024-07-07 02:46:18.450
BTC,BUY,0.0011,9391340.000,2024-07-07 02:46:54.186
BTC,BUY,0.0030,9391339.000,2024-07-07 02:47:00.664
BTC,BUY,0.0009,9391750.000,2024-07-07 02:47:30.699
BTC,BUY,0.0331,9390524.000,2024-07-07 02:48:28.337
BTC,BUY,0.0069,9390524.000,2024-07-07 02:48:28.337
BTC,SELL,0.0001,9390000.000,2024-07-07 02:48:43.261
BTC,BUY,0.0019,9399299.000,2024-07-07 02:50:02.919
BTC,BUY,0.0001,9399299.000,2024-07-07 02:50:10.970
BTC,BUY,0.0002,9399299.000,2024-07-07 02:50:28.204
BTC,BUY,0.0112,9399299.000,2024-07-07 02:50:30.324
BTC,BUY,0.0001,9399299.000,2024-07-07 02:50:49.928
BTC,BUY,0.0004,9399299.000,2024-07-07 02:51:11.728
BTC,SELL,0.0001,9396384.000,2024-07-07 02:51:56.525
BTC,SELL,0.0072,9396055.000,2024-07-07 02:51:56.525
BTC,BUY,0.0016,9399299.000,2024-07-07 02:52:14.320
BTC,BUY,0.0006,9396229.000,2024-07-07 02:52:24.252
BTC,SELL,0.0002,9391250.000,2024-07-07 02:52:28.205
BTC,BUY,0.0020,9388115.000,2024-07-07 02:53:17.082
BTC,BUY,0.0001,9393895.000,2024-07-07 02:54:03.469
BTC,BUY,0.0001,9394315.000,2024-07-07 02:54:42.531
BTC,BUY,0.0099,9399000.000,2024-07-07 02:56:09.520
BTC,BUY,0.0001,9398464.000,2024-07-07 02:56:47.412
BTC,SELL,0.0717,9398463.000,2024-07-07 02:56:50.365
BTC,SELL,0.0896,9398463.000,2024-07-07 02:56:50.472
BTC,BUY,0.0001,9399000.000,2024-07-07 02:57:55.789
BTC,SELL,0.0120,9398999.000,2024-07-07 02:58:43.995
BTC,SELL,0.0100,9398999.000,2024-07-07 02:58:43.995
BTC,SELL,0.0950,9398995.000,2024-07-07 02:58:43.995
BTC,SELL,0.0940,9398995.000,2024-07-07 02:58:43.995
BTC,SELL,0.0200,9398933.000,2024-07-07 02:58:43.995
BTC,SELL,0.0408,9398380.000,2024-07-07 02:58:43.995
BTC,SELL,0.0969,9398379.000,2024-07-07 02:58:43.995
BTC,SELL,0.0050,9398045.000,2024-07-07 02:58:43.995
BTC,BUY,0.0008,9398000.000,2024-07-07 02:58:55.936
BTC,BUY,0.0300,9398000.000,2024-07-07 02:58:58.271
BTC,BUY,0.0400,9398000.000,2024-07-07 02:58:58.564
BTC,BUY,0.0800,9398000.000,2024-07-07 02:58:59.127
BTC,BUY,0.0100,9398000.000,2024-07-07 02:58:59.311
BTC,BUY,0.0400,9398000.000,2024-07-07 02:59:00.301
BTC,BUY,0.0068,9398000.000,2024-07-07 02:59:00.380
BTC,BUY,0.0100,9398000.000,2024-07-07 02:59:00.542
BTC,BUY,0.3969,9398000.000,2024-07-07 02:59:01.076
BTC,BUY,0.0155,9398000.000,2024-07-07 02:59:01.812
BTC,BUY,0.0200,9398000.000,2024-07-07 02:59:01.817
BTC,BUY,0.0400,9398000.000,2024-07-07 02:59:02.120
BTC,BUY,0.0100,9398000.000,2024-07-07 02:59:02.784
BTC,BUY,0.0163,9398000.000,2024-07-07 02:59:02.900
BTC,BUY,0.0237,9399299.000,2024-07-07 02:59:02.900
BTC,BUY,0.0100,9399299.000,2024-07-07 02:59:03.060
BTC,BUY,0.0104,9399299.000,2024-07-07 02:59:03.487
BTC,BUY,0.0060,9400000.000,2024-07-07 02:59:03.487
BTC,BUY,0.0002,9400000.000,2024-07-07 02:59:03.487
BTC,BUY,0.0234,9400736.000,2024-07-07 02:59:03.487
BTC,BUY,0.0200,9400736.000,2024-07-07 02:59:04.392
BTC,BUY,0.0039,9399455.000,2024-07-07 02:59:05.449
BTC,BUY,0.0300,9399455.000,2024-07-07 02:59:06.068
BTC,BUY,0.0100,9399455.000,2024-07-07 02:59:06.069
BTC,BUY,0.0561,9399455.000,2024-07-07 02:59:06.141
BTC,BUY,0.0100,9400736.000,2024-07-07 02:59:06.208
BTC,BUY,0.0210,9400736.000,2024-07-07 02:59:06.291
BTC,BUY,0.0050,9400736.000,2024-07-07 02:59:06.294
BTC,BUY,0.0206,9400736.000,2024-07-07 02:59:06.377
BTC,BUY,0.0002,9405000.000,2024-07-07 02:59:06.377
BTC,BUY,0.0002,9405588.000,2024-07-07 02:59:06.377
BTC,BUY,0.0171,9408698.000,2024-07-07 02:59:06.377
BTC,BUY,0.0050,9409874.000,2024-07-07 02:59:06.377
BTC,BUY,0.0002,9410578.000,2024-07-07 02:59:06.377
BTC,BUY,0.0067,9414565.000,2024-07-07 02:59:06.377
BTC,BUY,0.0400,9414995.000,2024-07-07 02:59:07.092
BTC,BUY,0.0231,9415030.000,2024-07-07 02:59:07.317
BTC,BUY,0.1000,9404768.000,2024-07-07 02:59:08.494
BTC,SELL,0.0098,9408072.000,2024-07-07 02:59:27.385
BTC,BUY,0.0040,9409263.000,2024-07-07 02:59:48.427
BTC,BUY,0.0001,9409262.000,2024-07-07 03:00:02.667
BTC,BUY,0.0011,9408730.000,2024-07-07 03:00:06.907
BTC,BUY,0.0011,9408730.000,2024-07-07 03:00:06.984
BTC,BUY,0.0002,9408690.000,2024-07-07 03:00:07.974
BTC,BUY,0.0002,9407475.000,2024-07-07 03:00:26.016
BTC,BUY,0.0001,9407475.000,2024-07-07 03:00:26.115
BTC,BUY,0.0010,9407473.000,2024-07-07 03:00:28.639
BTC,SELL,0.0001,9404768.000,2024-07-07 03:00:41.485
BTC,SELL,0.0140,9402850.000,2024-07-07 03:00:41.485
BTC,SELL,0.0459,9402840.000,2024-07-07 03:00:41.485
BTC,SELL,0.0001,9402840.000,2024-07-07 03:00:41.611
BTC,BUY,0.0001,9401680.000,2024-07-07 03:01:33.757
BTC,SELL,0.0048,9400000.000,2024-07-07 03:03:13.641
BTC,BUY,0.0001,9393465.000,2024-07-07 03:03:32.889
BTC,BUY,0.0002,9392625.000,2024-07-07 03:03:54.414
BTC,BUY,0.0001,9384310.000,2024-07-07 03:04:04.126
BTC,SELL,0.0037,9380000.000,2024-07-07 03:04:12.996
BTC,BUY,0.0100,9376320.000,2024-07-07 03:04:14.414
BTC,BUY,0.0050,9381430.000,2024-07-07 03:04:24.180
BTC,BUY,0.0475,9381815.000,2024-07-07 03:04:26.427
BTC,BUY,0.0001,9382100.000,2024-07-07 03:05:42.725
BTC,BUY,0.0010,9390135.000,2024-07-07 03:06:14.958
BTC,SELL,0.0002,9388074.000,2024-07-07 03:06:30.124
BTC,BUY,0.0020,9383825.000,2024-07-07 03:06:37.946
BTC,BUY,0.0107,9383575.000,2024-07-07 03:07:34.166
BTC,SELL,0.0002,9376664.000,2024-07-07 03:08:42.454
BTC,SELL,0.0100,9374197.000,2024-07-07 03:08:43.519
BTC,SELL,0.0010,9371000.000,2024-07-07 03:09:06.433
BTC,SELL,0.0010,9371000.000,2024-07-07 03:09:06.433
BTC,SELL,0.0003,9370000.000,2024-07-07 03:09:14.923
BTC,SELL,0.0015,9370000.000,2024-07-07 03:09:14.923
BTC,SELL,0.0003,9360874.000,2024-07-07 03:09:41.231
BTC,BUY,0.0001,9360875.000,2024-07-07 03:10:45.198
BTC,BUY,0.0008,9363595.000,2024-07-07 03:10:57.823
BTC,SELL,0.0500,9363595.000,2024-07-07 03:12:26.421
BTC,BUY,0.0056,9360875.000,2024-07-07 03:12:30.174
BTC,BUY,0.0098,9361075.000,2024-07-07 03:12:30.174
BTC,BUY,0.0146,9361605.000,2024-07-07 03:12:30.174
BTC,SELL,0.0002,9361604.000,2024-07-07 03:13:02.335
BTC,SELL,0.0002,9360874.000,2024-07-07 03:13:02.335
BTC,SELL,0.0096,9360874.000,2024-07-07 03:13:02.335
BTC,SELL,0.0004,9360874.000,2024-07-07 03:13:05.734
BTC,SELL,0.0003,9360000.000,2024-07-07 03:13:06.751
BTC,SELL,0.0001,9360000.000,2024-07-07 03:13:06.751
BTC,SELL,0.0001,9353000.000,2024-07-07 03:13:08.288
BTC,SELL,0.0099,9350936.000,2024-07-07 03:13:08.288
BTC,SELL,0.0003,9350000.000,2024-07-07 03:13:08.763
BTC,SELL,0.0003,9350000.000,2024-07-07 03:13:08.763
BTC,SELL,0.0100,9350000.000,2024-07-07 03:13:08.763
BTC,SELL,0.0010,9350000.000,2024-07-07 03:13:08.763
BTC,SELL,0.0002,9350000.000,2024-07-07 03:13:08.763
BTC,SELL,0.0100,9350000.000,2024-07-07 03:13:08.763
BTC,BUY,0.0096,9346516.000,2024-07-07 03:13:11.224
BTC,BUY,0.0004,9348305.000,2024-07-07 03:13:11.224
BTC,SELL,0.0005,9346515.000,2024-07-07 03:13:21.906
BTC,SELL,0.0002,9346515.000,2024-07-07 03:13:21.906
BTC,SELL,0.0001,9344097.000,2024-07-07 03:13:22.538
BTC,SELL,0.0001,9343307.000,2024-07-07 03:13:23.909
BTC,SELL,0.0001,9341752.000,2024-07-07 03:13:27.585
BTC,SELL,0.0002,9341752.000,2024-07-07 03:13:27.585
BTC,SELL,0.0001,9340940.000,2024-07-07 03:13:28.224
BTC,SELL,0.0003,9340000.000,2024-07-07 03:13:29.221
BTC,SELL,0.0001,9335624.000,2024-07-07 03:13:29.440
BTC,SELL,0.0072,9335194.000,2024-07-07 03:13:29.440
BTC,SELL,0.0127,9335000.000,2024-07-07 03:13:29.440
BTC,BUY,0.0500,9339994.000,2024-07-07 03:13:29.895
BTC,SELL,0.0010,9335000.000,2024-07-07 03:13:29.940
BTC,BUY,0.0104,9334965.000,2024-07-07 03:13:35.792
BTC,BUY,0.0396,9338830.000,2024-07-07 03:13:35.792
BTC,BUY,0.0193,9340715.000,2024-07-07 03:13:40.357
BTC,BUY,0.0060,9347157.000,2024-07-07 03:14:14.805
BTC,BUY,0.0100,9347157.000,2024-07-07 03:14:14.805
BTC,BUY,0.0700,9347157.000,2024-07-07 03:14:14.805
BTC,BUY,0.0730,9347157.000,2024-07-07 03:14:14.805
BTC,BUY,0.0958,9347157.000,2024-07-07 03:14:14.805
BTC,BUY,0.0452,9347157.000,2024-07-07 03:14:14.805
BTC,SELL,0.0002,9347156.000,2024-07-07 03:14:15.286
BTC,SELL,0.2868,9345000.000,2024-07-07 03:14:15.286
BTC,SELL,0.0100,9345000.000,2024-07-07 03:14:15.329
BTC,SELL,0.0093,9345000.000,2024-07-07 03:14:16.638
BTC,SELL,0.0030,9345000.000,2024-07-07 03:14:16.768
BTC,SELL,0.0022,9345000.000,2024-07-07 03:14:25.226
BTC,SELL,0.0100,9345000.000,2024-07-07 03:14:26.188
BTC,SELL,0.0100,9345000.000,2024-07-07 03:14:26.191
BTC,SELL,0.0070,9345000.000,2024-07-07 03:14:30.743
BTC,BUY,0.0002,9346750.000,2024-07-07 03:14:32.519
BTC,BUY,0.1000,9346500.000,2024-07-07 03:14:41.110
BTC,BUY,0.0535,9346450.000,2024-07-07 03:14:45.668
BTC,BUY,0.0700,9346498.000,2024-07-07 03:14:45.668
BTC,SELL,0.0124,9347000.000,2024-07-07 03:14:48.020
BTC,SELL,0.0100,9347000.000,2024-07-07 03:15:00.171
BTC,BUY,0.1000,9347650.000,2024-07-07 03:15:02.336
BTC,BUY,0.0700,9347699.000,2024-07-07 03:15:02.336
BTC,BUY,0.1000,9347700.000,2024-07-07 03:15:02.336
BTC,SELL,0.0100,9348000.000,2024-07-07 03:15:02.642
BTC,SELL,0.0100,9348000.000,2024-07-07 03:15:08.463
BTC,SELL,0.0100,9348000.000,2024-07-07 03:15:08.538
BTC,SELL,0.0100,9348000.000,2024-07-07 03:15:09.093
BTC,BUY,0.0022,9348001.000,2024-07-07 03:15:09.558
BTC,SELL,0.0200,9348000.000,2024-07-07 03:15:09.625
BTC,SELL,0.0020,9348000.000,2024-07-07 03:15:10.098
BTC,SELL,0.0200,9348000.000,2024-07-07 03:15:10.655
BTC,SELL,0.0075,9348000.000,2024-07-07 03:15:11.966
BTC,BUY,0.0078,9348001.000,2024-07-07 03:15:19.526
BTC,BUY,0.0100,9348001.000,2024-07-07 03:15:19.526
BTC,SELL,0.0271,9348001.000,2024-07-07 03:15:28.731
BTC,BUY,0.0500,9350899.000,2024-07-07 03:15:31.921
BTC,SELL,0.0029,9348001.000,2024-07-07 03:15:34.224
BTC,BUY,0.0500,9350499.000,2024-07-07 03:15:42.874
BTC,SELL,0.0100,9348001.000,2024-07-07 03:15:45.877
BTC,SELL,0.0200,9348001.000,2024-07-07 03:15:46.365
BTC,SELL,0.0183,9348002.000,2024-07-07 03:15:51.000
BTC,SELL,0.0814,9348002.000,2024-07-07 03:16:03.722
BTC,SELL,0.0028,9348550.000,2024-07-07 03:16:24.755
BTC,BUY,0.0001,9357250.000,2024-07-07 03:16:35.510
BTC,SELL,0.0500,9350200.000,2024-07-07 03:17:03.730
BTC,BUY,0.0001,9355849.000,2024-07-07 03:17:56.948
BTC,SELL,0.0200,9348002.000,2024-07-07 03:18:04.046
BTC,SELL,0.0100,9348002.000,2024-07-07 03:18:06.230
BTC,SELL,0.0100,9348002.000,2024-07-07 03:18:08.900
BTC,SELL,0.0100,9348002.000,2024-07-07 03:18:08.972
BTC,SELL,0.0200,9348002.000,2024-07-07 03:18:09.535
BTC,SELL,0.0088,9348002.000,2024-07-07 03:18:09.983
BTC,SELL,0.0002,9345000.000,2024-07-07 03:18:17.259
BTC,BUY,0.0001,9347400.000,2024-07-07 03:18:32.313
BTC,BUY,0.0005,9347399.000,2024-07-07 03:18:33.725
BTC,SELL,0.0002,9335000.000,2024-07-07 03:18:42.240
BTC,SELL,0.0001,9334964.000,2024-07-07 03:18:47.292
BTC,SELL,0.0001,9333099.000,2024-07-07 03:18:47.292
BTC,SELL,0.0001,9332018.000,2024-07-07 03:18:47.292
BTC,SELL,0.0497,9330879.000,2024-07-07 03:18:47.292
BTC,BUY,0.0310,9342073.000,2024-07-07 03:19:04.554
BTC,BUY,0.0001,9342076.000,2024-07-07 03:19:16.663
BTC,SELL,0.0005,9339000.000,2024-07-07 03:19:25.134
BTC,SELL,0.0007,9338999.000,2024-07-07 03:19:34.771
BTC,SELL,0.0300,9338095.000,2024-07-07 03:19:34.771
BTC,SELL,0.0100,9335365.000,2024-07-07 03:19:34.771
BTC,SELL,0.0593,9335365.000,2024-07-07 03:19:34.771
BTC,SELL,0.0002,9336451.000,2024-07-07 03:20:00.294
BTC,BUY,0.0004,9339136.000,2024-07-07 03:21:14.897
BTC,BUY,0.0003,9342076.000,2024-07-07 03:24:53.270
BTC,BUY,0.0700,9346590.000,2024-07-07 03:24:53.270
BTC,BUY,0.0098,9346590.000,2024-07-07 03:24:53.270
BTC,BUY,0.0005,9346591.000,2024-07-07 03:24:53.270
BTC,BUY,0.0300,9348990.000,2024-07-07 03:24:53.270
BTC,BUY,0.0002,9350000.000,2024-07-07 03:24:53.270
BTC,BUY,0.0166,9351397.000,2024-07-07 03:24:53.270
BTC,BUY,0.0033,9352920.000,2024-07-07 03:24:53.270
BTC,BUY,0.0560,9353440.000,2024-07-07 03:24:53.270
BTC,BUY,0.0133,9354776.000,2024-07-07 03:24:53.270
BTC,BUY,0.0002,9349950.000,2024-07-07 03:25:04.989
BTC,SELL,0.0100,9347674.000,2024-07-07 03:25:11.408
BTC,SELL,0.0033,9341581.000,2024-07-07 03:25:38.736
BTC,SELL,0.0019,9339317.000,2024-07-07 03:25:44.226
BTC,BUY,0.0005,9346483.000,2024-07-07 03:26:20.839
BTC,BUY,0.0004,9351200.000,2024-07-07 03:28:25.767
BTC,BUY,0.0004,9350900.000,2024-07-07 03:28:47.675
BTC,SELL,0.0127,9350898.000,2024-07-07 03:30:15.118
BTC,BUY,0.0001,9345448.000,2024-07-07 03:33:26.111
BTC,BUY,0.0099,9345128.000,2024-07-07 03:33:54.326
BTC,BUY,0.0011,9350932.000,2024-07-07 03:33:54.326
BTC,SELL,0.0020,9343251.000,2024-07-07 03:34:01.965
BTC,SELL,0.0300,9343250.000,2024-07-07 03:34:08.843
BTC,SELL,0.0171,9341579.000,2024-07-07 03:34:08.843
BTC,SELL,0.0045,9339840.000,2024-07-07 03:34:08.843
BTC,SELL,0.0484,9339762.000,2024-07-07 03:34:08.843
BTC,SELL,0.0760,9340233.000,2024-07-07 03:34:20.767
BTC,SELL,0.0240,9340200.000,2024-07-07 03:34:20.767
BTC,BUY,0.0500,9346656.000,2024-07-07 03:34:23.448
BTC,BUY,0.0100,9346660.000,2024-07-07 03:34:39.660
BTC,BUY,0.0010,9347076.000,2024-07-07 03:35:20.486
BTC,BUY,0.0001,9348935.000,2024-07-07 03:35:25.483
BTC,BUY,0.0001,9352448.000,2024-07-07 03:38:54.839
BTC,SELL,0.0020,9349249.000,2024-07-07 03:42:20.609
BTC,SELL,0.0006,9343295.000,2024-07-07 03:42:26.731
BTC,BUY,0.0006,9346072.000,2024-07-07 03:43:08.968
BTC,BUY,0.0101,9346073.000,2024-07-07 03:43:08.968
BTC,BUY,0.0005,9348774.000,2024-07-07 03:46:22.624
BTC,BUY,0.0100,9340001.000,2024-07-07 03:46:40.121
BTC,SELL,0.0010,9340000.000,2024-07-07 03:46:41.331
BTC,SELL,0.0001,9340000.000,2024-07-07 03:46:46.758
BTC,SELL,0.1000,9341950.000,2024-07-07 03:48:01.726
BTC,SELL,0.0125,9341920.000,2024-07-07 03:48:01.726
BTC,SELL,0.0700,9341851.000,2024-07-07 03:48:01.726
BTC,SELL,0.1000,9341850.000,2024-07-07 03:48:01.726
BTC,SELL,0.0100,9341515.000,2024-07-07 03:48:01.726
BTC,SELL,0.0100,9341134.000,2024-07-07 03:48:01.726
BTC,SELL,0.0050,9341133.000,2024-07-07 03:48:01.726
BTC,SELL,0.0943,9340881.000,2024-07-07 03:48:01.726
BTC,SELL,0.0010,9340001.000,2024-07-07 03:48:01.726
BTC,BUY,0.0020,9340000.000,2024-07-07 03:48:05.776
BTC,BUY,0.0093,9340000.000,2024-07-07 03:48:17.614
BTC,BUY,0.0006,9340000.000,2024-07-07 03:48:20.311
BTC,BUY,0.0004,9340000.000,2024-07-07 03:48:24.705
BTC,BUY,0.0001,9343044.000,2024-07-07 03:48:55.286
BTC,BUY,0.0003,9344936.000,2024-07-07 03:50:24.564
BTC,SELL,0.0040,9343001.000,2024-07-07 03:52:01.046
BTC,SELL,0.0020,9342401.000,2024-07-07 03:52:39.162
BTC,SELL,0.0034,9342401.000,2024-07-07 03:52:40.231
BTC,SELL,0.0010,9335000.000,2024-07-07 03:52:56.260
BTC,SELL,0.0002,9335000.000,2024-07-07 03:52:56.260
BTC,SELL,0.0003,9330000.000,2024-07-07 03:52:56.466
BTC,SELL,0.0012,9330000.000,2024-07-07 03:52:56.466
BTC,SELL,0.0008,9330000.000,2024-07-07 03:52:56.910
BTC,SELL,0.0001,9330000.000,2024-07-07 03:52:56.910
BTC,SELL,0.0011,9330000.000,2024-07-07 03:52:56.910
BTC,BUY,0.0005,9340000.000,2024-07-07 03:54:44.284
BTC,BUY,0.0006,9340000.000,2024-07-07 03:55:01.835
BTC,BUY,0.0089,9340000.000,2024-07-07 03:55:24.309
BTC,BUY,0.0001,9341196.000,2024-07-07 03:55:41.535
BTC,BUY,0.0005,9345583.000,2024-07-07 03:55:41.535
BTC,SELL,0.0028,9341050.000,2024-07-07 03:56:27.732
BTC,SELL,0.0001,9341100.000,2024-07-07 03:56:37.901
BTC,BUY,0.0020,9340785.000,2024-07-07 03:56:41.821
BTC,BUY,0.0025,9342272.000,2024-07-07 03:56:50.044
BTC,BUY,0.0075,9342935.000,2024-07-07 03:56:50.044
BTC,SELL,0.0050,9340650.000,2024-07-07 03:57:07.756
BTC,BUY,0.0002,9339915.000,2024-07-07 03:59:40.227
BTC,BUY,0.0001,9340231.000,2024-07-07 04:00:26.155
BTC,BUY,0.0025,9339190.000,2024-07-07 04:00:34.993
BTC,BUY,0.0009,9339090.000,2024-07-07 04:00:43.201
BTC,BUY,0.0028,9338313.000,2024-07-07 04:01:42.419
BTC,SELL,0.0063,9336403.000,2024-07-07 04:02:03.612
BTC,SELL,0.0037,9336403.000,2024-07-07 04:02:03.612
BTC,SELL,0.0020,9335704.000,2024-07-07 04:02:08.798
BTC,BUY,0.0002,9337811.000,2024-07-07 04:02:32.972
BTC,BUY,0.0001,9339819.000,2024-07-07 04:02:46.663
BTC,BUY,0.0001,9340049.000,2024-07-07 04:03:50.659
BTC,SELL,0.0005,9335700.000,2024-07-07 04:04:49.328
BTC,SELL,0.0021,9335500.000,2024-07-07 04:04:54.759
BTC,BUY,0.0008,9330001.000,2024-07-07 04:05:02.099
BTC,SELL,0.0200,9330800.000,2024-07-07 04:05:43.267
BTC,SELL,0.0200,9330800.000,2024-07-07 04:05:43.267
BTC,SELL,0.0001,9336016.000,2024-07-07 04:06:05.215
BTC,SELL,0.0099,9336016.000,2024-07-07 04:06:05.381
BTC,SELL,0.0700,9336016.000,2024-07-07 04:06:05.381
BTC,SELL,0.0010,9336016.000,2024-07-07 04:06:05.381
BTC,SELL,0.0960,9335914.000,2024-07-07 04:06:05.381
BTC,SELL,0.0100,9335815.000,2024-07-07 04:06:05.381
BTC,SELL,0.0093,9335815.000,2024-07-07 04:06:05.381
BTC,SELL,0.0001,9335815.000,2024-07-07 04:06:05.381
BTC,BUY,0.0019,9336017.000,2024-07-07 04:06:05.473
BTC,BUY,0.0851,9336017.000,2024-07-07 04:06:05.473
BTC,SELL,0.0020,9330121.000,2024-07-07 04:06:05.845
BTC,SELL,0.0060,9330121.000,2024-07-07 04:06:05.881
BTC,SELL,0.0022,9330121.000,2024-07-07 04:06:06.161
BTC,SELL,0.0028,9330000.000,2024-07-07 04:06:06.161
BTC,SELL,0.0007,9330000.000,2024-07-07 04:06:07.376
BTC,SELL,0.0003,9330000.000,2024-07-07 04:06:10.809
BTC,SELL,0.0081,9330000.000,2024-07-07 04:06:16.284
BTC,SELL,0.0002,9330000.000,2024-07-07 04:06:16.284
BTC,SELL,0.0001,9329509.000,2024-07-07 04:06:16.284
BTC,SELL,0.0001,9328499.000,2024-07-07 04:06:17.908
BTC,SELL,0.0001,9327634.000,2024-07-07 04:06:17.908
BTC,SELL,0.0001,9325976.000,2024-07-07 04:06:17.908
BTC,SELL,0.0017,9323402.000,2024-07-07 04:06:17.908
BTC,SELL,0.0100,9325319.000,2024-07-07 04:06:33.749
BTC,BUY,0.0050,9327225.000,2024-07-07 04:06:37.513
BTC,BUY,0.0050,9327399.000,2024-07-07 04:06:37.513
BTC,BUY,0.0700,9328529.000,2024-07-07 04:06:38.145
BTC,BUY,0.0100,9329199.000,2024-07-07 04:06:38.145
BTC,BUY,0.0960,9329230.000,2024-07-07 04:06:38.145
BTC,BUY,0.0103,9329240.000,2024-07-07 04:06:38.145
BTC,SELL,0.0100,9326020.000,2024-07-07 04:06:39.241
BTC,BUY,0.0001,9339998.000,2024-07-07 04:07:15.846
BTC,BUY,0.0500,9335500.000,2024-07-07 04:08:09.197
BTC,BUY,0.0015,9326648.000,2024-07-07 04:10:18.071
BTC,BUY,0.0005,9326600.000,2024-07-07 04:11:01.177
BTC,SELL,0.0001,9320359.000,2024-07-07 04:12:42.461
BTC,BUY,0.0106,9320673.000,2024-07-07 04:12:48.920
BTC,BUY,0.0204,9324245.000,2024-07-07 04:12:48.920
BTC,BUY,0.0001,9322150.000,2024-07-07 04:13:03.550
BTC,BUY,0.0002,9320550.000,2024-07-07 04:13:46.171
BTC,BUY,0.0020,9322042.000,2024-07-07 04:14:23.653
BTC,SELL,0.0035,9320001.000,2024-07-07 04:15:22.338
BTC,BUY,0.1000,9323550.000,2024-07-07 04:16:17.487
BTC,BUY,0.1000,9323550.000,2024-07-07 04:16:17.487
BTC,SELL,0.0003,9320000.000,2024-07-07 04:16:53.846
BTC,SELL,0.0050,9320000.000,2024-07-07 04:16:53.846
BTC,SELL,0.0002,9320000.000,2024-07-07 04:16:53.846
BTC,SELL,0.0045,9318152.000,2024-07-07 04:16:53.846
BTC,BUY,0.0653,9324865.000,2024-07-07 04:17:33.869
BTC,BUY,0.0100,9324959.000,2024-07-07 04:17:33.869
BTC,BUY,0.0700,9324959.000,2024-07-07 04:17:33.869
BTC,BUY,0.0125,9324960.000,2024-07-07 04:17:33.869
BTC,BUY,0.0042,9325629.000,2024-07-07 04:17:33.869
BTC,BUY,0.0200,9326318.000,2024-07-07 04:17:33.869
BTC,BUY,0.0017,9327090.000,2024-07-07 04:17:33.869
BTC,BUY,0.0163,9328184.000,2024-07-07 04:17:33.869
BTC,SELL,0.0002,9320257.000,2024-07-07 04:17:33.977
BTC,SELL,0.0001,9314486.000,2024-07-07 04:18:56.067
BTC,SELL,0.0020,9314486.000,2024-07-07 04:19:02.985
BTC,BUY,0.0700,9319498.000,2024-07-07 04:19:08.142
BTC,BUY,0.0125,9326400.000,2024-07-07 04:19:08.142
BTC,BUY,0.1175,9326940.000,2024-07-07 04:19:08.142
BTC,SELL,0.0001,9318798.000,2024-07-07 04:19:20.687
BTC,SELL,0.0001,9318798.000,2024-07-07 04:19:40.391
BTC,SELL,0.0001,9318798.000,2024-07-07 04:19:52.063
BTC,SELL,0.0001,9318798.000,2024-07-07 04:20:05.103
BTC,BUY,0.1000,9320600.000,2024-07-07 04:20:22.854
BTC,BUY,0.1000,9320600.000,2024-07-07 04:20:22.854
BTC,BUY,0.0010,9320599.000,2024-07-07 04:20:23.700
BTC,SELL,0.0002,9318798.000,2024-07-07 04:20:26.150
BTC,BUY,0.0100,9320100.000,2024-07-07 04:20:40.153
BTC,SELL,0.0020,9318798.000,2024-07-07 04:20:42.931
BTC,BUY,0.0001,9323100.000,2024-07-07 04:20:54.990
BTC,SELL,0.0116,9320284.000,2024-07-07 04:21:09.658
BTC,BUY,0.0001,9318860.000,2024-07-07 04:21:13.297
BTC,BUY,0.0001,9318860.000,2024-07-07 04:21:40.453
BTC,BUY,0.0001,9318860.000,2024-07-07 04:21:53.049
BTC,BUY,0.0100,9318860.000,2024-07-07 04:21:56.320
BTC,BUY,0.0090,9318860.000,2024-07-07 04:22:02.609
BTC,SELL,0.0001,9321231.000,2024-07-07 04:22:10.084
BTC,BUY,0.0110,9324357.000,2024-07-07 04:22:11.717
BTC,SELL,0.0020,9321300.000,2024-07-07 04:23:32.700
BTC,SELL,0.0001,9321520.000,2024-07-07 04:23:37.025
BTC,SELL,0.0020,9328960.000,2024-07-07 04:26:19.725
BTC,SELL,0.0020,9327550.000,2024-07-07 04:26:29.615
BTC,SELL,0.0050,9327450.000,2024-07-07 04:26:56.259
BTC,SELL,0.0030,9327151.000,2024-07-07 04:27:09.857
BTC,SELL,0.0020,9328000.000,2024-07-07 04:27:26.450
BTC,BUY,0.0002,9331339.000,2024-07-07 04:27:34.891
BTC,SELL,0.0268,9329650.000,2024-07-07 04:28:23.669
BTC,SELL,0.0001,9331338.000,2024-07-07 04:29:21.069
BTC,SELL,0.0099,9331338.000,2024-07-07 04:29:21.590
BTC,SELL,0.1000,9331338.000,2024-07-07 04:29:21.590
BTC,SELL,0.1000,9331338.000,2024-07-07 04:29:21.590
BTC,SELL,0.0700,9331338.000,2024-07-07 04:29:21.590
BTC,SELL,0.0001,9331280.000,2024-07-07 04:29:21.590
BTC,SELL,0.0001,9331300.000,2024-07-07 04:29:32.148
BTC,SELL,0.0001,9331300.000,2024-07-07 04:29:44.105
BTC,SELL,0.0001,9331338.000,2024-07-07 04:29:54.814
BTC,BUY,0.0001,9331339.000,2024-07-07 04:30:49.028
BTC,SELL,0.0020,9330000.000,2024-07-07 04:31:13.771
BTC,SELL,0.0080,9330000.000,2024-07-07 04:31:17.331
BTC,BUY,0.0001,9329099.000,2024-07-07 04:31:29.626
BTC,SELL,0.0005,9320576.000,2024-07-07 04:31:32.737
BTC,SELL,0.0020,9320000.000,2024-07-07 04:31:49.609
BTC,SELL,0.0009,9320000.000,2024-07-07 04:33:18.995
BTC,SELL,0.0025,9320000.000,2024-07-07 04:33:30.317
BTC,SELL,0.0009,9315000.000,2024-07-07 04:33:35.731
BTC,BUY,0.1000,9316400.000,2024-07-07 04:33:50.715
BTC,BUY,0.0026,9316449.000,2024-07-07 04:33:50.715
BTC,BUY,0.0700,9316449.000,2024-07-07 04:33:50.715
BTC,BUY,0.0274,9316450.000,2024-07-07 04:33:50.715
BTC,SELL,0.0001,9315000.000,2024-07-07 04:34:17.664
BTC,SELL,0.0010,9312877.000,2024-07-07 04:34:17.664
BTC,BUY,0.0645,9319849.000,2024-07-07 04:34:59.758
BTC,BUY,0.1000,9319850.000,2024-07-07 04:34:59.758
BTC,BUY,0.0355,9319850.000,2024-07-07 04:34:59.758
BTC,SELL,0.0019,9314560.000,2024-07-07 04:35:55.602
BTC,BUY,0.0500,9319292.000,2024-07-07 04:36:00.027
BTC,SELL,0.0001,9311321.000,2024-07-07 04:36:28.734
BTC,BUY,0.1000,9315800.000,2024-07-07 04:36:40.064
BTC,BUY,0.1000,9315800.000,2024-07-07 04:36:40.064
BTC,BUY,0.0010,9315450.000,2024-07-07 04:37:11.292
BTC,SELL,0.0020,9311840.000,2024-07-07 04:38:16.618
BTC,BUY,0.0001,9314900.000,2024-07-07 04:38:18.587
BTC,SELL,0.0100,9311297.000,2024-07-07 04:38:22.078
BTC,SELL,0.0100,9311297.000,2024-07-07 04:38:22.355
BTC,BUY,0.0001,9314900.000,2024-07-07 04:38:46.513
BTC,SELL,0.0200,9311296.000,2024-07-07 04:38:53.862
BTC,SELL,0.0100,9311296.000,2024-07-07 04:38:53.866
BTC,SELL,0.0100,9311111.000,2024-07-07 04:38:57.171
BTC,BUY,0.0001,9314900.000,2024-07-07 04:39:00.444
BTC,BUY,0.0005,9314200.000,2024-07-07 04:39:22.188
BTC,SELL,0.0001,9310004.000,2024-07-07 04:39:22.923
BTC,SELL,0.0003,9310000.000,2024-07-07 04:39:22.923
BTC,SELL,0.0001,9310000.000,2024-07-07 04:39:22.923
BTC,SELL,0.0001,9310000.000,2024-07-07 04:39:22.923
BTC,SELL,0.0001,9310000.000,2024-07-07 04:39:22.923
BTC,SELL,0.0002,9310000.000,2024-07-07 04:39:22.923
BTC,SELL,0.0011,9307040.000,2024-07-07 04:39:22.923
BTC,SELL,0.0050,9306954.000,2024-07-07 04:39:35.212
BTC,BUY,0.0001,9310350.000,2024-07-07 04:41:29.649
BTC,BUY,0.0049,9310350.000,2024-07-07 04:41:49.778
BTC,BUY,0.0001,9313647.000,2024-07-07 04:41:49.778
BTC,BUY,0.0010,9311950.000,2024-07-07 04:42:25.450
BTC,BUY,0.0005,9315750.000,2024-07-07 04:43:32.007
BTC,SELL,0.0033,9310000.000,2024-07-07 04:43:46.612
BTC,SELL,0.0167,9309992.000,2024-07-07 04:43:46.612
BTC,SELL,0.0133,9309992.000,2024-07-07 04:43:46.615
BTC,BUY,0.1000,9308050.000,2024-07-07 04:45:34.842
BTC,BUY,0.0300,9308141.000,2024-07-07 04:45:34.842
BTC,BUY,0.0199,9308668.000,2024-07-07 04:45:34.842
BTC,BUY,0.0001,9310304.000,2024-07-07 04:45:34.842
BTC,SELL,0.0100,9304663.000,2024-07-07 04:46:15.714
BTC,SELL,0.0100,9304661.000,2024-07-07 04:46:15.714
BTC,SELL,0.0029,9301000.000,2024-07-07 04:46:48.830
BTC,SELL,0.0100,9301001.000,2024-07-07 04:47:12.099
BTC,SELL,0.0021,9301000.000,2024-07-07 04:47:55.171
BTC,SELL,0.0003,9300000.000,2024-07-07 04:47:55.171
BTC,SELL,0.0076,9300000.000,2024-07-07 04:47:55.171
BTC,SELL,0.0004,9300000.000,2024-07-07 04:47:55.195
BTC,SELL,0.0002,9300000.000,2024-07-07 04:47:55.195
BTC,SELL,0.0001,9300000.000,2024-07-07 04:47:55.195
BTC,SELL,0.0011,9300000.000,2024-07-07 04:47:55.195
BTC,SELL,0.0006,9300000.000,2024-07-07 04:47:55.195
BTC,SELL,0.0005,9300000.000,2024-07-07 04:47:55.195
BTC,SELL,0.0071,9300000.000,2024-07-07 04:47:55.195
BTC,SELL,0.0049,9300000.000,2024-07-07 04:47:55.274
BTC,SELL,0.0100,9300000.000,2024-07-07 04:47:55.274
BTC,SELL,0.0001,9300000.000,2024-07-07 04:47:55.274
BTC,SELL,0.0020,9300000.000,2024-07-07 04:47:55.274
BTC,SELL,0.0500,9300000.000,2024-07-07 04:47:55.274
BTC,SELL,0.0020,9300000.000,2024-07-07 04:47:55.274
BTC,SELL,0.0001,9300000.000,2024-07-07 04:47:55.274
BTC,SELL,0.0025,9300000.000,2024-07-07 04:47:55.274
BTC,SELL,0.0001,9300000.000,2024-07-07 04:47:55.274
BTC,SELL,0.0010,9300000.000,2024-07-07 04:47:55.274
BTC,SELL,0.0001,9300000.000,2024-07-07 04:47:55.274
BTC,SELL,0.0010,9300000.000,2024-07-07 04:47:55.274
BTC,SELL,0.0001,9300000.000,2024-07-07 04:47:55.274
BTC,SELL,0.0010,9300000.000,2024-07-07 04:47:55.274
BTC,SELL,0.0050,9300000.000,2024-07-07 04:47:55.274
BTC,SELL,0.0001,9300000.000,2024-07-07 04:47:55.274
BTC,SELL,0.0001,9300000.000,2024-07-07 04:48:05.703
BTC,SELL,0.0001,9300000.000,2024-07-07 04:48:05.703
BTC,SELL,0.0005,9300000.000,2024-07-07 04:48:05.703
BTC,SELL,0.0001,9300000.000,2024-07-07 04:48:05.703
BTC,SELL,0.0002,9300000.000,2024-07-07 04:48:05.703
BTC,SELL,0.0020,9300000.000,2024-07-07 04:48:05.703
BTC,SELL,0.0002,9300000.000,2024-07-07 04:48:05.703
BTC,SELL,0.0100,9299500.000,2024-07-07 04:48:05.703
BTC,SELL,0.0068,9298960.000,2024-07-07 04:48:05.703
BTC,BUY,0.0100,9300349.000,2024-07-07 04:48:50.344
BTC,BUY,0.0500,9300350.000,2024-07-07 04:48:50.344
BTC,BUY,0.0900,9300350.000,2024-07-07 04:48:50.344
BTC,SELL,0.0100,9298766.000,2024-07-07 04:50:11.371
BTC,SELL,0.0100,9298766.000,2024-07-07 04:50:23.540
BTC,BUY,0.0200,9298767.000,2024-07-07 04:50:24.697
BTC,BUY,0.0500,9298767.000,2024-07-07 04:50:24.697
BTC,BUY,0.0200,9298767.000,2024-07-07 04:50:24.697
BTC,BUY,0.1000,9299000.000,2024-07-07 04:50:24.697
BTC,SELL,0.0020,9298766.000,2024-07-07 04:50:43.061
BTC,SELL,0.0100,9298766.000,2024-07-07 04:50:43.952
BTC,SELL,0.0080,9298766.000,2024-07-07 04:50:44.020
BTC,SELL,0.0059,9298765.000,2024-07-07 04:50:44.020
BTC,SELL,0.0041,9298765.000,2024-07-07 04:50:44.252
